3185 5138
645 550 1705 647 METAMORPHQSEON
1761 558 1964 623 Lm.
2020 560 2211 626 ΧΠ.

2375 564 2502 627 353

370 699 522 770 Jam
558 695 759 768 timor
791 692 902 767 ille
933 694 1305 795 Phrygum,
1345 692 1543 769 decus
1581 712 1648 768 et
1681 693 1884 767 tutela
1921 695 2181 794 Pelasgi

371 811 709 899 Nominis,
749 809 1051 884 AEacides
1074 867 1093 898 ‚
1128 828 1328 910 caput
1354 808 1797 911 insuperabile
1829 810 2043 898 bello,

372 930 648 1002 Arserat
674 958 690 1001 ε
719 944 1000 1001 armarat
1032 927 1217 999 Deus
1249 925 1422 999 idem
1444 981 1463 1012 ‚
1501 925 1808 1025 idemque
1845 947 2185 1002 cremarat.

293 1116 308 1125 .
374 1048 522 1120 Jam
563 1045 729 1119 cinis
760 1063 896 1133 est,
934 1062 999 1118 et
1032 1043 1111 1117 de
1147 1062 1279 1116 tam
1315 1072 1553 1139 magno
1589 1061 1794 1117 restat
1827 1043 2086 1117 Achille

2402 1072 2501 1123 615

375 1164 613 1238 Nescio
649 1162 847 1264 quid,
881 1190 1144 1262 parvam
1178 1161 1360 1263 quod
1391 1190 1529 1234 non
1560 1162 1730 1235 bene
1764 1162 2093 1264 compleat
2121 1194 2373 1241 urnam.

372 1279 467 1351 At
505 1277 700 1363 vivit,
739 1294 951 1350 totum
985 1304 1130 1378 quae
1168 1274 1373 1371 gloria
1409 1275 1740 1376 compleat
1771 1276 2038 1351 orbem:

377 1393 533 1466 Haec
569 1388 666 1463 illi
702 1418 1006 1465 mensura
1040 1389 1183 1462 viro
1222 1388 1618 1489 respondet,
1657 1406 1724 1463 ct
1749 1389 1871 1463 hac
1907 1408 2009 1465 est

375 1506 505 1578 Par
532 1505 662 1578 sibi
694 1503 996 1592 Pelides;
1032 1531 1154 1577 nec
1186 1503 1406 1577 inania
1440 1504 1716 1577 Tartara
1755 1504 1977 1577 sentit.

376 1625 529 1724 Ipse
560 1623 754 1697 etiam
776 1679 794 1712 ,
833 1639 947 1710 ut,
983 1621 1169 1721 cujus
1203 1621 1438 1709 fuerit,
1476 1648 1872 1719 cognoscere
1907 1623 2160 1724 possiS‚

376 1841 499 1876 eum
513 1841 618 1892 prae
631 1842 958 1892 cespernere.
976 1821 1081 1876 Sed
1101 1833 1154 1876 et
1169 1825 1394 1876 Amazo-

377 1920 509 1954 num
527 1900 773 1953 auxilium
796 1911 911 1970 post
931 1902 1154 1954 Homer.
1175 1920 1202 1954 a
1229 1903 1394 1970 poetis

380 1989 667 2032 assumtum
712 1980 767 2032 in
809 1977 928 2031 belli
961 1978 1182 2047 Troiani
1219 1977 1392 2032 histo-

381 2058 513 2110 riam
536 2080 548 2121 ;
573 2057 691 2111 vide
717 2057 991 2130 Heynium
1013 2057 1074 2110 ad
1093 2058 1238 2128 Virg.
1263 2058 1313 2111 d.
1331 2060 1361 2113 Ι.

447 2136 560 2203 614.
575 2139 801 2189 Arserat.
821 2135 902 2188 De
921 2136 1281 2189 combustione
1300 2137 1395 2191 bac

382 2212 500 2266 vide
535 2214 833 2267 Homerum
859 2253 873 2276 ‚
912 2211 1020 2265 od.
1049 2222 1100 2266 Ω.
1125 2252 1140 2279 ,
1182 2218 1240 2279 57
1266 2232 1394 2281 sqq3

388 2291 658 2361 Quintum
699 2291 810 2346 Cal.
851 2291 950 2344 111.
974 2319 1040 2331 -
1065 2291 1395 2360 Ineptissimo

385 2389 564 2423 rursus
596 2369 791 2438 ingenii
826 2369 941 2421 lusu
971 2367 1194 2419 maculat
1223 2367 1396 2420 locum

380 2448 795 2518 pulcherrimum
823 2467 836 2501 ε
860 2453 1087 2499 armarat
1104 2449 1226 2499 deus
1238 2450 1368 2499 Idem
1381 2487 1394 2508 ,

382 2530 605 2596 idemque
625 2536 891 2588 cremarat,
921 2544 1112 2594 nempe
1130 2525 1398 2581 Vulcanus

384 2625 529 2660 arma
560 2607 673 2674 ejus
695 2605 1068 2670 fabricaverat,
1106 2615 1159 2657 et
1191 2603 1397 2680 Vulcass

384 2704 485 2738 nus
500 2724 515 2751 ,
540 2683 638 2738 boc
655 2694 731 2737 est
747 2723 760 2748 ,
783 2682 914 2753 ignis
931 2721 946 2749 ,
970 2701 1158 2752 corpus
1173 2683 1285 2749 ejus
1307 2683 1400 2736 ab-

382 2772 669 2826 sumserat3
699 2761 998 2825 Homerus,
1026 2757 1075 2810 d.
1099 2759 1129 2811 l.
1151 2779 1282 2812 vers.
1303 2779 1358 2829 7¹
1379 2798 1397 2827 ‚

387 2850 435 2897 σι’
462 2846 570 2917 ἷλόξ
596 2849 752 2904 ἤνυσεν
775 2828 1041 2909 ἑφαίστοιο.

448 2920 563 2975 6ι5.
588 2921 731 2972 Ce'm‘s
743 2929 822 2972 est
834 2929 923 2972 aut
938 2922 1070 2971 ct'mlr
1087 2921 1300 2986 exiguus
1307 2916 1403 2980 ja-

383 3008 492 3060 cet,
531 2997 782 3052 sollemne
809 2996 872 3049 de
897 3007 1109 3049 mortuo
1128 3035 1143 3063 ,
1178 2994 1266 3049 sed
1294 2993 1344 3046 h.
1369 2989 1416 3047 l.⁶

387 3094 575 3146 magna
599 3096 722 3131 cum
749 3075 797 3127 vi
832 3084 948 3145 post
977 3073 1246 3144 superiora
1279 3072 1361 3125 illa
1383 3110 1399 3139 ,

382 3161 533 3209 tz'mor
548 3159 635 3208 e’lle
658 3157 907 3226 Phrygum
929 3163 1023 3206 etc.
1047 3163 1100 3205 et
1122 3155 1173 3206 π’
1194 3157 1404 3218 exiguus

385 3231 627 3301 praeclare
649 3233 721 3285 sic
744 3240 993 3298 exornat,
1019 3233 1080 3283 de
1094 3241 1199 3284 tam
1224 3248 1405 3297 magno

385 3319 544 3362 restat
563 3310 770 3363 Achille
784 3312 969 3363 Nescio
987 3311 1129 3376 quid,
1156 3307 1403 3376 particula

385 3386 634 3451 minima,
667 3398 720 3440 et
742 3387 821 3439 vix
844 3386 1095 3440 sensibilis
1115 3425 1128 3453 ,
1152 3389 1292 3454 quod
1303 3405 1405 3440 non

389 3466 510 3515 bene
533 3463 818 3532 (exquisite
850 3482 945 3531 pro
962 3503 977 3530 ‚
1011 3483 1120 3516 non
1158 3482 1368 3533 prorsus
1386 3503 1403 3532 ,

391 3541 497 3592 n'on
514 3538 666 3608 plane
684 3541 704 3603 )
720 3559 896 3591 umam
911 3544 1169 3608 compleat.
1193 3541 1298 3593 Pro
1316 3561 1408 3593 nc-

390 3623 499 3671 sct'o
531 3620 657 3685 quid
671 3658 683 3676 ,
706 3637 916 3685 parvam
942 3622 1080 3686 quod
1100 3629 1196 3670 etc.
1221 3638 1406 3673 omnes

389 3692 498 3747 sere
521 3693 636 3747 libri
652 3693 825 3763 scripti
846 3695 1102 3764 (exceptis
1124 3694 1298 3765 Regiis
1315 3714 1407 3747 no·

390 3772 537 3838 stris)
575 3771 769 3824 habent
806 3777 977 3825 nescio
1019 3777 1145 3840 quid
1161 3792 1370 3839 parvum
1387 3814 1403 3837 ,

389 3857 528 3920 quod
539 3861 635 3903 etc..
654 3860 850 3903 mutata
869 3847 1217 3903 distinctione.
1234 3854 1408 3903 Parve

393 3938 569 3980 autem
593 3937 647 3980 et
668 3926 820 3981 exiles
842 3947 950 3980 esse
971 3927 1208 3980 solebant
1227 3947 1372 3981 urnae
1389 3968 1404 3995 ‚

394 4017 451 4058 ut
476 4016 689 4075 apparet
712 4025 772 4057 ex
799 4005 857 4058 iis
879 4045 894 4071 ‚
931 4024 1047 4074 quae
1076 4006 1235 4058 etiam
1265 4025 1408 4059 nunc

393 4094 690 4154 supersunt.
720 4084 1004 4138 Praeiverat
1033 4084 1227 4137 Nostro
1260 4085 1406 4136 Pro-

393 4163 589 4235 pertius
601 4202 616 4229 ‚
635 4162 717 4227 11,
735 4178 818 4214 v11
832 4202 846 4228 ‚
865 4166 922 4214 51
943 4202 957 4228 ,
974 4162 1060 4213 ubi
1075 4161 1265 4214 Briseis
1278 4166 1416 4213 tanti

391 4261 568 4309 corpus
583 4242 817 4295 Achillei
833 4242 1159 4308 Maximeque
1179 4243 1231 4291 e’n
1245 4258 1409 4306 parva

392 4325 598 4376 sustulit
619 4339 741 4373 ossa
766 4338 945 4387 manu5
978 4329 1029 4373 et
1056 4319 1164 4384 IV,
1194 4334 1281 4384 xl,
1315 4321 1372 4386 14
1389 4357 1404 4386 ‚

581 4422 718 4489 JV.

2405 1648 2508 1699 620

1489 1821 1579 1875 ubi
1602 1821 1800 1892 sepulta
1825 1821 2075 1876 Cornelia
2093 1863 2106 1890 ,
2134 1832 2407 1894 postquam
2427 1823 2507 1878 di-

1491 1901 1743 1969 gnitatem
1778 1921 1926 1953 suam
1962 1901 2090 1954 nihil
2120 1902 2214 1955 sibi
2249 1901 2503 1972 profuisse

1491 1992 1673 2050 questa
1691 1992 1768 2035 est
1785 2022 1799 2048 ‚
1823 1982 1966 2036 addit
1983 2006 1996 2036 a
2017 1985 2098 2035 Ea
2114 1981 2130 2036 ,Ι
2148 2003 2258 2036 sum
2272 1989 2409 2052 quod
2423 1988 2508 2037 di-

1487 2064 1611 2124 gitis
1632 2065 1846 2127 quinque
1866 2063 2058 2111 levatur
2076 2080 2215 2112 onus.
2246 2060 2351 2113 Sed
2374 2081 2507 2131 pue-—

1492 2136 1659 2189 riliter
1681 2136 2034 2204 gravissimam
2056 2139 2369 2191 sententiam
2401 2149 2509 2192 tra-

1494 2212 1856 2264 ctavitSenec.
1882 2213 2039 2263 Herc.
2061 2213 2172 2265 (Εἰ.
2190 2233 2258 2265 vs.
2286 2218 2407 2283 1758
2419 2235 2510 2285 sq:

1495 2309 1521 2333 e«
1547 2289 1685 2339 Tam
1710 2308 1898 2359 parvus
1924 2290 2051 2342 cinis
2077 2291 2368 2345 Herculeus
2394 2304 2507 2358 est;

1492 2384 1518 2409 ›-
1546 2364 1647 2417 huc
1670 2362 1753 2416 ille
1780 2364 2010 2417 decrevit
2036 2366 2190 2436 gigas.
2208 2367 2260 2421 Ο
2280 2381 2505 2439 quanta,

1492 2461 1520 2487 x
1547 2441 1707 2495 Titan
1725 2481 1739 2507 ‚
1762 2441 1813 2494 in
1833 2442 1962 2495 nihil
1978 2444 2141 2498 moles
2163 2446 2268 2500 abit
2283 2448 2293 2496 !
2308 2484 2320 2497 .
2334 2488 2345 2499 .
2359 2488 2370 2500 .
2388 2467 2507 2503 ecce

1494 2537 1523 2562 κ
1549 2518 1630 2569 vix
1649 2529 1811 2572 totam
1828 2520 2083 2576 Hercules
2099 2520 2399 2592 Complevit
2418 2546 2510 2581 ur·-

1495 2614 1522 2640 »
1554 2601 1678 2646 narn
1699 2618 1712 2659 ;
1731 2616 1888 2665 quam
1908 2598 2018 2652 leve
2036 2611 2113 2653 est
2126 2601 2333 2669 pondus
2348 2603 2478 2657 mihi
2492 2645 2508 2672 ‚

1493 2689 1522 2717 v·
1554 2671 1658 2725 Cui
1692 2683 1830 2727 totus
1854 2676 2018 2730 aetber
2047 2678 2251 2747 pondus
2272 2680 2510 2736 incubuit

1497 2770 1525 2796 υ
1551 2749 1726 2803 leve.»
1763 2751 1973 2808 Achillis
2001 2757 2200 2812 cineres
2226 2760 2349 2812 vino
2375 2781 2507 2814 con-

1493 2847 1697 2900 spersos
1717 2842 1769 2885 et
1787 2845 2061 2901 unguento
2075 2834 2259 2890 Thetis
2276 2838 2512 2894 condidit

1496 2909 1548 2961 in
1587 2928 1719 2962 urna
1740 2950 1755 2976 ‚
1793 2931 1951 2980 quam
1976 2953 1991 2980 ,
2022 2915 2243 2969 Vulcani
2279 2938 2443 2988 opus,
2482 2940 2513 2975 a

1493 2985 1703 3039 Baccho
1725 3001 1990 3066 acceperat
2012 3010 2025 3043 ε
2053 2993 2214 3046 Hom.
2242 2995 2290 3048 d.
2315 2998 2348 3051 Ι.

1560 3064 1674 3130 617.
1698 3066 1779 3118 A!
1792 3073 1938 3124 υίνίΙ.
1971 3079 2129 3123 tolum
2144 3092 2251 3140 qua·
2268 3085 2364 3129 etc.
2389 3078 2512 3131 Non

1497 3141 1673 3196 minus
1694 3143 1828 3197 bene
1851 3151 2122 3216 sequentia
2147 3150 2211 3203 de
2240 3152 2402 3223 gloria
2430 3155 2517 3209 di-

1494 3231 1591 3274 cta.
1610 3249 1678 3261 —-
1700 3225 2011 3292 Respondet,
2043 3247 2273 3299 congrua
2301 3244 2378 3284 est
2402 3233 2515 3286 viro

1496 3300 1581 3354 illi.
1601 3330 1665 3342 —-·
1682 3304 1825 3367 Hac,
1854 3305 1917 3358 ab
1944 3306 2037 3361 bac
2061 3320 2223 3378 parte.
2240 3339 2306 3350 —
2328 3316 2518 3367 luania

1508 3381 1724 3433 Tartara
1743 3401 1846 3435 non
1874 3391 2051 3447 sentit,
2090 3405 2363 3456 nunquam
2398 3409 2517 3444 mo-

1499 3458 1681 3510 rietur.
1704 3486 1769 3498 —
1785 3460 1946 3514 Hunc
1968 3463 2138 3516 locum
2158 3465 2228 3517 ita
2245 3486 2273 3518 e
2293 3469 2517 3538 vestigiis

1497 3536 1740 3591 codicum
1756 3540 2021 3592 constituit
2046 3542 2294 3597 Heinsius
2313 3583 2328 3609 ‚
2356 3566 2516 3615 quem

1502 3611 1619 3666 vide
1642 3614 1706 3666 ad
1733 3611 1949 3667 Heroid.
1976 3616 2080 3669 XX
2100 3657 2115 3683 ‚
2138 3620 2217 3670 62.
2248 3620 2310 3673 ln
2339 3622 2516 3693 Regiis

1500 3693 1691 3744 nostris
1719 3691 1913 3762 legitur
1933 3695 2040 3746 Par
2062 3699 2190 3759 tibi,
2229 3717 2339 3751 non
2378 3701 2513 3755 male

1501 3789 1597 3839 per
1629 3770 1977 3841 apostrophen
2010 3795 2023 3838 ;
2072 3772 2163 3826 sed
2207 3795 2357 3831 voces
2404 3799 2516 3834 non

1501 3849 1855 3914 concordant;
1891 3850 1991 3922 legi
2024 3853 2167 3907 enim
2193 3854 2412 3910 deberet
2434 3877 2447 3910 ε
2468 3869 2525 3912 e!

1501 3932 1602 3981 bac
1621 3946 1676 3978 es
1699 3931 1804 3981 Par
1825 3933 1947 3992 tibi,
1988 3933 2161 3986 Pele'de
2179 3975 2193 3997 ,
2221 3955 2314 3989 acc
2340 3942 2520 3991 titania

1513 4008 1729 4059 Tartara
1752 4013 1922 4059 senleir.
1949 4007 2047 4061 Ed.

1568 4085 1682 4136 620.
1711 4085 2013 4150 cognoscem
2033 4088 2103 4142 sic
2122 4091 2279 4144 etiam
2295 4092 2517 4148 Heroid.

1504 4161 1585 4214 lx
1604 4200 1620 4227 ‚
1645 4165 1753 4227 151,
1778 4164 1827 4214 T
1819 4183 1852 4214 u
1869 4184 2053 4233 quoquc
2064 4186 2332 4236 cognosces
2344 4177 2397 4224 122
2410 4193 2514 4236 me,

1503 4243 1758 4310 Mela-agre
1774 4284 1786 4302 ,
1821 4263 2069 4313 sororem,·
2099 4260 2153 4303 et
2180 4252 2314 4321 apud
2340 4253 2377 4306 J
2379 4255 2520 4307 usti-

1505 4337 1635 4372 num
1652 4359 1667 4389 ‚
1693 4320 1843 4390 XIV,
1869 4338 1927 4376 Vl
1944 4363 1959 4393 ‚
1993 4345 2043 4378 u
2062 4366 2077 4395 ‚
2104 4330 2519 4386 ulAlexandrum

2115 4433 2196 4494 23
