3185 5138
750 505 879 573 512

1292 446 1371 567 Ρ.
1437 501 1806 570 ovrun
1858 500 2329 571 NAsoms

748 640 1097 741 Adspicis,
1126 639 1337 714 aetatis
1372 660 1790 741 peragentem
1822 641 2186 716 imitamina
2216 659 2460 717 nostrae
2488 644 2521 718 ?

745 760 917 833 Nam
953 774 1165 845 tener,
1202 773 1269 828 et
1301 754 1585 845 lactem,
1625 758 1945 860 puerique
1978 757 2520 833 simillimus-aevo

747 874 919 947 Vere
951 902 1129 947 novo
1162 892 1263 948 est
1292 902 1306 944 :
1344 890 1502 947 tunc
1532 874 1741 947 herba
1774 874 2031 962 nitens,
2070 891 2134 947 et
2168 873 2431 948 roboris
2462 902 2700 975 expers

745 991 1000 1085 Turget
1020 1047 1041 1079 ‚
1076 1007 1144 1064 et
1172 989 1454 1064 insolida
1484 1008 1585 1064 est
1606 1049 1625 1079 ,
1661 1009 1726 1064 et
1759 1019 1875 1091 spe
1912 989 2197 1064 delectat
2225 1009 2564 1086 agrestem.

748 1108 995 1184 Omnia
1023 1126 1163 1182 tum
1193 1108 1472 1195 florent;
1506 1108 1877 1209 florumque
1906 1106 2244 1183 coloribus
2274 1107 2487 1184 almus

748 1226 949 1301 Ridet
977 1252 1176 1321 ager3
1210 1252 1427 1326 neque
1462 1223 1679 1299 adhuc
1709 1224 1919 1298 virtus
1949 1225 2019 1297 in
2053 1224 2406 1299 frondibus
2440 1223 2576 1299 ulla
2607 1241 2733 1298 est.
2791 1247 2899 1298 205

746 1343 1020 1417 Transit
1051 1343 1122 1415 in
1155 1358 1441 1415 aestatem
1469 1357 1628 1441 post
1657 1370 1807 1428 ver,
1843 1340 2185 1415 robustior
2211 1369 2426 1416 annus
2445 1397 2466 1430 ‚

744 1460 986 1560 Fitque
1019 1456 1241 1531 valens
1272 1456 1528 1556 juvenis
1557 1465 1819 1557 :neque
1851 1456 2036 1529 enim
2056 1456 2399 1531 robustior
2431 1475 2586 1532 aetas

747 1575 935 1664 Ulla,
966 1603 1086 1651 nec
1119 1575 1391 1649 uberior
1410 1630 1431 1663 ‚
1471 1602 1592 1649 nec
1625 1603 1769 1675 qnae
1801 1577 2010 1671 magis
2043 1591 2310 1663 aestuet,
2342 1573 2473 1649 ulla
2505 1592 2627 1650 est.

746 1693 1012 1794 Excipit
1044 1709 1437 1781 autumnu8‚
1470 1693 1696 1792 posito
1727 1693 1983 1765 fervore
2012 1693 2295 1789 juventae

745 1854 953 1924 spicuus
992 1851 1056 1905 de
1092 1861 1315 1921 quatuor
1354 1850 1481 1904 anni
1515 1850 1763 1919 partibus.

746 1929 1011 1985 venustas
1029 1941 1205 1983 autem
1224 1927 1346 1982 inde
1364 1939 1442 1981 est
1457 1968 1472 1995 ,
1494 1927 1634 1996 quod
1651 1928 1764 1997 epi·

745 2009 891 2063 theta
913 2018 969 2062 et
988 2007 1235 2061 attributa
1249 2047 1263 2071 ,
1284 2018 1390 2060 tam
1407 2024 1501 2075 per
1516 2015 1763 2059 naturam

741 2088 855 2153 rei,
880 2104 1037 2156 quam
1056 2104 1117 2137 ex
1136 2103 1232 2138 usu
1257 2081 1504 2152 loquendi
1528 2081 1761 2135 homini-

740 2166 839 2220 bus
875 2174 929 2218 et
962 2163 1149 2217 annuis
1187 2172 1341 2215 terre
1385 2159 1761 2215 mutationibus

741 2244 1071 2310 communia,
1099 2240 1164 2294 ad
1186 2260 1385 2295 annum
1409 2240 1609 2310 ipsum,
1629 2250 1762 2293 tam-

745 2341 905 2391 quam
928 2319 992 2373 ad
1017 2337 1320 2389 personam,
1350 2316 1595 2371 translata
1620 2327 1760 2371 sunt.

746 2398 908 2455 Conf.
921 2396 1191 2451 Lucretius
1205 2436 1221 2463 ,
1236 2399 1308 2463 V,
1327 2395 1583 2466 735-74fi;
1606 2395 1759 2448 Clau·

740 2478 930 2532 dianus
949 2515 965 2542 ,
1002 2476 1027 2531 l
1054 2513 1069 2540 ‚
1115 2474 1349 2542 268-274
1369 2512 1385 2539 ,
1423 2484 1477 2527 et
1501 2493 1530 2527 e
1557 2473 1759 2526 Nostris

738 2555 1005 2611 zacharia
1027 2553 1082 2607 in
1098 2552 1340 2607 Partibus
1364 2550 1466 2605 diei
1492 2592 1508 2617 ,
1539 2571 1651 2622 pag.
1680 2572 1758 2606 ιο.

737 2634 983 2689 Breviter
1004 2631 1114 2685 bec
1142 2630 1399 2684 delineata
1423 2630 1580 2684 habes
1603 2649 1759 2700 supra

737 2711 828 2777 11,
858 2711 1053 2782 27-30,
1079 2720 1132 2763 et
1155 2708 1291 2777 apud
1318 2708 1632 2775 Horatium,
1655 2707 1754 2774 lv,

740 2789 848 2844 od.
862 2805 947 2841 vn
963 2829 979 2855 ,
1001 2788 1034 2840 6
1054 2806 1198 2856 seqq.
1220 2788 1525 2855 —Spece‘en
1551 2785 1759 2841 vicissi-

739 2866 950 2922 tudines
964 2866 1342 2918 annun—Pro
1363 2868 1626 2918 succedere
1642 2864 1760 2918 vul-

741 2962 808 3013 go
832 2944 858 3014 (
883 2952 937 2995 et
960 2943 1015 2994 in
1045 2941 1222 2995 codice
1258 2942 1426 3012 Regio
1453 2942 1536 3007 Β)
1569 2942 1760 3013 legitur

740 3023 980 3073 secedere.
1006 3019 1191 3070 Aaem
1227 3022 1452 3072 succedit
1481 3024 1536 3071 in
1568 3027 1761 3087 species

742 3107 954 3168 quatuor
963 3114 1059 3166 pro
1076 3094 1272 3164 vulgari
1287 3132 1303 3161 ,
1326 3095 1519 3164 species
1533 3108 1760 3165 quatuor

742 3175 867 3229 anni
890 3175 985 3228 sibi
1008 3173 1233 3227 invicem
1245 3172 1545 3227 succedunt.
1556 3202 1625 3216 —
1638 3180 1759 3229 Pet-

740 3263 964 3323 agentem
977 3256 1262 3306 inritamina
1271 3291 1285 3314 ,
1300 3250 1365 3303 ad
1379 3251 1725 3308 imitationem
1739 3294 1755 3321 ‚

744 3344 798 3386 et
817 3330 915 3385 hoc
937 3328 1069 3384 nihil
1086 3328 1225 3382 alind
1243 3327 1342 3383 nisi
1359 3327 1756 3384 similitudinem

746 3408 989 3463 declarat.

811 3506 924 3544 ποι.
956 3489 1119 3541 Tener
1134 3496 1188 3540 et
1206 3489 1401 3541 lactens
1420 3497 1527 3540 tam
1540 3485 1758 3541 infanti·

743 3566 860 3631 bus,
878 3584 1036 3634 qnam
1050 3564 1200 3619 novis
1212 3564 1387 3620 herbis
1401 3566 1722 3620 conveniunt
1739 3586 1754 3630 3

743 3646 927 3696 lactem
940 3643 1085 3696 enim
1108 3652 1184 3696 est
1199 3653 1253 3695 et
1266 3643 1342 3697 lac
1354 3662 1538 3712 sugere
1556 3654 1611 3697 et
1625 3641 1754 3695 lacte

744 3721 960 3792 pienum
986 3723 1379 3782 essm—Herba,
1407 3739 1553 3791 seges
1575 3731 1756 3774 tenera

742 3810 796 3855 et
816 3818 951 3854 nova
970 3841 986 3868 ,
1026 3810 1086 3853 ut
1111 3818 1246 3869 sepe
1273 3799 1411 3868 apud
1441 3800 1719 3869 Virgilium
1737 3839 1753 3868 ,

742 3879 937 3948 Georg.
963 3878 989 3931 1
1008 3897 1023 3942 ς
1045 3876 1163 3930 vide
1188 3887 1244 3930 et
1264 3896 1419 3947 supra
1440 3878 1577 3931 vul
1600 3918 1615 3945 ,
1643 3899 1756 3951 ²9⁰·

740 3987 808 4002 -
827 3962 1028 4020 Ne‘tem,
1071 3966 1133 4011 ut
1164 3975 1287 4011 mox
1317 3960 1479 4009 n‘deae
1506 3967 1560 4010 et
1587 3960 1721 4026 γιλᾶν
1738 3997 1755 4024 ,

739 4036 1050 4107 frequenter
1072 4047 1128 4091 et
1148 4036 1417 4105 eleganter
1437 4035 1503 4090 de
1525 4036 1643 4090 loeto
1664 4055 1759 4090 co-

743 4114 852 4168 lore
871 4154 886 4182 ‚
904 4114 1235 4185 jucundaque
1251 4114 1383 4169 facie
1403 4114 1618 4183 frugum
1631 4154 1646 4181 ‚
1662 4113 1757 4167 flo-

742 4212 862 4246 rum
880 4231 894 4258 ,
919 4205 1189 4263 pratorum
1204 4193 1467 4261 dicuntur,
1492 4213 1657 4249 verno
1679 4195 1756 4248 in-

743 4271 924 4341 primis
938 4282 1189 4342 tempore.
1210 4273 1354 4329 Hinc
1373 4274 1600 4328 suaviter
1616 4271 1756 4342 apud

1862 1849 2108 1904 Plautum
2130 1891 2147 1918 ,
2175 1851 2333 1906 Truc.
2361 1850 2416 1906 11
2435 1891 2449 1916 ‚
2478 1855 2510 1919 4
2527 1891 2542 1917 ,
2575 1850 2642 1906 de
2668 1853 2883 1924 puella,

1868 1930 1969 1981 Ver
1988 1932 2116 1982 w'de.
2152 1930 2224 1980 U!
2243 1928 2537 1997 totafiooet!
2566 1931 2641 1982 U!
2657 1932 2794 1984 olel!
2823 1941 2889 1987 nl

1856 2008 2013 2059 nitide
2023 2009 2148 2059 nitet
2154 2004 2171 2059 .'
2187 2005 2305 2058 vide
2319 2006 2685 2060 Heinsinm.·-
2695 2010 2889 2076 Turget

1858 2081 2029 2135 lacteis
2042 2081 2378 2147 humoribusz
2395 2083 2580 2154 Virgil-
2596 2084 2792 2156 Genu-g.
2814 2086 2842 2140 1
2858 2125 2876 2153 ,

1856 2160 1914 2212 31
1925 2163 1954 2212 5
1970 2199 1985 2224 ‚
2014 2161 2277 2213 Flumenta
2291 2167 2346 2213 in
2367 2165 2525 2214 u're'di
2540 2167 2732 2229 stipula
2751 2167 2880 2217 lac-

1853 2241 2013 2288 tentia
2047 2247 2250 2305 turgent.
2266 2266 2332 2277 —
2348 2240 2580 2292 Insole'da
2593 2279 2608 2301 ‚
2648 2259 2758 2292 non
2784 2259 2879 2293 so-

1853 2312 1955 2367 lida
1973 2355 1988 2382 ,
2010 2315 2249 2379 infirma;
2277 2335 2412 2369 nnus
2434 2316 2708 2372 Mediceus
2728 2324 2877 2385 inve-

1850 2395 1976 2445 Ie‘da.
1987 2395 2157 2462 -ᾣι
2172 2397 2412 2456 delectat,
2440 2395 2586 2448 unde
2599 2416 2746 2466 seges
2767 2398 2875 2466 ipsa

1850 2490 1967 2540 spes
1977 2479 2109 2526 anm·
2117 2473 2267 2526 toties
2280 2485 2512 2540 vocatur,
2530 2475 2874 2545 quemadmo-

1851 2548 1980 2605 dum
2008 2550 2155 2623 pueri
2178 2569 2294 2619 spes
2314 2557 2553 2607 chitatelr.

1921 2633 2031 2683 205.
2049 2632 2203 2683 Ridet
2214 2650 2337 2699 ager
2354 2630 2532 2684 habuit
2549 2632 2797 2686 Heinsius
2809 2651 2875 2686 ex

1853 2724 1962 2759 uno
1983 2706 2222 2761 Leidensi
2242 2718 2293 2761 et
2320 2726 2430 2761 uno
2445 2707 2701 2762 vossiano
2720 2730 2735 2771 ς
2754 2709 2874 2778 pln-

1851 2785 2007 2852 rimi,
2040 2796 2094 2839 et
2124 2786 2273 2856 Regii
2302 2786 2459 2838 ambo
2481 2787 2648 2839 nostri
2667 2827 2682 2854 ,
2718 2790 2879 2839 ladit

1850 2854 1973 2932 beer
1982 2879 1999 2929 ς
2014 2862 2079 2917 de
2097 2863 2195 2918 hoc
2210 2864 2323 2917 loco
2336 2863 2595 2918 videndus
2607 2874 2684 2918 est
2699 2865 2872 2918 Hein-

1847 2944 1968 2998 sius.
1987 2945 2086 2996 Ed.
2099 2973 2166 2985 —
2188 2947 2374 2998 Valens
2387 2985 2403 3009 ,
2430 2946 2621 2999 scilicet
2640 2946 2829 2999 viribus
2846 2966 2866 3007 ς

1849 3038 1976 3089 ergo
2008 3019 2148 3073 idem
2176 3019 2317 3091 qnod
2343 3026 2604 3078 robustus.
2643 3022 2781 3091 qnod
2810 3033 2866 3075 et

1849 3099 2106 3166 precessit
2127 3109 2181 3152 et
2204 3099 2456 3169 sequitur.
2492 3099 2746 3153 Similiter
2773 3118 2865 3152 nec

1848 3180 1957 3228 nlla
1985 3186 2090 3239 est,
2131 3177 2272 3245 quod
2309 3177 2474 3231 modo
2505 3189 2860 3247 praeesses-at,

1849 3271 1972 3305 mox
2003 3254 2080 3307 bis
2113 3254 2369 3325 repetitur
2398 3274 2505 3309 nno
2540 3275 2710 3309 versu.
2738 3255 2859 3308 De-

1845 3330 2153 3402 recingitur
2185 3332 2268 3387 bic
2292 3332 2545 3387 Ovidium
2572 3333 2860 3387 fecunditas

1847 3411 2061 3480 ingenii.
2078 3439 2144 3451 —
2168 3413 2399 3474 Uben'or,
2422 3412 2542 3480 quia
2567 3422 2711 3466 κείω
2732 3412 2860 3480 plu-

1850 3487 2006 3540 rimas
2020 3486 2195 3557 fruges
2212 3487 2532 3557 suppeditat,
2556 3488 2758 3556 iuvenis
2774 3506 2858 3540 au·

1849 3574 1956 3617 tem
1982 3563 2204 3633 piurima
2225 3565 2435 3633 negotia
2465 3576 2679 3618 strenue
2702 3564 2859 3617 susci-

1846 3642 1938 3712 pit.
1965 3668 2031 3684 —-
2051 3645 2258 3695 AEsluat
2292 3661 2490 3708 annus,
2530 3641 2742 3710 quando
2771 3659 2859 3694 aer

1846 3721 2108 3774 vicinitate
2130 3720 2249 3774 solis
2271 3720 2604 3774 incandescit.

1914 3818 2026 3872 ²⁰9·
2055 3803 2230 3854 Posito
2235 3801 2435 3869 servom
2440 3801 2661 3866 juvente
2680 3799 2855 3852 Halu-

1846 3894 1951 3939 rus,·
1968 3876 2219 3930 Horatius
2232 3916 2246 3942 ,
2268 3878 2382 3931 Art.
2401 3879 2549 3931 Poet.
2568 3899 2584 3931 ι
2599 3883 2658 3932 15
2671 3896 2727 3929 τοι
2746 3878 2860 3930 Ma-

1849 3977 1878 4003 ›-
1904 3965 2119 4009 tus-usne
2143 3974 2326 4022 senex,
2353 3975 2419 4009 an
2446 3956 2618 4010 adhuc
2640 3955 2858 4010 florente

1848 4058 1877 4085 υ
1904 4037 2118 4105 juventa
2143 4035 2409 4090 Fen-vidus.
2427 4059 2455 4084 κ
2481 4039 2724 4106 Namque
2748 4055 2853 4088 aa·

1844 4125 1983 4168 turns
2010 4114 2288 4168 honestum
2313 4114 2549 4169 virorum
2578 4126 2735 4183 atque
2766 4133 2858 4167 se-

1845 4196 2056 4249 niorum
2076 4194 2340 4266 epitheton
2355 4235 2371 4261 ,
2393 4195 2532 4265 quod
2550 4195 2854 4265 gravitatem

1845 4290 2032 4328 eornm
2054 4273 2298 4342 exprimit
2316 4295 2329 4341 ς
2349 4273 2488 4331 Vll!
2503 4313 2517 4341 ,
2537 4275 2634 4343 617
2656 4311 2671 4339 ,
2688 4275 2852 4326 untho
