3185 5138
691 537 1744 614 METAMonPHosssoN
1790 499 2179 614 L113ss1x.

2428 548 2516 640 93

363 714 405 748 >2
440 679 709 755 Flemus
731 737 749 770 ,
784 667 923 754 ait?
955 679 1173 782 pellex
1207 681 1511 785 lacrymis
1544 682 1881 759 laetabitur
1914 685 2062 759 istis
2095 715 2111 757 :

367 829 407 864 ³>
440 799 609 895 Quae
625 797 943 897 quoniam
955 797 1796 902 adventat,properandum
1819 800 2204 903 aliquidque
2219 802 2601 880 novandum
2626 823 2749 896 est,

368 946 407 978 ³>
439 914 623 988 Dum
651 914 841 1004 licet,
871 934 938 991 et
963 917 1266 991 nondum
1296 916 1623 1000 thalamos
1652 935 1832 993 tenet
1863 917 2067 993 altera
2093 938 2387 996 nostros.
2424 944 2519 1012 146

370 1061 408 1095 >2
444 1030 870 1132 Conquerar,
904 1060 988 1105 an
1025 1031 1253 1107 sileam
1275 1036 1305 1108 ἲ
1327 1052 1623 1135 repetam
1652 1032 1995 1134 Calydona
2016 1090 2035 1120 ,
2063 1038 2416 1112 morerne?

370 1177 409 1211 »
440 1147 776 1221 Excedam
812 1147 1053 1223 tectis?
1088 1178 1170 1223 an
1191 1205 1211 1236 ,
1249 1148 1307 1222 si
1338 1147 1509 1223 nihil
1543 1147 1829 1250 amplius
1852 1204 1870 1237 ,
1914 1149 2229 1224 obstem?

368 1294 407 1327 2>
451 1261 638 1360 Quid
660 1320 678 1353 ,
714 1264 772 1338 si
805 1291 910 1337 me
931 1322 950 1353 ,
986 1265 1320 1363 Meleagre
1342 1321 1362 1355 ,
1400 1283 1580 1340 tuam
1616 1294 1869 1338 memor
1901 1294 2042 1340 esse
2079 1296 2413 1360 sororem,

369 1413 408 1447 »
439 1382 644 1457 Forte
677 1411 843 1483 paro
878 1382 1174 1473 facinus;
1210 1400 1666 1485 quantumque
1698 1383 1934 1481 injuria
1974 1386 2234 1484 possit,

2422 1411 2517 1463 150

368 1529 406 1563 >2
438 1498 926 1600 Femineusque
966 1499 1197 1588 dolor,
1226 1498 1527 1602 jugulata
1560 1498 1798 1601 pellice
1834 1504 2097 1576 testor?
2136 1537 2170 1569 »

363 1614 685 1688 Incursus
721 1615 982 1689 animus
1009 1616 1230 1690 varios
1264 1615 1470 1690 habet
1503 1645 1519 1688 :
1555 1615 1872 1690 omnibus
1906 1614 2007 1689 illi

362 1727 681 1803 Praetulit
710 1730 1040 1805 imbutam
1073 1733 1344 1805 Nessaeo
1382 1733 1707 1828 sanguine
1742 1752 1991 1807 vestem

364 1846 640 1922 Mittere
664 1904 683 1936 ,
728 1876 873 1948 quae
908 1848 1081 1923 vires
1117 1846 1374 1923 defecto
1409 1848 1643 1922 reddat
1674 1849 1923 1937 amori;

363 1965 745 2065 Ignaroque
780 1963 1040 2054 Lichae,
1081 1964 1246 2065 quid
1279 1964 1495 2040 tradat
1524 1965 1780 2055 nescia„
1818 1964 2040 2040 luctus

365 2137 779 2190 iram—Deinde
795 2137 1111 2207 pleonastice
1136 2134 1394 2192 additum.

367 2212 458 2267 Sic
481 2215 663 2268 deinde
688 2222 874 2283 postea
889 2255 903 2277 ,
928 2221 1101 2285 ltaque
1122 2236 1237 2285 ergo
1261 2228 1316 2271 et
1339 2216 1395 2271 id

368 2310 536 2361 genus
553 2292 665 2346 alia.
689 2295 831 2360 Quid
844 2305 1009 2349 autent
1031 2296 1249 2350 inservit
1271 2316 1395 2350 cor-

365 2372 590 2425 rectioni
603 2411 618 2438 ,
636 2374 768 2426 doch
788 2393 888 2427 was
910 2380 1056 2427 νείκε’
1073 2376 1191 2428 Ich!
1217 2377 1397 2429 Hein-

365 2449 474 2502 sius
506 2448 651 2505 hunc
685 2452 861 2505 locum
898 2453 969 2506 ita
1006 2452 1358 2525 distinguebat
1380 2474 1393 2509 ι

364 2548 486 2583 mot
499 2569 513 2592 ‚
531 2534 714 2586 deinde
723 2534 1019 2602 quidoulem
1027 2537 1213 2604 flemus
1229 2538 1258 2591 Ρ
1272 2534 1395 2604 quia

362 2612 548 2665 dee‘mle
558 2613 614 2665 in
628 2612 1042 2684 interrogatione
1059 2614 1111 2667 id
1129 2613 1271 2683 quod
1283 2624 1393 2668 lan·

362 2692 568 2743 dem.—
580 2695 758 2745 Pelles·
772 2696 1014 2764 lacrymis
1029 2704 1127 2747 etc.
1156 2694 1277 2747 Hoc
1302 2714 1391 2748 ex-

362 2769 553 2838 pressit
575 2770 779 2825 Seneca
795 2812 811 2839 ,
839 2773 999 2826 Herc.
1024 2773 1138 2827 OEt.
1170 2773 1312 2843 1575.

437 2852 546 2916 145.
563 2851 823 2906 Adventu!
834 2855 1170 2923 proaem-nm
1182 2873 1210 2906 e
1228 2854 1394 2909 tribus

363 2927 513 2983 dedit
537 2930 788 2985 Heinsius
806 2971 820 2998 ,
848 2951 1007 3001 quem
1029 2930 1164 2984 vide.
1180 2958 1246 2971 ·—
1260 2933 1394 2985 Ali-

362 3011 803 3076 qm‘tlnomndum,
830 3009 1023 3080 aliquid
1043 3009 1394 3064 moliendum.

364 3112 433 3125 ·—
458 3088 732 3140 Thalamos
754 3095 888 3141 tenet
908 3096 1107 3141 nostros
1125 3127 1138 3150 ‚
1174 3106 1273 3158 pro
1305 3108 1393 3142 me

365 3166 541 3218 uxoris
555 3166 673 3233 jure
689 3166 913 3227 fruitur,
939 3167 993 3220 ll
1013 3206 1027 3233 ,
1057 3167 1154 3220 513
1168 3208 1181 3228 ,
1200 3188 1298 3235 pro
1316 3187 1395 3221 me

363 3251 500 3299 tenet
518 3248 683 3300 allero
702 3248 894 3300 celum.
920 3246 984 3299 In
1011 3246 1091 3300 his
1110 3251 1274 3301 altem
1296 3248 1394 3301 in-

365 3324 563 3379 vidiose
590 3326 807 3381 dictum.

437 3408 544 3473 147.
574 3407 884 3473 Conquerar,
919 3425 989 3457 an
1015 3409 1210 3459 sileam.
1242 3403 1392 3474 Quid

365 3482 618 3537 moliatur
632 3484 826 3537 mulier
839 3483 1040 3537 consilii
1059 3484 1209 3554 inops
1229 3495 1284 3537 et
1305 3502 1395 3537 so-

364 3560 416 3614 la
430 3560 456 3613 ?
479 3560 567 3616 Nil
582 3562 629 3615 ei
644 3563 755 3615 sere
770 3562 1015 3616 relictum
1031 3573 1109 3617 est
1125 3603 1140 3631 ,
1158 3563 1256 3616 nisi
1274 3582 1394 3617 con-

364 3644 530 3708 queri,
549 3650 639 3692 aut
654 3650 865 3708 repetere
881 3639 1101 3694 domum
1119 3650 1393 3710 paternam

366 3717 644 3787 (ultimum
658 3729 963 3772 vexatarum
977 3720 1264 3789 conjugum
1280 3739 1396 3789 per-

363 3794 600 3867 fugium)
629 3807 720 3850 aut
738 3800 942 3851 obstare
961 3798 1261 3867 aliquandiu
1284 3797 1396 3868 pel-

363 3876 465 3931 lici.
491 3876 574 3929 De
599 3877 679 3931 his
694 3896 822 3946 ergo
843 3897 1020 3932 secum
1048 3877 1394 3931 deliberat.—

366 3957 459 4011 An
472 3997 484 4015 ,
504 3962 585 4020 st',·
605 3955 713 4009 haec
732 3955 886 4009 lectio
904 3974 1012 4009 non
1033 3956 1131 4008 nisi
1151 3956 1203 4007 in
1220 3957 1396 4024 primo

365 4032 636 4100 Mediceo,
654 4033 890 4103 Spirensi
908 4044 962 4086 et
980 4032 1143 4086 tribus
1159 4032 1268 4085 aliis
1280 4052 1397 4086 ser·-

365 4121 486 4164 vata
511 4114 601 4178 (et
624 4111 680 4164 in
702 4121 886 4165 nostro
913 4111 1082 4180 Regio
1097 4111 1146 4163 A
1162 4108 1215 4179 );
1238 4111 1396 4180 vulgo

364 4209 437 4242 an
455 4196 560 4253 sic,·
582 4188 667 4243 alii
688 4192 778 4256 (et
801 4199 984 4243 noster
1007 4188 1205 4258 Regius
1226 4187 1308 4253 B)
1329 4206 1398 4240 ac

365 4273 461 4321 sic.
475 4295 541 4307 -—
552 4268 763 4320 Siaihil
774 4271 993 4341 amplius
1012 4266 1238 4320 efficiam
1253 4306 1268 4334 ,
1293 4265 1398 4318 sal-

366 4355 479 4403 tem
501 4351 707 4404 obstem.
733 4347 864 4403 Mox
893 4358 1072 4404 tamen
1098 4347 1270 4403 fratris
1296 4365 1396 4401 re-

2428 1991 2524 2044 155
2562 2023 2571 2028 -

1493 2137 1729 2192 cordatio
1758 2137 1997 2190 animum
2026 2137 2074 2190 ci
2104 2137 2357 2192 audacem
2393 2140 2522 2193 red-

1493 2215 1571 2269 dit
1585 2240 1599 2280 ;
1615 2218 1835 2269 virtutes
1852 2216 1995 2269 enim
2012 2216 2275 2283 majorum
2295 2228 2383 2270 aut
2398 2236 2522 2271 con-

1485 2295 1899 2366 sanguineorum
1920 2313 2168 2364 magnam
2186 2294 2384 2349 habent
2408 2297 2516 2349 vim

1486 2373 1627 2442 apud
1652 2373 1906 2426 animum.
1924 2400 1992 2412 —
2006 2371 2090 2424 De
2113 2374 2373 2439 Meleagro
2397 2372 2515 2426 vide

1485 2452 1658 2517 VIII,
1685 2470 1783 2521 ²7⁰
1806 2469 1917 2520 sqq.
1939 2450 2118 2503 Etiam
2146 2449 2371 2503 Heroid.
2399 2450 2479 2504 lx
2499 2490 2514 2517 ,

1491 2534 1601 2585 151.
1628 2532 1705 2583 Tu
1724 2549 1913 2601 quoque
1925 2547 2195 2598 cognosces
2212 2534 2267 2582 in
2283 2547 2380 2593 me,
2410 2531 2519 2583 Mc-

1483 2615 1653 2679 Ieagre
1668 2650 1682 2678 ,
1697 2610 2209 2678 sororem-Iustum,
2232 2628 2413 2663 sensus
2430 2609 2518 2662 in-

1484 2689 1638 2758 iuriae
1656 2690 2161 2759 accepta—Possit,
2188 2688 2358 2741 valeat
2377 2686 2516 2757 apud

1490 2767 1816 2821 animum.—
1827 2770 2027 2829 Testor,
2062 2767 2253 2838 insigni
2279 2766 2521 2837 exemplo

1487 2847 1774 2916 equalibus
1797 2856 1850 2899 et
1875 2846 2094 2915 posteris
2120 2845 2360 2900 ostendo.

1559 2947 1577 2979 ι
1588 2929 1669 2978 52.
1686 2928 1924 2979 Incursus
1942 2965 1955 2978 .
1972 2966 1984 2979 .
2001 2968 2013 2981 .
2029 2929 2183 2979 babet
2194 2946 2213 2994 ,·
2229 2927 2396 2980 nostri
2409 2927 2523 2981 Re-

1489 3005 1556 3076 gii
1572 3045 1587 3072 ,
1606 3007 1666 3057 In
1684 3025 1883 3059 cursus.
1898 3046 1909 3058 .
1924 3046 1935 3057 .
1949 3009 2083 3068 abit,
2103 3005 2246 3075 quod
2264 3006 2521 3076 interpre-

1487 3093 1657 3149 tarer,
1679 3084 1732 3137 in
1753 3083 1981 3138 diversas
1999 3084 2342 3155 cogitationes
2362 3106 2375 3147 ;
2394 3085 2519 3138 istos

1488 3181 1672 3216 cursus
1699 3163 1861 3215 animi
1890 3169 2093 3222 διανοίας
2122 3161 2307 3216 dicunt
2332 3162 2521 3215 Graeci.

1489 3239 1597 3294 Sed
1626 3239 1815 3293 melius
1838 3260 1901 3293 ex
1923 3240 2166 3293 Palatino
2186 3240 2373 3293 Heius.
2399 3240 2523 3293 lexit

1489 3323 1735 3373 Iactat-sus
1751 3322 1916 3373 habet.
1928 3319 2027 3372 Ed.
2042 3347 2108 3361 ·-
2119 3322 2359 3373 lacot-sus
2375 3360 2387 3381 ,
2414 3320 2519 3372 im·-

1488 3410 1656 3469 petus.
1685 3398 1911 3451 Animus
1937 3399 2053 3466 ejus
2092 3417 2239 3450 nunc
2271 3395 2375 3449 huc
2402 3398 2521 3449 ser-

1491 3488 1599 3543 tur,
1619 3496 1764 3530 nunc
1780 3478 1916 3530 illuc.
1932 3475 2200 3539 Tandem,
2214 3485 2418 3544 utsaepe
2439 3475 2519 3542 fit,

1489 3558 1663 3610 nescia
1679 3555 1742 3609 ad
1763 3556 2258 3626 perniciosissimum
2277 3556 2520 3609 omnium

1489 3632 1768 3686 consilium
1795 3632 2047 3686 defertur.
2072 3659 2139 3672 —-
2169 3635 2415 3685 Omnibus
2442 3637 2531 3686 illi

1491 3731 1553 3765 ex
1576 3710 1812 3765 secundo
1832 3710 2035 3763 Moreti
2057 3710 2255 3780 accepit
2272 3711 2524 3764 Heinsius

1490 3812 1589 3864 pro
1628 3797 1858 3846 omnibus
1892 3795 2002 3845 1‘lle‘s
2039 3791 2181 3862 quod
2216 3792 2390 3845 caeteri
2425 3795 2444 3857 (
2471 3800 2525 3844 et

1491 3875 1659 3929 nostri
1686 3874 1877 3945 Regii)
1899 3874 2111 3928 habent.
2145 3876 2406 3935 Omnibus,
2439 3874 2527 3925 in-

1489 3954 1726 4007 cursibus
1745 3976 1757 4018 ;
1785 3958 1899 4015 illi,
1930 3951 2487 4020 Herculi.—-Dcscctus
2500 3992 2514 4015 ,

1493 4033 1586 4102 qui
1615 4032 1835 4099 defecit,
1862 4042 1922 4086 ut
1938 4032 2076 4086 XIII
2096 4071 2111 4097 ,
2142 4034 2254 4101 477.

1563 4114 1673 4164 155.
1689 4113 1908 4178 Ignaro,·
1933 4109 2052 4163 vide
2079 4109 2143 4162 ad
2171 4110 2285 4176 III,
2306 4109 2420 4161 3.-
2433 4111 2528 4161 Le'-

1492 4192 1630 4253 chae,·
1667 4189 1733 4243 de
1765 4191 2021 4260 scriptura
2059 4189 2217 4260 hujus
2252 4191 2520 4256 nominis,

1495 4268 1638 4337 quod
1661 4268 1746 4322 hic
1767 4269 1925 4340 vulgo
1950 4271 2138 4339 lyclm
2154 4310 2168 4331 ,
2200 4269 2311 4324 haec.
2339 4269 2528 4322 Hein-

1493 4347 1599 4403 sius
1617 4366 1630 4400 :
1650 4349 1823 4401 Licha
1842 4349 2030 4418 passim
2059 4349 2398 4404 scribendum
2422 4358 2529 4400 tam
