3185 5138
704 551 764 614 ’8
1271 549 1349 613 Ρ.
1418 550 1786 617 OVIDII
1848 550 2307 620 NASONIS

725 719 761 751 »
798 687 889 758 Et
922 713 1059 758 non
1094 703 1322 760 noster
1352 689 1589 761 amor?
1622 687 1859 762 melius
1895 687 2035 762 sine
2072 688 2282 778 caede,
2317 715 2668 791 moraque,

725 837 761 867 »
803 805 1240 904 Impensaque
1275 805 1379 878 sui
1416 805 1666 905 poterit
1702 832 2008 905 superare
2045 805 2297 877 cruoris
2327 833 2343 877 ε

723 951 759 983 »
801 921 968 992 Nam
1000 938 1224 994 metuo
1257 939 1431 995 certe
1452 977 1472 1008 ‚
1505 949 1589 994 ne
1618 921 1775 1021 quis
1812 938 1925 995 tua
1954 938 2261 1021 pectora,
2301 920 2565 1009 Minos»,

725 1068 760 1098 »
798 1034 1121 1110 Vulneret
1157 1036 1543 1137 imprudens
1576 1067 1590 1108 :
1626 1037 1776 1137 quis
1811 1037 1986 1111 enim
2018 1055 2148 1110 tam
2183 1036 2366 1111 dirus
2387 1092 2403 1122 ,
2441 1056 2518 1111 ut
2552 1038 2623 1111 in
2651 1055 2715 1112 te
2780 1059 2848 1113 65

721 1184 757 1216 »
799 1151 1102 1247 Dirigere
1132 1152 1482 1241 immitem,
1516 1153 1646 1227 nisi
1679 1152 1942 1226 nescius
1963 1209 1981 1240 ‚
2020 1152 2255 1227 audeat
2287 1152 2592 1226 hastam?

719 1298 754 1332 ›>
798 1267 1034 1368 Coepta
1066 1267 1366 1369 placent,
1404 1288 1468 1342 et
1502 1286 1634 1342 stat
1668 1270 1992 1343 sententia
2028 1268 2279 1344 tradere
2308 1297 2563 1344 mecum

720 1414 755 1446 ›>
794 1381 1102 1456 Dotalem
1136 1384 1413 1484 patriam
1433 1440 1450 1472 ‚
1484 1383 1814 1485 finemque
1845 1384 2189 1485 imponere
2219 1384 2422 1458 bello.

720 1531 755 1562 »
798 1500 1042 1572 Verum
1076 1498 1238 1573 velle
1271 1529 1501 1601 parum
1540 1519 1641 1575 est
1677 1532 1691 1575 :
1726 1501 1945 1575 aditus
1976 1501 2278 1576 custodia
2313 1520 2559 1591 servat;

716 1645 753 1677 >2
798 1612 1231 1716 Claustraque
1258 1635 1598 1717 portarum
1625 1619 1890 1712 genitor
1915 1635 2093 1692 tenet
2125 1649 2139 1691 :
2169 1617 2351 1692 hunc
2377 1647 2501 1714 ego
2530 1617 2747 1693 solum
2779 1660 2845 1712 7«.

717 1767 752 1798 ν)
798 1736 1034 1810 lnfelix
1069 1738 1311 1825 timeo;
1349 1738 1534 1813 solus
1569 1768 1712 1814 mea
1747 1759 1898 1814 vota
1930 1759 2243 1815 moratur.

720 1890 755 1921 »
797 1858 887 1930 Di
917 1859 1241 1948 facerent,
1278 1862 1418 1937 sine
1451 1880 1636 1964 patre
1666 1863 1912 1936 sorem!
1948 1863 2097 1936 Sibi
2135 1863 2415 1964 quisque
2448 1861 2747 1964 profecto

714 2011 751 2043 »
791 1980 901 2055 Fit
934 1984 1119 2056 Deus
1150 2014 1166 2056 :
1197 1984 1449 2078 ignavis
1482 1984 1795 2095 precibus
1829 1986 2129 2059 Fortuna
2160 2002 2503 2086 repugnat.

712 2134 746 2165 »
787 2102 1012 2177 Altera
1040 2104 1423 2202 jamdudum
1459 2135 1770 2182 succensa
1803 2109 2113 2209 cupidine
2149 2126 2333 2183 tanto

717 2257 751 2289 n
790 2225 1070 2301 Perdere
1106 2229 1455 2323 gauderet,
1495 2230 1963 2333 quodcumque
1999 2232 2295 2307 obstaret
2327 2233 2552 2307 amori.
2775 2256 2841 2325 75

710 2435 943 2489 Cursnus
959 2448 1054 2491 etc.
1070 2394 1376 2507 Propnius
1392 2480 1407 2505 ‚
1433 2440 1545 2508 111,
1570 2457 1691 2493 xvn
1707 2479 1723 2507 ‚

708 2518 769 2582 24
789 2536 800 2568 ε
822 2520 944 2571 Nise
963 2558 977 2576 .
999 2528 1117 2572 tuas
1128 2520 1501 2588 portasse-aude
1522 2524 1732 2575 reclusi!

704 2594 878 2648 Amor.
892 2623 956 2635 —
968 2599 1276 2651 Reserantur
1289 2601 1496 2667 proprie
1524 2610 1689 2667 portae
1706 2638 1721 2663 ‚

704 2671 807 2724 hoc
830 2672 944 2725 loeo
968 2682 1153 2727 maem‘a
1169 2716 1180 2731 .
1219 2676 1337 2729 urbs
1355 2678 1554 2745 ipsa.-·
1571 2678 1725 2743 Supe-

703 2769 814 2801 mm
838 2750 1067 2803 absolute
1087 2791 1102 2817 ‚
1131 2753 1353 2805 vincere.

768 2828 848 2893 64.
888 2832 1054 2893 Ναπις
1097 2830 1345 2882 Heinsius
1369 2829 1434 2881 de
1460 2850 1555 2883 suo
1579 2830 1724 2886 dedit

701 2925 884 2975 quanm
911 2906 1151 2959 nonnulli
1172 2908 1333 2960 MSS.
1354 2910 1474 2975 jam
1497 2919 1586 2961 aut
1609 2930 1723 2963 ποπ.

705 2981 857 3050 Regii
875 2984 1040 3036 nostri
1059 3023 1073 3050 ,
1100 2989 1436 3040 nomer-Nam
1451 2995 1616 3039 metuo
1626 2998 1722 3040 etc.

708 3060 1008 3115 Commode
1026 3062 1160 3117 hanc
1185 3064 1588 3118 sollicitudinem
1611 3067 1724 3118 ani-

702 3141 777 3192 mi
793 3141 863 3192 sic
884 3139 1139 3194 declarat:
1160 3141 1248 3195 sed
1276 3162 1335 3194 ex
1354 3155 1532 3196 mente
1554 3145 1722 3214 virgi-

702 3216 789 3282 lii,
813 3215 921 3270 Cir.
950 3238 1071 3286 270,
1099 3219 1277 3272 Minos
1297 3221 1558 3273 vulnerari
1579 3220 1719 3273 haud

703 3306 925 3366 poterat.
950 3325 1016 3338 —-
1039 3301 1225 3359 Diras,
1266 3309 1324 3351 ut
1362 3299 1622 3353 efficacius
1640 3340 1656 3366 ,
1689 3320 1719 3353 e

700 3377 1143 3447 praestantioribus
1158 3378 1333 3432 multis
1349 3381 1543 3448 recepit
1554 3380 1720 3433 Hein-

698 3455 803 3508 sius
822 3495 837 3521 ‚
874 3475 970 3525 pro
992 3458 1147 3508 durus
1178 3456 1355 3526 (quod
1388 3457 1584 3510 habent
1611 3458 1722 3511 Re-

702 3533 770 3602 gii
794 3534 957 3586 nostri
984 3531 1036 3602 ),
1067 3553 1366 3605 quanquam
1394 3535 1491 3588 hoc
1509 3546 1563 3588 et
1585 3555 1719 3588 cru-

702 3608 876 3661 delem
913 3612 1181 3680 significat.
1233 3642 1301 3653 —
1340 3615 1577 3666 Dolalem
1605 3632 1718 3680 pa-

697 3692 848 3741 triam
865 3707 881 3738 .·
896 3688 950 3738 in
972 3687 1151 3741 dotem
1175 3692 1392 3758 patriam
1418 3691 1641 3759 prodere
1660 3697 1742 3744 ut*

698 3782 788 3816 me
814 3764 1024 3834 accipiat
1043 3804 1057 3830 ‚
1079 3785 1361 3835 secumque
1390 3769 1590 3821 habeat.
1620 3771 1717 3819 Ed.

699 3844 1003 3903 -Ade‘tus.
1032 3854 1303 3912 portarum
1332 3846 1603 3914 ingressus.
1619 3847 1717 3897 Ed.

764 3942 841 3988 70.
862 3924 1099 3976 Claustra
1106 3932 1377 3988 portarum.
1399 3934 1561 3990 porte
1573 3924 1718 3976 clau-

697 4015 766 4051 ιω
785 4037 801 4063 ,
826 4010 884 4052 ut
908 4000 1007 4067 lv,
1034 4001 1097 4053 85
1118 4039 1133 4064 ‚
1159 4005 1297 4054 urbis
1319 4004 1558 4053 claustra.

762 4095 839 4142 7²·
870 4078 985 4130 Sibi
1009 4084 1216 4147 quisque
1264 4089 1358 4133 etc.
1409 4079 1579 4133 Multa
1619 4080 1713 4150 ipsi

692 4153 885 4206 nostris
926 4155 1118 4210 viribus
1161 4157 1369 4210 efficere
1405 4178 1710 4226 possumus,

1821 2459 1886 2492 eo
1911 2440 2128 2492 liberare
2163 2458 2373 2508 possum
2407 2439 2636 2508 prodens
2676 2458 2797 2492 eum
2823 2458 2836 2492 ε

1820 2518 2082 2571 sententia
2100 2529 2272 2571 sumta
2297 2538 2358 2571 ex
2382 2517 2690 2571 AEneid.1x
2707 2557 2722 2583 ‚
2749 2520 2840 2585 184

1819 2616 1930 2666 sqq.
1947 2599 2084 2649 Dine
2100 2600 2231 2648 hunc
2243 2600 2467 2649 ardorem
2483 2599 2729 2648 mentibus
2751 2601 2839 2649 ad·

1820 2678 1947 2726 dunt
1961 2715 1972 2725 .
1989 2715 2000 2724 .
2017 2715 2028 2726 .
2050 2715 2061 2726 .
2089 2693 2157 2725 ππ
2174 2693 2270 2725 sua
2295 2680 2468 2743 cuique
2492 2678 2713 2742 Deusfi!
2725 2679 2840 2727 dira

1819 2755 1999 2818 cupido
2012 2754 2212 2805 ?-fi}'t
2230 2755 2373 2806 Deus
2397 2752 2645 2805 Heinsius
2662 2772 2722 2804 ex
2739 2754 2838 2820 pri·

1820 2850 1911 2884 mo
1927 2830 2268 2886 Gronoviano
2284 2833 2476 2885 invexit
2491 2853 2504 2893 ;
2529 2831 2701 2883 ceteri
2716 2848 2838 2883 om-

1819 2927 1941 2974 nes,
1967 2911 2068 2961 Est
2090 2913 2232 2962 Deus
2257 2912 2277 2976 (
2292 2909 2422 2963 sicut
2448 2918 2502 2960 et
2528 2908 2678 2976 Regii
2714 2927 2837 2961 nos-

1820 2986 1925 3054 tri)
1947 3007 1958 3048 ;
1986 3004 2132 3056 oeque
2160 2989 2312 3040 bene.
2329 2989 2606 3054 -lgnaeae
2617 3005 2794 3053 pez-ces
2809 3026 2825 3048 ‚

1819 3065 2007 3133 quibus
2031 3085 2138 3118 non
2173 3065 2441 3119 adduntur
2462 3065 2608 3118 sacta.
2637 3064 2837 3118 Sallus-

1818 3143 1938 3209 tius,
1954 3143 2107 3198 Catil.
2121 3149 2203 3210 52,
2217 3156 2408 3198 nostra
2419 3144 2542 3197 edit.
2557 3165 2606 3214 p.
2617 3150 2681 3215 95
2695 3146 2833 3196 :Non

1816 3227 1950 3273 vote's·
1978 3262 1990 3282 ,
2031 3240 2183 3290 neque
2219 3226 2538 3275 muliebribus
2573 3226 2834 3289 supplebit&

1815 3302 2015 3351 auxilia
2029 3302 2248 3353 Deorum
2260 3309 2530 3366 petantur:
2545 3303 2801 3366 uigilando
2815 3339 2829 3361 ,

1815 3397 1881 3430 ac
1901 3381 2097 3444 agendo
2110 3418 2124 3436 .
2153 3382 2274 3430 bene
2291 3380 2592 3430 consulendo
2606 3397 2836 3444 pmspveoe

1816 3461 1986 3508 omnia
2008 3459 2191 3509 cedunt
2212 3474 2228 3506 .·
2250 3459 2343 3508 ubi
2359 3458 2593 3507 secordia·
2614 3465 2662 3508 te
2686 3468 2834 3524 atque

1812 3539 2026 3601 ι’ςππνίο
2037 3536 2304 3586 traede‘den’s
2314 3573 2327 3595 ,
2351 3537 2680 3602 nequidquam
2693 3538 2830 3589 Deos

1813 3620 2074 3683 implorem
2098 3619 2225 3666 imti
2232 3614 2501 3684 infestique
2512 3625 2641 3669 sunt.
2659 3617 2828 3670 Sene-

1813 3712 1892 3758 ca,
1909 3692 2055 3745 Med.
2069 3695 2287 3745 Fortuna
2283 3693 2454 3759 sortes
2462 3700 2641 3748 metuit
2651 3734 2662 3754 ,
2685 3699 2828 3762 igna-

1814 3790 1900 3824 ros
1908 3771 2397 3839 pmmH.Ed.—Con
2405 3784 2484 3827 tra
2498 3781 2702 3826 armata·
2719 3787 2830 3836 pre·

1812 3867 1897 3900 ces
1925 3847 2062 3917 apud
2110 3847 2426 3905 Ciceronem
2446 3888 2461 3916 ,
2499 3849 2616 3898 Div.
2642 3846 2751 3911 lx,
2778 3847 2826 3898 3.

1811 3926 1935 3979 Jam
1960 3926 2083 3981 hinc
2109 3941 2330 3999 augetur
2353 3929 2576 3992 impetus
2600 3922 2780 3975 animi.

1879 4007 1953 4071 74.
1983 4008 2290 4059 Iamdudum
2319 4013 2465 4071 potes
2484 4010 2537 4052 et
2561 4018 2704 4054 nunc
2729 4001 2825 4054 in—

1811 4085 2115 4150 terpretari,
2136 4082 2403 4136 continuo.
2405 4080 2682 4141 —Altera‚
2674 4097 2685 4110 ·
2712 4080 2823 4132 alia.

1808 4187 1875 4200 -
1905 4163 2111 4214 Pendere
2144 4158 2373 4227 gravius,
2403 4177 2562 4227 quam
2602 4159 2824 4211 aliorum

694 4247 812 4298 quoe
835 4249 863 4282 a
890 4230 1001 4286 Diis
1026 4235 1265 4324 petimus.
1290 4237 1412 4289 Non
1436 4248 1541 4302 est,
1568 4236 1711 4305 quod
1797 4242 2016 4304 prodere.
2053 4235 2271 4306 Singula
2307 4237 2465 4292 verba
2500 4238 2584 4292 hic
2623 4237 2820 4292 habent

690 4307 764 4362 Di
794 4310 985 4366 saciant
1007 4313 1118 4366 sine
1143 4324 1287 4383 patre
1312 4316 1455 4378 sim·
1492 4315 1601 4382 ipsa
1624 4332 1710 4367 me

1807 4314 2027 4384 pondus.
