3185 5138
623 553 626 556 ’
691 539 1771 608 METAMORPHOSEON
1825 541 2023 608 LIB.
2074 542 2214 607 IX.

2401 563 2522 632 117

398 715 431 746 »
470 680 703 753 Donec
737 709 884 754 eum
917 681 1155 778 conjux
1185 679 1379 755 fatale
1413 680 1799 784 poposcerit
1833 710 2101 768 aurum;

398 831 431 862 »
472 799 981 897 Cognatumque
1021 796 1195 870 latus
1227 797 1554 893 Phegeius
1589 797 1885 872 hauserit
1917 798 2113 872 ensis.

397 945 429 976 »
464 914 637 985 Tum
673 911 934 985 demum
963 940 1200 1006 magno
1240 931 1420 1012 petet
1448 913 1575 986 hos
1611 911 1930 986 Acheloia
1965 911 2245 1013 supplex

400 1061 431 1092 »
464 1029 575 1102 Ab
602 1030 770 1102 Jove
801 1026 1131 1101 Callirhoe
1164 1028 1335 1101 natis
1371 1027 1739 1101 infantibus
1775 1055 2007 1102 annos.

387 1243 759 1313 undae—Regii
786 1243 949 1298 nostri
975 1247 1408 1298 subducta—Pe-

386 1331 462 1374 tet
477 1325 598 1386 hos,·
626 1321 776 1390 Regii
802 1321 965 1374 nostri
989 1332 1042 1374 et
1067 1321 1283 1389 quidam
1300 1362 1314 1384 ‚
1346 1331 1406 1374 ut

389 1425 451 1457 ex
477 1403 698 1457 Heinsio
721 1401 1047 1456 credend'um
1072 1442 1086 1468 ,
1115 1413 1256 1469 pete!
1275 1405 1371 1456 boc
1388 1422 1404 1454 .-

341 1539 348 1544 ,
388 1483 428 1535 is
445 1501 507 1534 ex
521 1481 780 1534 Urbinate
799 1521 814 1547 ,
842 1481 1151 1535 Florentino
1165 1480 1219 1534 S.
1234 1481 1405 1533 Marci

387 1569 439 1611 et
455 1558 618 1611 tribus
641 1558 750 1611 aliis
769 1598 783 1624 ,
805 1556 947 1610 dedit
963 1561 1085 1619 hos,·
1109 1556 1404 1625 complures

375 1640 533 1702 petit‚·
562 1634 803 1688 nonnulli
826 1637 946 1688 hec:
956 1663 1022 1674 -·
1037 1637 1122 1687 Ab
1137 1637 1264 1687 Jove
1281 1637 1404 1688 Cal-

383 1716 541 1766 lirhoe
573 1720 711 1767 nath
744 1712 1030 1779 &lantibus
1064 1733 1240 1766 annos.
1276 1714 1404 1767 Post

385 1790 527 1846 hunc
539 1811 752 1846 versum
768 1791 894 1845 olim
913 1791 1179 1853 edebatur,
1203 1802 1399 1862 puncto
1432 1795 1436 1800 “

379 1869 582 1937 rejecto
613 1909 628 1935 ,
665 1869 848 1922 Addat
863 1889 880 1921 .·
912 1888 1032 1923 nere
1063 1889 1230 1922 necem
1263 1876 1408 1923 se'na!

382 1965 495 1998 esse
516 1950 694 1999 :1110an
721 1950 947 2000 multam.
990 1948 1121 2000 Haec
1152 1947 1402 2002 Heinsius

385 2024 577 2078 delevit
596 2065 612 2092 ,
649 2025 769 2094 quia
803 2044 913 2077 non
942 2025 1313 2094 comparebant
1345 2025 1400 2077 in

385 2104 557 2173 primo
577 2103 831 2157 Vaticano
844 2144 857 2167 ,
877 2104 997 2157 etin
1016 2123 1123 2156 uno
1139 2124 1234 2157 suo
1257 2123 1402 2156 mar-

384 2180 491 2250 gini
525 2191 733 2234 tantum
773 2179 1027 2250 adscripta
1058 2191 1210 2234 erant
1241 2201 1253 2233 ε
1283 2199 1402 2250 quae

382 2278 540 2312 causa.
556 2257 774 2311 tollendi
798 2258 928 2311 mihi
951 2277 1062 2312 non
1086 2259 1206 2313 satis
1237 2259 1404 2329 gravis

384 2357 493 2390 esse
519 2337 729 2391 videtur
746 2377 761 2405 ,
788 2348 842 2390 et
866 2336 1061 2390 habent
1090 2337 1174 2390 illa
1199 2349 1404 2407 partem

383 2416 889 2470 sabulum—Sublato
911 2415 1009 2469 hoc
1032 2436 1185 2469 versu
1209 2416 1273 2468 de
1297 2434 1402 2485 quo

384 2496 552 2564 agitur
570 2535 585 2561 ,
623 2513 803 2549 sensus
843 2493 1008 2547 heret
1046 2504 1186 2547 certe
1210 2515 1225 2557 ;
1260 2505 1315 2547 et
1359 2495 1400 2547 si

383 2593 491 2628 non
527 2575 803 2642 Heinsius,
838 2573 1154 2643 quandoque
1186 2574 1402 2643 quidem

382 2654 628 2708 audacior
642 2694 657 2720 ,
694 2654 1024 2723 gravissimus
1064 2653 1143 2704 vir
1187 2664 1365 2706 tamen
1385 2693 1401 2720 ,

383 2731 674 2796 delevisset,
688 2731 831 2787 hunc
843 2750 1101 2801 reponere
1117 2750 1229 2783 non
1246 2730 1402 2784 dubi-

384 2821 628 2864 taremus.
646 2810 842 2880 Regius
865 2820 1046 2864 noster
1064 2808 1247 2862 Codex
1265 2810 1314 2862 A
1330 2808 1403 2861 ita

381 2889 555 2943 scribit
576 2909 589 2942 :
609 2890 890 2958 infamibus
911 2908 1077 2943 annos
1101 2908 1114 2941 τ
1144 2892 1280 2943 Neve
1300 2909 1402 2941 ne—

381 2985 487 3018 cem
506 2971 650 3019 sinat
667 2985 780 3018 esse
805 2970 892 3018 sui
907 2969 1147 3033 genitoris
1173 2969 1402 3018 multam.

382 3043 722 3097 Florentinus
739 3042 795 3097 S.
811 3043 1011 3109 Marci,
1039 3041 1295 3110 Urbinas,
1319 3063 1402 3097 se·

384 3122 588 3177 cundus
621 3122 889 3177 Palatinus
918 3161 933 3188 ,
974 3121 1257 3189 &sentibus
1292 3142 1403 3175 an-
1437 3152 1442 3159 ·

384 3219 476 3253 nos
500 3220 517 3252 .·
545 3202 682 3254 Neve
705 3219 871 3252 necem
892 3204 1035 3251 sinat
1051 3217 1163 3251 esse
1182 3202 1270 3252 diu
1292 3204 1403 3252 vie:-

383 3284 507 3333 ton‘s
545 3283 796 3343 e'nultam5
837 3278 1213 3347 Neapolitanus
1233 3318 1248 3345 ,
1291 3281 1404 3333 Neu

379 3365 665 3427 genitoque
689 3377 859 3412 necem
884 3364 1027 3412 sinat
1051 3378 1162 3410 esse
1175 3363 1405 3426 parentis·

382 3439 611 3488 thaliam.
647 3436 845 3507 Regius
866 3446 1046 3489 noster
1075 3437 1151 3501 B,
1190 3436 1403 3493 Addat.-

383 3534 502 3568 πονε
541 3534 711 3568 necem
749 3520 893 3567 seirat
937 3533 1050 3566 csse
1094 3517 1272 3567 ultoris
1312 3518 1404 3565 ia-

383 3597 540 3646 ullam
561 3633 576 3654 ‚
620 3611 778 3660 quam
815 3591 1098 3646 lectionem
1144 3591 1402 3644 sinceram

384 3682 527 3739 puto.
565 3662 723 3725 Nunc
755 3670 818 3723 ad
852 3669 1267 3739 disquisitionem
1301 3688 1403 3737 qua

387 3753 566 3819 Εἰσί(
599 3750 735 3803 hanc
772 3751 961 3804 sabula
1001 3762 1203 3821 partem
1248 3750 1404 3804 illus-

385 3829 554 3883 travit.
576 3832 676 3881 Ed.

452 3907 773 3961 vaticinium
790 3906 1083 3973 Themidis,
1098 3905 1189 3960 sed
1206 3945 1221 3972 ,
1240 3915 1300 3958 ut
1311 3924 1400 3959 so-

382 3985 495 4043 lent
527 3987 767 4040 vaticinia
810 4006 919 4040 esse
941 4025 956 4053 ,
991 3986 1400 4052 subobscurum,

385 4064 450 4117 de
471 4065 609 4119 bello
632 4066 892 4120 Thebano
914 4106 930 4133 ,
960 4064 1024 4117 de
1052 4082 1158 4133 quo
1179 4072 1234 4115 et
1256 4064 1370 4132 ipso
1387 4102 1402 4129 ,

386 4145 578 4214 quippe
602 4145 946 4199 celeberrimo
964 4184 979 4211 ,
1006 4142 1291 4197 admiscere
1311 4141 1408 4195 ali-

386 4221 513 4291 quid
540 4222 719 4276 voluit.
750 4222 990 4277 Eteocles
1014 4232 1069 4275 et
1096 4220 1369 4293 Polynices
1388 4258 1404 4284 ‚

388 4300 545 4355 ambo
559 4300 841 4371 OEdipodis
857 4300 968 4369 lilii,
979 4300 1176 4359 incluso
1187 4298 1410 4355 cubiculi

1502 1245 1736 1299 tenebris
1771 1254 1917 1315 patre
1937 1283 1953 1310 ,
1978 1243 2043 1296 de
2070 1260 2236 1312 regno
2259 1241 2521 1296 adminis-

1503 1323 1695 1376 trando
1719 1324 1790 1377 sic
1816 1332 2177 1377 convenerant
2199 1360 2213 1386 ,
2247 1333 2313 1374 'ut
2349 1322 2397 1374 ei
2428 1341 2524 1391 per

1503 1419 1705 1454 annuas
1731 1401 1866 1454 vices
1890 1409 2187 1469 preessent.
2215 1398 2377 1452 Anno
2400 1417 2526 1468 per-

1502 1489 1618 1533 acto
1636 1519 1649 1540 ,
1688 1478 1926 1532 Eteocles
1950 1476 2137 1532 cedere
2163 1477 2332 1531 noluit
2359 1477 2524 1531 fratri.

1504 1557 1555 1611 Is
1578 1577 1707 1611 vero
1732 1557 1939 1625 adjutus
1965 1556 2029 1610 ab
2055 1556 2284 1611 Adrasto
2306 1596 2322 1622 ,
2352 1557 2523 1626 Argi-

1502 1655 1692 1689 vorum
1716 1656 1838 1705 rege
1853 1676 1869 1701 ‚
1906 1637 2055 1704 cujus
2080 1635 2244 1689 filiam
2271 1635 2489 1688 duxerat
2506 1674 2524 1700 ,

1502 1716 1677 1769 nobile
1697 1715 1825 1769 illud
1853 1715 2049 1769 bellum
2071 1727 2273 1786 septem
2295 1714 2523 1769 heroum

1501 1793 1565 1847 ad
1589 1793 1827 1861 Thebas,
1857 1803 1945 1849 τῶν
1967 1799 2077 1849 ἔπτὰ
2100 1800 2173 1850 ixi
2184 1801 2386 1859 Θῆθαις,
2409 1813 2522 1847 sus·

1500 1872 1653 1941 cepit.
1680 1870 1869 1940 Quum
1899 1871 2022 1925 urbs
2053 1890 2165 1926 non
2199 1872 2377 1926 statim
2409 1871 2524 1940 capi

1501 1959 1706 2019 posset,
1739 1950 1869 2020 regii
1904 1950 2089 2004 fratres
2114 1949 2361 2020 singulari
2392 1971 2521 2005 cer-

1502 2031 1700 2084 tamine
1720 2030 2024 2096 decertant,
2050 2030 2104 2083 in
2123 2049 2228 2099 quo
2245 2029 2523 2101 Polynices

1499 2110 1636 2163 cadit
1654 2149 1669 2176 ,
1698 2107 2131 2188 'Eteocleqautem
2152 2107 2283 2161 dum
2305 2108 2522 2176 spiran-

1500 2197 1611 2240 tem
1647 2185 1818 2239 adhuc
1854 2187 2071 2239 fratrem
2106 2183 2321 2254 spoliat,
2358 2184 2421 2237 ab
2453 2202 2521 2236 eo

1501 2264 1687 2335 gladio,
1702 2263 2037 2331 transfigitur.
2066 2262 2153 2315 Sic
2173 2265 2318 2314 e'bant
2336 2267 2390 2313 e‘n
2412 2266 2523 2314 vul·

1499 2363 1622 2396 aeta
1635 2384 1649 2406 ‚
1679 2342 1818 2411 quod
1840 2341 2039 2394 dictum
2059 2351 2136 2392 est
2153 2380 2168 2405 ,
2192 2351 2253 2393 ut
2270 2346 2344 2392 ire
2363 2345 2418 2391 in
2434 2361 2523 2392 ar-

1500 2440 1609 2482 ma,
1634 2425 1688 2472 in
1710 2417 2129 2473 bella—Laudat
2152 2417 2402 2471 Heinsius
2404 2417 2523 2483 sm·

1497 2509 1600 2552 tres
1633 2502 1830 2551 alterna
1868 2502 1922 2549 in
1961 2499 2167 2548 vulnera
2204 2498 2320 2547 leto
2353 2497 2523 2548 Marte

1495 2586 1671 2637 ment,
1702 2576 1887 2640 Statii,
1914 2573 2171 2628 Thebaid.
2211 2574 2351 2627 vm
2376 2612 2390 2639 ,
2430 2594 2515 2643 70·

1500 2655 1589 2710 Sic
1618 2653 1867 2708 Manilius
1886 2692 1900 2719 ,
1930 2651 2346 2727 Astronom41V
2367 2691 2383 2718 ,
2418 2653 2482 2719 84
2504 2693 2519 2720 ,

1498 2734 1775 2801 Maiusque
1804 2739 1996 2786 armati
2023 2740 2204 2784 coeunt
2231 2735 2284 2784 in
2306 2734 2519 2783 vulnera

1482 2809 1683 2879 fratres
1718 2813 1740 2878 (
1769 2810 1895 2864 salso
1933 2813 2114 2876 Ge'en‘g
2148 2808 2347 2862 dixerat
2386 2828 2521 2862 vers.

1504 2887 1651 2958 173).
1687 2890 1861 2958 Atque
1892 2887 1994 2941 hoc
2029 2896 2110 2939 est
2144 2896 2518 2956 argumentum

1499 2969 1666 3024 Phoen
1674 2970 1751 3024 iss.
1770 2967 2051 3037 Euripidis.
2068 2967 2133 3020 ln
2150 2966 2257 3020 istis
2271 2966 2518 3019 heroibus

1497 3059 1610 3103 erat
1630 3052 1906 3116 Capaneus,
1934 3046 2206 3117 Hipponoi
2224 3046 2388 3111 filius,
2412 3045 2519 3098 Ar-

1499 3128 1646 3197 givus
1669 3166 1684 3192 ,
1717 3127 1806 3195 qui
1842 3144 2009 3195 quum
2036 3134 2218 3179 contra
2247 3124 2393 3176 Jovis
2419 3141 2514 3174 vo-

1497 3205 1758 3259 luntatem
1771 3203 1979 3258 Thebas
1999 3223 2053 3256 se
2070 3212 2346 3271 capturum
2366 3199 2521 3252 dixis-

1497 3295 1574 3338 set
1602 3322 1617 3349 ,
1666 3302 1883 3336 murum
1927 3280 2248 3336 adscendens
2292 3277 2515 3330 fulmine

1497 3381 1769 3431 percussus
1807 3371 1884 3414 est
1906 3399 1920 3426 ,
1960 3359 2206 3431 Hyginus
2222 3395 2237 3421 ,
2270 3355 2372 3409 sab.
2410 3355 2476 3407 68
2500 3377 2517 3419 ;

1499 3438 1781 3509 vegetius,
1809 3437 1909 3503 IV,
1939 3456 2029 3498 αις
2060 3433 2273 3488 Servius
2297 3431 2360 3484 ad
2389 3431 2516 3484 AEn.

1499 3517 1559 3581 1,
1588 3519 1666 3573 28.
1694 3517 1758 3569 In
1774 3515 1836 3568 iis
1855 3524 1968 3568 erat
1988 3512 2147 3567 etiam
2168 3510 2518 3579 Amphiaraus

1496 3603 1672 3654 vates,
1703 3592 1792 3661 qui
1819 3608 1985 3660 quum
2011 3588 2165 3643 sciret
2184 3626 2199 3653 ,
2228 3606 2284 3640 se
2304 3586 2517 3656 peritu-

1496 3689 1618 3722 rum
1638 3668 1700 3722 ad
1723 3668 1932 3722 Tbebas
1955 3705 1971 3733 ,
1991 3677 2148 3735 atque
2176 3668 2387 3719 seducta
2409 3665 2517 3719 scil.

1496 3754 1745 3805 subducta
1768 3747 1921 3816 (vide
1940 3745 2105 3802 varias
2121 3746 2371 3800 lectiones
2386 3786 2401 3811 ,
2419 3745 2516 3798 ini·

1498 3829 1572 3883 tio
1598 3827 1775 3893 note)
1806 3829 1983 3879 tellure
2015 3844 2135 3877 suos
2166 3843 2341 3876 manes
2370 3829 2517 3875 vivus·

1498 3909 1715 3959 w‘disse!
1731 3945 1746 3968 ,
1785 3902 1957 3957 noluit
1977 3903 2228 3956 interesse
2256 3898 2393 3953 bello
2416 3897 2516 3951 isti.

1501 3984 1786 4037 Persuasus
1806 3979 2019 4034 tandem
2035 3979 2099 4032 ab
2118 3976 2367 4049 Eriphyla
2388 3994 2518 4030 uxo-

1499 4081 1556 4115 re
1578 4100 1594 4128 ,
1634 4079 1792 4130 quam
1832 4058 2106 4130 Polynices
2137 4056 2319 4109 monili
2357 4073 2518 4109 aureo

1498 4148 1840 4208 corruperat,
1870 4135 2133 4206 profectus
2160 4132 2374 4203 quidem
2404 4144 2517 4201 est,

1500 4216 1591 4271 sed
1612 4214 1903 4270 Alcameni
1919 4213 2029 4267 filio
2044 4212 2201 4267 simul
2216 4211 2484 4265 mandavit
2500 4251 2518 4277 ,

1501 4315 1570 4352 ne
1585 4305 1816 4351 mortem
1828 4312 1977 4349 suam
1996 4292 2216 4349 inultam
2232 4291 2456 4348 sineret:
2471 4289 2533 4342 id
