3185 5138
714 549 850 634 5¹4

1279 545 1358 612 P.
1418 543 1774 615 OVIDII
1838 540 2311 611 NASONIS

711 685 985 762 Transit
1006 741 1025 774 ‚
1062 700 1168 773 et,
1204 683 1488 760 emensis
1519 680 1722 758 medii
1756 709 2024 783 quoque
2059 680 2380 783 temporis
2413 682 2640 772 annis,

714 803 998 878 Labitur
1031 800 1323 876 occiduae
1359 828 1478 904 per
1511 798 1637 874 iter
1675 796 1922 872 declive
1956 815 2251 872 senectae.

716 915 1000 991 Subruit
1032 915 1173 990 haec
1209 914 1328 988 aevi
1348 971 1367 1004 ,
1407 912 1896 1014 demoliturque
1927 912 2175 1014 prioris

714 1033 1026 1119 Robora3
1062 1023 1310 1132 fletque
1347 1029 1568 1104 Milon
1605 1030 1866 1118 senior,
1907 1057 2113 1131 quum
2147 1045 2410 1132 spectat
2440 1029 2675 1105 inanes

713 1147 914 1236 Illos,
952 1148 1069 1250 qui
1102 1147 1369 1222 fuerant
1403 1145 1772 1221 solidorum
1808 1145 1981 1220 mole
2022 1162 2327 1219 tororum

2773 1169 2885 1220 230

715 1262 1067 1345 Herculeis
1108 1262 1355 1338 similes
1375 1319 1394 1352 ,
1429 1261 1674 1337 fluidos
1705 1261 1994 1364 pendere
2029 1258 2325 1336 lacertos.

713 1383 864 1460 Flet
898 1412 1165 1486 quoque
1186 1440 1204 1472 ,
1240 1399 1319 1456 ut
1350 1381 1419 1455 in
1451 1378 1726 1483 speculo
1763 1408 1965 1477 rugas
1997 1380 2343 1481 conspexit
2376 1380 2616 1470 aniles,

712 1498 1079 1600 Tyndaris,
1111 1515 1178 1572 et
1210 1525 1433 1572 secum
1454 1553 1473 1585 ,
1515 1524 1635 1571 cur
1671 1495 1759 1572 sit
1790 1496 1903 1571 bis
1939 1514 2128 1597 rapta
2150 1554 2169 1584 ‚
2202 1496 2503 1597 requirit.

715 1616 1013 1715 Tempus
1054 1612 1219 1687 edax
1254 1641 1473 1687 rerum
1495 1668 1514 1699 ,
1556 1628 1767 1714 tuque
1797 1611 2123 1685 invidiosa
2153 1629 2474 1702 vetustas,

718 1730 967 1805 Omnia
1004 1728 1346 1803 destruitis
1369 1783 1389 1816 ,
1423 1727 1784 1828 vitiataque
1819 1727 2136 1803 dentibus
2173 1728 2292 1803 aevi

714 1894 935 1967 peragit.
947 1922 1014 1934 —
1026 1896 1266 1947 Emnse's
1286 1892 1480 1960 accepit
1498 1891 1752 1944 Heinsius

720 1995 750 2028 a
787 1973 999 2027 Thuan.
1036 1990 1148 2024 uno
1187 1967 1472 2024 Basileensi
1491 2009 1508 2036 ,
1548 1981 1602 2022 et
1640 1987 1751 2023 uno

722 2049 998 2113 medicem
1025 2047 1239 2118 plurimi
1267 2050 1288 2114 (
1307 2057 1361 2101 et
1379 2047 1530 2116 Regii
1554 2048 1747 2114 ambo)

718 2133 952 2182 emerim:
967 2155 1034 2167 —
1048 2126 1129 2180 De
1152 2130 1315 2179 nedzb
1336 2135 1575 2193 tempore,
1601 2125 1656 2178 id
1670 2138 1749 2179 est

717 2216 871 2262 aetate
909 2206 1079 2271 virili,
1109 2203 1228 2258 vide
1262 2203 1327 2257 ad
1355 2204 1495 2271 xll,
1539 2206 1654 2272 404.
1683 2232 1751 2245 —-

721 2289 856 2340 Labi
880 2282 945 2337 de
968 2283 1124 2338 celeri
1151 2282 1377 2338 decursu
1399 2283 1564 2335 etatis
1590 2286 1610 2349 (
1631 2281 1748 2335 vide

721 2364 789 2418 ad
811 2365 861 2416 X
878 2402 895 2429 ,
918 2361 1349 2435 519),inprimis
1365 2360 1575 2428 unitis,
1601 2363 1752 2430 cujus

718 2448 817 2496 iter
827 2443 1031 2503 declive,
1051 2437 1193 2508 quod
1215 2459 1245 2492 a
1262 2440 1343 2492 via
1356 2438 1477 2495 solis
1492 2440 1719 2509 petitum
1731 2480 1748 2506 ,

620 2580 629 2590 ο
723 2517 868 2574 unde
896 2528 949 2573 et
970 2520 1187 2572 occidua
1208 2527 1417 2572 senecta
1437 2556 1452 2585 ,
1489 2516 1553 2569 ad
1588 2537 1752 2572 occa-

718 2618 838 2654 sum
860 2617 1096 2668 vergens.
1109 2596 1428 2650 -Subruere
1450 2605 1504 2650 et
1526 2599 1762 2651 demoliri

725 2678 901 2749 gravia
927 2676 1086 2729 verba
1125 2674 1189 2728 ab
1223 2673 1453 2729 adificiis
1492 2673 1755 2729 translata.

726 2752 1170 2827 Quatuordecim,
1190 2763 1321 2808 teste
1343 2753 1682 2821 Burmanno,
1700 2763 1756 2807 et

724 2833 923 2903 Regius
944 2842 1125 2884 noster
1148 2831 1196 2883 A
1212 2868 1229 2895 ,
1253 2830 1478 2897 Sarmat

790 2930 903 2981 2²9·
936 2908 1140 2975 fletque
1169 2908 1337 2959 Wlon
1371 2918 1470 2961 etc.
1507 2904 1757 2976 exemplis

727 2986 942 3040 delectis
959 2984 1243 3038 senectutis
1262 2984 1674 3039 imbecillitatem
1693 2984 1759 3036 il·-

724 3065 944 3127 lustrat3
971 3074 1024 3117 et
1051 3063 1175 3116 viris
1204 3063 1396 3116 robora
1416 3103 1431 3131 ,
1463 3074 1518 3117 et
1543 3063 1757 3117 feminis

727 3143 1014 3199 venustatis
1042 3142 1308 3197 illecebras
1331 3141 1514 3196 demit.
1552 3143 1716 3195 Milon
1734 3182 1750 3206 ,

733 3222 1072 3277 Crotoniates
1087 3261 1102 3288 ,
1126 3220 1396 3275 familiaris
1411 3218 1725 3293 Pythagoroe
1739 3261 1756 3287 ,

731 3302 926 3357 athleta
941 3302 1131 3355 robore
1155 3300 1398 3370 insignis,
1421 3322 1448 3347 «
1467 3319 1635 3370 quum
1651 3301 1761 3370 jam

731 3403 760 3429 κ
786 3400 944 3435 senex
962 3391 1127 3446 esset,
1146 3377 1471 3448 athletasque
1488 3398 1543 3432 se
1562 3379 1616 3430 in
1636 3398 1761 3432 cur-

736 3482 763 3508 »
790 3459 955 3513 riculo
979 3467 1282 3512 exercentes
1306 3456 1508 3510 videret
1529 3498 1544 3525 ,
1573 3456 1763 3526 adspe-

735 3561 763 3587 υ
790 3539 916 3591 xisse
943 3534 1162 3592 lacertos
1183 3555 1304 3589 suos
1327 3534 1536 3602 dicitur,
1556 3534 1763 3607 illacry—

733 3640 762 3667 ιι
790 3636 1045 3686 mansque
1078 3617 1262 3671 dixisse
1289 3657 1304 3684 ,
1352 3617 1425 3669 At
1461 3616 1516 3669 hi
1545 3616 1763 3685 quidem

736 3719 764 3746 ι»
792 3698 899 3767 jam
911 3698 1108 3749 mortui
1122 3708 1273 3760 sunt;
1295 3720 1322 3743 υ
1342 3694 1532 3750 Cicero
1552 3697 1764 3749 Senect.

733 3798 781 3850 9.
802 3777 921 3829 Hoc
940 3773 1144 3827 Milone
1162 3774 1296 3827 duce
1318 3773 1642 3827 Crotoniatae
1659 3774 1766 3844 Sy·-

736 3859 928 3913 baritas
943 3858 1182 3910 vicerunt
1203 3876 1248 3909 a.
1265 3859 1295 3923 4
1313 3897 1328 3922 ,
1350 3856 1567 3926 Olymp.
1581 3872 1764 3918 txvn3

739 3933 1009 3989 Diodorus
1026 3935 1129 3988 Sic.
1151 3934 1226 3986 xl
1237 3935 1259 3988 l
1272 3974 1287 4000 ,
1318 3936 1497 4000 483.—
1512 3936 1632 3987 Tori
1648 3953 1766 4004 pars

738 4034 953 4070 carnosa
978 4013 1034 4068 in
1057 4011 1261 4066 lacertis
1278 4053 1293 4079 ,
1321 4032 1553 4081 quorum
1566 4024 1620 4065 et
1636 4016 1768 4064 soli-

735 4094 899 4146 ditate
921 4104 975 4146 et
997 4097 1147 4151 mole.
1177 4090 1542 4160 magnitudine
1561 4130 1576 4156 ,
1603 4092 1767 4143 robur

735 4182 997 4227 censetur.
1011 4173 1084 4226 Hi
1098 4172 1378 4227 commode
1392 4182 1767 4241 comparantur

736 4266 861 4300 cum
894 4242 1189 4315 Herculeam·
1226 4262 1339 4304 tum
1364 4251 1485 4320 quia
1526 4249 1767 4304 Herculis

736 4324 914 4381 lacerti
938 4326 1088 4380 solidi
1113 4340 1166 4382 et
1191 4330 1292 4382 tori
1320 4326 1510 4396 passim
1539 4327 1765 4382 laudan-

2777 1749 2882 1805 235

1849 1902 1939 1944 tur
1962 1910 1992 1943 a
2019 1891 2185 1960 poetis
2205 1930 2220 1956 ,
2255 1909 2481 1959 quorum
2507 1891 2620 1944 loca
2641 1888 2883 1961 diligen-

1849 1970 2042 2024 tissime
2070 1969 2120 2023 h.
2146 1969 2179 2022 l.
2204 1968 2411 2039 collegit
2436 1969 2689 2022 Heinsius
2707 2008 2724 2035 ,
2758 1979 2876 2022 tum

1849 2051 1969 2120 quia
1993 2049 2076 2103 ille
2097 2051 2161 2102 ab
2177 2049 2383 2103 athletis
2399 2050 2695 2114 colebatur,
2729 2049 2879 2116 eius-

1847 2148 1948 2197 que
1983 2139 2165 2183 statua:
2205 2128 2262 2180 in
2305 2127 2587 2199 gymnasiis
2620 2137 2788 2180 erant.
2808 2154 2877 2168 —

1849 2207 2044 2277 Regius
2082 2217 2265 2261 noster
2306 2207 2470 2260 codex
2511 2207 2563 2259 A
2598 2208 2876 2259 solidatur

1847 2284 2245 2351 mon-semmam·
2272 2283 2337 2337 de
2364 2284 2472 2338 aliis
2490 2283 2652 2353 hujus
2666 2281 2763 2336 loci
2781 2303 2878 2335 va-

1847 2363 1937 2416 riis
1955 2362 2263 2416 lectionibus
2278 2362 2396 2416 vide
2418 2363 2699 2415 Heinsium
2720 2363 2876 2431 longe

1849 2439 2241 2510 disputantem;
2280 2440 2397 2494 vide
2420 2440 2577 2494 etiam
2604 2441 2876 2494 Burman·

1850 2534 2000 2568 num.
2023 2519 2122 2569 Ed.
2149 2542 2215 2557 —-
2247 2514 2328 2569 Illi
2355 2514 2530 2569 lacerti
2554 2535 2699 2571 nunc
2724 2525 2878 2569 erant

1848 2600 2029 2649 thanes
2045 2635 2059 2658 ,
2092 2595 2146 2648 id
2174 2606 2254 2649 est
2271 2634 2286 2662 ,
2308 2595 2497 2665 quibus
2520 2614 2635 2649 non
2657 2596 2881 2665 amplius

1849 2674 2117 2729 colluctari
2131 2676 2877 2746 poterat.—Huidaspeaedeae,

1852 2755 2163 2821 marcuisse,
2188 2774 2371 2809 carnes
2395 2764 2449 2808 et
2472 2754 2665 2808 robora
2679 2755 2882 2808 amisis-

1851 2852 1906 2887 se
1924 2854 1936 2897 ;
1956 2832 2186 2899 Plinius,
2204 2832 2288 2887 ΠΙ
2306 2871 2322 2899 ,
2342 2832 2440 2902 Ep.
2455 2849 2544 2899 vt,
2564 2854 2623 2897 a,
2641 2831 2705 2885 de
2723 2850 2878 2896 sene,

1844 2914 2068 2979 pendeat
2087 2916 2287 2973 lacerti,
2311 2913 2721 2979 papillaejacent.
2747 2913 2880 2965 Ha-

1855 2990 2002 3043 rebat
2037 2989 2342 3044 Gronovius
2376 2987 2439 3042 ad
2475 2988 2694 3043 Seneca
2717 2990 2882 3043 Hem.

1856 3070 1981 3123 Fur.
1995 3069 2113 3136 624,
2133 3069 2187 3121 in
2203 3107 2218 3135 ,
2237 3070 2620 3137 thanes-fluidas
2634 3073 2846 3122 lacertos
2857 3085 2880 3132 ,·

1855 3147 2030 3216 itaque
2050 3156 2215 3200 tentat
2232 3185 2247 3213 ,
2269 3167 2418 3215 quum
2430 3154 2630 3213 spectat
2639 3152 2694 3200 in
2706 3165 2877 3208 anne,

1858 3237 1920 3281 ut
1933 3243 2056 3277 mox
2075 3224 2284 3278 Helena
2299 3224 2355 3277 in
2373 3223 2602 3293 speculo.
2617 3224 2745 3278 Sine
2754 3243 2882 3279 cau-

1858 3302 2494 3374 sa.Etalibiduoepitheta
2507 3305 2602 3358 uni
2613 3304 2880 3359 adduntur

1856 3385 2181 3439 substantivo
2199 3423 2215 3451 ,
2242 3385 2400 3437 etiam
2418 3404 2449 3437 a
2465 3385 2676 3439 Nostro.
2695 3386 2883 3437 Inna

1859 3465 1922 3518 ad
1945 3465 2241 3533 subiectum
2260 3464 2518 3533 pertinet,
2534 3475 2588 3518 et
2587 3468 2782 3533 stue'das
2795 3463 2882 3517 ba·

1857 3544 1948 3597 bet
1977 3545 2083 3596 vim
2111 3544 2371 3612 predic-ati
2393 3539 2424 3605 ς’
2449 3543 2658 3597 videbat
2699 3543 2881 3597 inanes

1857 3641 1980 3676 suos
2003 3622 2224 3676 lacertos
2247 3619 2480 3690 pendere
2502 3620 2710 3675 fluidos.

1926 3702 2038 3753 233.
2079 3701 2130 3750 Τ
2114 3705 2362 3770 sudauit,
2407 3699 2614 3753 Helena
2645 3697 2884 3770 Tyndari

1859 3791 1916 3833 et
1938 3777 2092 3831 Ledae
2118 3777 2237 3829 filia.
2262 3779 2441 3831 Ed.—
2459 3779 2567 3832 Pro
2583 3818 2599 3846 ,
2623 3778 2763 3831 dolet
2785 3797 2883 3831 vc—

1859 3866 2124 3917 nustatem
2143 3854 2323 3908 abiisse
2340 3894 2356 3919 ,
2385 3856 2571 3909 melius
2584 3896 2600 3920 ,
2621 3874 2788 3909 secun
2801 3874 2886 3908 ιτ-

1859 3940 2032 4004 quirit.
2059 3954 2151 3987 cnr
2165 3940 2236 3986 sit
2248 3939 2326 3985 bis
2353 3934 2416 3999 (a
2435 3933 2644 3989 Theseo
2662 3944 2718 3988 et
2737 3933 2885 3989 Pan’-

1862 4014 1966 4078 de)
1991 4024 2154 4080 [αμα.
2189 4012 2413 4066 Helenae
2443 4024 2624 4071 autem
2647 4010 2884 4083 exemplo

1864 4095 2063 4157 utitur,
2102 4093 2222 4161 quia
2246 4093 2601 4162 pulchriorem
2625 4094 2883 4149 feminam

1863 4191 1970 4225 non
1997 4183 2215 4225 noverat
2240 4171 2537 4239 antiquitas.

1931 4251 2041 4316 234.
2068 4252 2261 4304 Denles
2295 4249 2492 4303 dantur
2528 4269 2642 4305 oevo
2672 4258 2884 4321 propter

1863 4327 2189 4384 edacitatem.
2212 4330 2279 4385 13·
2303 4330 2484 4384 omnia
2499 4336 2754 4397 w’te'aaem
2780 4346 2885 4381 ro·-
