3185 5138
591 559 1619 627 METAMORPHOSEON
1670 562 1863 628 LIB.
1922 563 2152 631 VIII.
2339 579 2354 593 '
2407 591 2453 656 9

325 735 362 767 »
402 703 492 774 Et
523 729 644 773 cur
672 699 804 773 ulla
838 699 1013 773 soret
1042 729 1145 774 me
1185 701 1474 774 sortior?
1508 702 1603 775 ire
1636 730 1755 802 per
1789 703 1971 798 ignes
1994 759 2013 789 ‚

327 851 363 882 ›>
403 818 531 890 Per
561 815 817 911 gladios
852 816 1061 889 ausim
1093 846 1109 889 ε
1144 846 1357 917 neque
1392 817 1463 890 in
1497 816 1630 890 hoc
1666 836 1882 892 tamen
1911 819 2183 914 ignibus
2212 817 2403 909 ulliS,

329 967 381 1017 »2
402 936 544 1006 Aut
576 933 815 1029 gladiis
853 962 1024 1034 opus
1066 951 1200 1020 est3
1239 961 1409 1034 opus
1439 952 1541 1007 est
1575 932 1737 1006 mihi
1772 936 1948 1008 crine
1982 951 2257 1036 paterno
2289 964 2305 1007 :

328 1083 365 1114 »
405 1048 527 1122 Ille
559 1051 721 1123 mihi
756 1069 856 1124 est
888 1079 1048 1123 auro
1083 1049 1438 1150 pretiosior
1470 1080 1485 1122 ε
1518 1049 1632 1123 illa
1661 1051 1921 1124 beatam

329 1198 366 1230 »
409 1166 713 1265 Purpura
744 1194 846 1239 me
869 1221 888 1254 ‚
925 1165 1194 1265 votique
1227 1166 1355 1238 mei
1390 1165 1639 1239 factura
1669 1183 2027 1266 potentem.
2071 1198 2106 1230 »

422 1280 611 1353 Talia
647 1281 925 1369 dicenti,
966 1309 1267 1355 curarum
1308 1282 1587 1355 maxima
1621 1281 1847 1354 nutrix

321 1400 476 1470 Nox
507 1396 900 1485 intervenit3
945 1397 1367 1497 tenebrisque
1402 1396 1671 1470 audacia
1699 1397 1918 1470 crevit.

324 1512 543 1585 Prima
580 1513 766 1613 quies
802 1513 1061 1601 aderat,
1101 1541 1245 1614 qua‘
1269 1513 1447 1586 curis
1479 1512 1652 1586 fessa
1683 1511 1943 1585 diurnis

324 1630 602 1703 Pectora
632 1658 908 1703 somnus
942 1630 1146 1703 habet
1176 1659 1191 1702 :
1225 1628 1545 1703 thalamos
1580 1629 1906 1702 taciturna
1939 1647 2248 1729 paternos

325 1746 572 1834 Intrat3
611 1764 676 1819 et
697 1803 714 1835 ‚
748 1748 878 1820 heu
913 1746 1198 1820 facinus!
1238 1746 1418 1820 fatali
1450 1764 1601 1820 nata
1637 1763 1972 1847 parentem
2390 1768 2456 1819 85

328 1868 523 1942 Crine
561 1869 1066 1970 suum'spoliat3
1104 1868 1452 1970 praedaque
1489 1870 1706 1970 potita
1739 1867 2021 1947 nefanda

322 1992 481 2064 Fert
513 2019 734 2065 secum
770 1991 1059 2092 spolium
1095 1991 1395 2080 sceleriS‚
1430 2020 1914 2093 progressaque
1946 2009 2141 2093 porta

391 2200 467 2268 76.
499 2202 655 2264 Ima,-
686 2201 835 2271 Regii
862 2204 1053 2271 nostri,
1072 2208 1349 2258 illm—Per

320 2283 537 2347 gladios.
556 2322 569 2334 .
589 2322 601 2333 .
625 2299 807 2350 πηνα
844 2283 1037 2353 Regius
1066 2285 1110 2336 Α
1131 2324 1145 2351 ,
1172 2305 1344 2339 nec.—

326 2362 422 2411 Illc
444 2360 708 2424 revocavi,
734 2361 853 2429 quia
877 2361 949 2414 sic
972 2381 1157 2416 omnes
1177 2361 1344 2416 Codi-

325 2457 408 2491 ces
440 2448 632 2507 praeter
667 2438 995 2506 Juniznum,
1031 2440 1172 2494 unde
1199 2442 1341 2494 Bur-

328 2533 486 2569 mann
496 2536 553 2568 us
567 2520 663 2569 illa
677 2518 873 2587 recepit
888 2557 903 2585 ‚
922 2528 981 2572 ut
1002 2518 1064 2572 ad
1074 2539 1343 2587 purpuram

328 2597 626 2648 referretur.
652 2596 800 2669 Regii
826 2597 1009 2659 amb0,
1034 2601 1142 2650 illa.

393 2675 424 2725 8
436 2693 451 2723 ι
461 2711 473 2722 .
504 2675 744 2725 Curatum
758 2679 983 2726 maaet'nm
994 2678 1175 2726 nutrit.
1192 2675 1343 2729 Novo

328 2762 604 2804 momento
616 2771 745 2822 opus
770 2764 883 2806 erat
901 2794 915 2819 ,
933 2773 1038 2821 quo
1055 2764 1219 2822 coepta
1238 2765 1343 2807 tam

329 2832 539 2885 audacia
571 2834 1019 2888 confirmarentur
1055 2835 1109 2888 in
1149 2836 1342 2890 animo.

322 2912 439 2962 Not
460 2930 614 2964 curas
637 2912 853 2980 quidem
877 2915 1086 2965 de'temas
1102 2953 1115 2973 ‚
1150 2913 1201 2966 id
1231 2925 1309 2967 est
1326 2953 1342 2979 ,

327 2987 586 3043 labor-eset
600 2990 810 3058 negotia
825 2990 1071 3057 pet-diem
1087 3003 1342 3060 suscepta,

328 3066 475 3128 suain
500 3066 592 3121 sed
613 3067 800 3120 eadem
824 3068 1032 3121 silentio
1059 3088 1156 3121 suo
1183 3081 1234 3122 et
1258 3089 1346 3123 so-

326 3142 546 3196 litudine
565 3143 702 3196 aliud
716 3163 944 3197 curarum
956 3164 1140 3213 genus,
1152 3165 1344 3215 nempe

328 3240 451 3288 quas
474 3241 624 3274 amor
640 3222 795 3275 habet
814 3262 829 3288 ‚
855 3227 1041 3284 nutrit,
1072 3233 1186 3275 tum
1200 3236 1345 3276 tene-

329 3304 457 3358 brelr.
485 3301 674 3369 quibus
697 3301 930 3354 facinora
953 3302 1210 3369 occultat,
1238 3302 1345 3355 ho-

332 3379 538 3431 minum
562 3383 834 3431 audaciam
858 3389 1026 3448 auget.
1065 3380 1186 3431 Non
1211 3380 1344 3433 bene

330 3468 506 3509 autem
532 3478 662 3510 cure
687 3458 758 3510 sic
786 3457 862 3510 bis
884 3457 1077 3526 positae.
1092 3485 1156 3497 —
1180 3461 1346 3511 Tene-

332 3538 552 3604 bn'sque,·
577 3536 772 3604 Regius
793 3537 838 3588 Α
855 3575 869 3602 ,
887 3539 1352 3590 tenebris.—Habct

329 3635 531 3668 somnus
549 3656 562 3676 ,
584 3628 643 3669 ut
666 3617 773 3671 Vll
794 3656 810 3683 ,
829 3618 927 3689 329
946 3657 961 3684 ,
988 3616 1052 3669 ad
1073 3637 1232 3686 quem
1257 3618 1346 3671 lo-

329 3713 450 3747 cum
477 3693 612 3745 vide.

392 3771 473 3837 84.
518 3773 839 3824 Tace'tumum
875 3771 1020 3824 illum
1056 3772 1346 3842 ingressum

330 3848 572 3914 praeclare
618 3847 861 3902 describit
902 3849 1147 3918 Virgilius
1174 3889 1188 3914 ‚
1237 3850 1346 3904 Cir.

332 3942 430 3995 ²⁰9
444 3944 457 3977 :
473 3926 699 3978 Auribus
715 3932 922 3980 atrectt's
937 3939 1180 3980 nocturna
1192 3932 1350 3980 se'lea-

328 4006 408 4051 lla
419 4011 578 4055 tentat
593 4014 688 4056 ete.
703 4005 848 4057 —In
858 4004 1032 4071 satale'
1042 4014 1166 4057 nata
1172 4024 1348 4070 paren·

329 4089 426 4132 tem
448 4081 651 4150 singula
674 4083 831 4135 verba
849 4083 957 4136 vim
980 4082 1190 4135 habent.
1211 4084 1350 4137 Hinc

331 4160 657 4226 premissum
679 4161 991 4229 heusacinus
1006 4162 1021 4214 .'
1029 4161 1223 4228 fatali,
1245 4181 1350 4229 quo

332 4241 497 4293 satum
529 4241 684 4309 ipsius
709 4252 763 4294 et
792 4242 970 4311 patrie
995 4241 1270 4311 pendebat.
1286 4269 1352 4281 —

339 4318 536 4389 Regius
553 4319 735 4375 Codex
752 4321 800 4376 Α
824 4320 935 4378 haec
958 4322 1030 4376 ita
1051 4322 1231 4376 habet:
1247 4324 1352 4374 Fa-

1438 2209 1541 2258 tale·
1556 2210 1693 2259 crine
1706 2215 1961 2271 parentem
1989 2206 2125 2257 Nata
2157 2222 2300 2255 suum
2326 2221 2456 2270 spo-

1438 2285 1537 2334 liat
1547 2301 1566 2348 ‚·
1602 2301 1760 2351 quam
1783 2283 2063 2335 lectionem
2090 2279 2456 2349 simpliciorem

1439 2372 1492 2413 et
1516 2361 1685 2414 multo
1716 2360 2090 2429 elegantiorem
2125 2350 2455 2411 crediderim.

1441 2438 1604 2491 Hune
1647 2444 1829 2490 crinem
1860 2437 2080 2505 fatalem
2126 2437 2196 2488 ita
2241 2432 2458 2501 explicat

1440 2515 1634 2585 Georg.
1674 2515 1898 2569 Sabinus
1919 2555 1934 2583 ,
1974 2513 2110 2584 apud
2150 2516 2308 2581 quem
2340 2508 2459 2562 vide

1439 2595 1667 2648 similem
1692 2594 1960 2647 historiam
1977 2593 2042 2645 de
2059 2589 2302 2645 Romilda
2320 2591 2459 2642 Foro

1438 2674 1664 2727 Juliensi
1689 2692 1701 2726 :
1726 2673 1808 2726 hic
1827 2673 1983 2726 crinis
2010 2671 2264 2743 significat
2284 2689 2460 2723 secre-

1440 2765 1556 2807 tum
1578 2754 1688 2807 Nisi
1719 2753 1994 2806 consilium
2011 2793 2029 2818 ,
2054 2751 2194 2820 quod
2220 2750 2273 2804 in
2292 2748 2457 2819 eapite

1437 2850 1650 2886 summo
1675 2853 1688 2895 ς
1724 2831 1824 2884 boc
1860 2841 2038 2884 autem
2069 2829 2298 2883 hostibus
2322 2847 2457 2896 pro—

1440 2911 1576 2977 dito,
1612 2911 1736 2979 quid
1762 2922 1973 2980 superet
1997 2910 2094 2964 nisi
2121 2909 2260 2963 urbis
2285 2927 2459 2978 expu—

1440 2991 1619 3060 gnatio
1638 2991 1661 3043 ?
1680 2992 1788 3042 ›Ed.

1505 3072 1584 3141 87.
1600 3073 1822 3124 &cler-115.
1842 3068 2025 3122 Codex
2041 3069 2284 3138 antiquus
2298 3069 2411 3121 Jac.
2430 3087 2459 3120 a

1444 3149 1638 3216 Cruce,
1659 3151 1933 3205 Mediceus
1943 3151 2104 3219 prior,
2125 3148 2332 3202 Ersord.
2352 3148 2460 3201 Ca-

1438 3227 1608 3281 landr.
1655 3228 1931 3297 pluresque
1969 3227 2054 3280 alii
2079 3267 2097 3292 ,
2141 3231 2329 3280 celeris.
2373 3225 2460 3279 Sic

1440 3305 1602 3358 etiam
1631 3306 1923 3359 Priscianus
1958 3305 2131 3359 locum
2162 3303 2369 3370 laudat,
2402 3316 2462 3356 ut

1442 3382 1627 3436 doceat
1644 3422 1659 3448 ‚
1676 3387 1808 3435 celer
1818 3384 2134 3435 femininum
2153 3384 2321 3435 facere
2334 3384 2462 3450 cese-

1440 3467 1526 3515 relr.
1542 3462 1792 3515 Heinsius
1805 3481 1931 3515 vero
1948 3474 2120 3516 totum
2139 3480 2348 3514 versum
2366 3460 2461 3513 de-

1442 3538 1664 3591 lendum
1675 3549 1852 3591 censet
1871 3577 1885 3604 ,
1907 3539 2027 3607 quia
2041 3577 2055 3604 ,
2076 3540 2131 3590 in
2151 3538 2459 3590 Florentino

1443 3614 1498 3668 S.
1539 3615 1711 3668 Marci
1731 3654 1746 3681 ‚
1791 3614 2014 3683 margini
2056 3613 2340 3682 adscriptus
2383 3625 2462 3667 est

1442 3715 1606 3747 manu
1648 3695 1956 3748 recentiore.
2000 3696 2061 3748 ln
2100 3695 2178 3748 his
2219 3714 2343 3748 sane
2384 3706 2461 3748 est

1442 3771 1796 3825 redundantia
1820 3771 2097 3841 quaedam;
2135 3792 2244 3826 non
2282 3785 2461 3826 tamen

1443 3861 1722 3920 propterea
1735 3871 1944 3904 versum
1965 3855 2047 3921 87,
2067 3871 2189 3905 cum
2205 3850 2428 3904 Heinsio
2441 3891 2457 3917 ,

1443 3928 1674 3995 deleam,
1693 3949 1855 3998 quum
1873 3930 2095 3984 Ovidius
2107 3948 2240 3999 saepe
2255 3929 2308 3980 in
2329 3927 2463 3981 hanc

1444 4016 1648 4081 partem
1671 4018 1866 4075 peccet.
1888 4008 1946 4061 Si
1964 4012 2188 4069 sederes,
2210 4007 2464 4074 quoniam

1443 4085 1665 4152 nefanda
1690 4086 1976 4155 praecessit,
2007 4084 2271 4154 displicet,
2304 4087 2463 4156 possis

1444 4183 1568 4218 cum
1605 4165 1873 4218 Prisciano
1904 4168 2080 4217 celeris
2113 4166 2372 4235 praeserre.
2396 4192 2462 4208 —

1447 4242 1600 4313 Regii
1624 4242 1789 4296 nostri
1827 4262 2037 4295 versum
2062 4244 2266 4313 qualem
2301 4264 2363 4297 ex
2397 4245 2459 4297 cl.

1452 4321 1928 4391 Cice-&accepimus
1950 4321 2237 4407 habente-
2250 4323 2372 4379 Non
2391 4332 2463 4376 te·
