3185 5138
727 455 1766 574 METAMoRPHosEoN
1816 508 2009 575 ΜΒ.
2068 513 2159 577 x.
2483 516 2514 544 -·

377 644 554 715 Hinc
592 642 717 716 tria
750 642 924 714 sorte
956 671 1098 715 mea
1135 644 1401 718 veniens
1437 644 1746 745 decerpta
1775 645 2064 721 ferebam

381 761 601 831 Aurea
634 786 832 857 poma
865 786 1106 842 manu;
1141 757 1441 860 nullique
1473 761 1788 861 videnda,
1826 764 1954 837 nisi
1991 764 2159 864 ipsi,

381 874 850 974 Hippomenen
892 873 1065 961 adii3
1104 874 1434 977 docuique
1459 935 1477 965 ‚
1515 879 1666 978 quis
1693 908 1855 952 usus
1891 879 1959 951 in
1997 879 2147 953 illis.

385 990 587 1088 Signa
626 989 800 1062 tubae
836 988 1191 1078 dederant,
1229 1021 1432 1092 quum
1473 1023 1727 1068 carcere
1757 1025 2016 1097 pronus
2052 1017 2329 1099 uterque

385 1106 674 1192 Emicat,
711 1124 777 1179 et
811 1134 1130 1180 summam
1166 1107 1361 1181 celeri
1394 1109 1561 1210 pede
1590 1109 1757 1184 libat
1786 1141 2067 1186 arenam.
2320 1106 2327 1113 ⁴

384 1224 589 1298 Posse
622 1242 817 1324 putes
856 1223 1006 1297 illos
1042 1224 1216 1298 sicco
1255 1224 1420 1298 freta
1453 1225 1681 1300 radere
1717 1257 1915 1329 passu
1939 1285 1956 1317 ‚

385 1343 474 1412 Et
512 1339 753 1435 segetis
779 1368 958 1433 ‘canae
996 1357 1244 1413 stantes
1280 1370 1662 1441 percurrere
1699 1344 1952 1417 aristas.
2424 1367 2528 1421 655

382 1455 724 1555 Adjiciunt
752 1456 1008 1530 animos
1037 1457 1259 1556 juveni
1297 1457 1677 1560 clamorque
1701 1519 1719 1550 ‚
1756 1459 2069 1561 favorque
2091 1516 2109 1547 ‚

384 1650 445 1683 ex
467 1631 605 1685 Fast-
636 1632 662 1685 Ι
686 1671 701 1698 ,
740 1652 797 1701 77
823 1672 837 1698 ,
863 1635 1093 1686 Hammo
1127 1638 1286 1687 nitore
1315 1652 1406 1688 suo

381 1713 667 1777 templorum
682 1714 909 1762 verberat
924 1730 1099 1763 aurum
1112 1752 1124 1772 ,
1151 1723 1206 1764 et
1219 1721 1404 1765 tremu-

383 1791 484 1839 lum
511 1807 706 1840 summa
731 1792 927 1855 spargi!
948 1793 1000 1840 1⁸11
1026 1793 1132 1842 ede
1145 1791 1318 1857 jubar.
1340 1819 1406 1831 —

391 1864 540 1933 Regii
574 1864 739 1919 nostri
771 1875 982 1918 servant
1012 1870 1371 1934 crepitantibus
1386 1910 1401 1933 ‚

390 1942 529 2011 quod
552 1944 814 1996 sincerum
837 1954 979 2012 puto.
1001 1946 1098 1997 Ed.

454 2020 566 2091 649.
591 2023 711 2073 Mea
734 2027 950 2074 venei-os.
966 2022 1121 2075 Unus
1139 2022 1407 2077 Leidensis

395 2117 506 2149 mea
514 2099 755 2164 J'uveo12s3
794 2099 1045 2153 Heinsius
1073 2101 1287 2170 conjicit
1297 2103 1403 2169 ju-

395 2180 533 2239 vem}
565 2174 905 2229 Constantius
927 2177 1053 2229 Fan.
1072 2188 1124 2229 et
1141 2178 1408 2238 Burman-

395 2270 494 2303 nus
517 2271 621 2304 meo
635 2253 850 2320 juveni,
883 2262 942 2305 ut
972 2253 1174 2306 Adonis
1201 2255 1409 2308 intelli—

396 2339 590 2403 gatur3*
614 2330 735 2383 satis
767 2330 956 2384 blande
995 2342 1049 2385 et
1085 2333 1319 2386 comiter.
1345 2361 1411 2372 —

396 2409 546 2478 Regii
585 2411 750 2462 nostri
785 2416 1022 2464 veniens:
1057 2411 1210 2464 lectio
1232 2414 1417 2478 juveni

394 2487 547 2554 paulo
563 2486 799 2540 subtilior
807 2485 1029 2540 videtur.
1044 2490 1272 2539 Ed.—Jn
1285 2491 1409 2548 ille's,

393 2565 600 2619 illorum
620 2607 635 2633 ,
666 2579 785 2632 aut,
815 2566 926 2620 illis.
952 2566 1038 2620 Sic
1062 2567 1137 2620 lx
1158 2605 1173 2632 ,
1199 2567 1298 2636 670
1315 2607 1330 2632 ,
1355 2573 1410 2619 io

388 2650 502 2708 illo,
535 2648 669 2700 illius
693 2670 705 2711 ς
733 2648 843 2701 Vll
866 2687 880 2714 ,
917 2648 1013 2700 682
1037 2669 1048 2710 ;
1085 2647 1252 2712 XIV,
1297 2648 1408 2700 268.

396 2724 570 2778 Etiam
598 2725 843 2797 Hyginus
867 2730 1072 2779 edoctus
1088 2766 1102 2787 ‚
1152 2729 1264 2792 quis
1290 2744 1412 2777 usus

392 2809 444 2856 in
469 2808 544 2856 eis
566 2813 711 2856 esset.

459 2882 574 2935 652.
611 2883 767 2949 Signa
783 2884 911 2933 lube
927 2884 1181 2934 dederant.
1209 2881 1270 2933 In
1288 2899 1415 2949 seqq

397 2960 639 3030 expressit
675 2959 907 3013 nobilem
939 2960 1237 3013 certaminis
1267 2979 1413 3012 nau-

397 3041 482 3093 tici
501 3038 904 3108 descriptionem
928 3038 1064 3109 apud
1082 3039 1264 3108 Virgil.
1287 3039 1413 3092 AEn.

402 3121 482 3186 V,
522 3122 614 3186 124
637 3139 749 3188 sqq.
785 3121 929 3171 Tuba
954 3121 1161 3189 signum
1194 3117 1415 3172 dabatur

403 3209 453 3251 et
481 3197 535 3250 in
560 3197 745 3268 praeliis
776 3208 828 3249 et
855 3198 910 3250 in
939 3197 1325 3250 certaminibus.
1351 3226 1417 3237 —

402 3277 595 3328 Pronus
620 3273 824 3348 egregie
850 3274 1016 3344 pingit
1043 3275 1216 3327 nisum
1244 3284 1296 3326 et
1320 3273 1417 3326 ha-

404 3354 568 3407 bitum
604 3373 790 3407 eorum
809 3393 823 3420 ,
853 3354 940 3423 qui
960 3393 975 3421 ‚
1004 3363 1062 3407 ut
1088 3355 1192 3407 vim
1222 3353 1417 3407 addant

404 3433 645 3487 emicanti
663 3434 868 3502 corpori
887 3473 901 3500 ,
927 3443 1138 3486 extenso
1157 3433 1319 3486 altero
1334 3453 1418 3502 pe-

401 3512 464 3565 de
481 3513 829 3582 inclinataque
848 3511 911 3564 ad
935 3523 1129 3564 terram
1150 3512 1416 3581 superiore

398 3590 629 3661 corporis
652 3600 797 3658 parte
818 3630 832 3655 ‚
863 3609 916 3642 se
941 3590 1192 3642 emittunt
1221 3591 1275 3642 in
1302 3600 1417 3642 sta-

400 3665 562 3719 dium.
587 3665 694 3720 Sed
719 3665 773 3718 id
798 3667 989 3720 Noster
1015 3665 1216 3718 habeta
1241 3664 1421 3735 Virgi—

398 3743 493 3811 lio,
516 3745 655 3799 dicto
676 3744 790 3797 loco
804 3785 819 3810 ,
837 3764 967 3799 vers.
991 3745 1077 3814 147
1094 3783 1109 3810 ,
1127 3744 1213 3798 ubi
1228 3742 1421 3813 aurigae

396 3827 549 3884 proni
565 3827 618 3873 io
643 3826 848 3874 verbera
864 3825 1110 3888 pendent,
1151 3831 1203 3873 et
1227 3822 1421 3890 Georg.

403 3898 486 3951 ΙΙΙ
502 3938 516 3964 ,
545 3919 657 3969 107,
672 3906 827 3967 proni
837 3905 968 3953 dant
983 3904 1106 3954 lora.
1123 3899 1295 3968 Supra
1315 3900 1391 3952 IX
1406 3937 1421 3964 ,

406 3978 468 4043 44
488 4016 503 4041 ,
537 3976 677 4029 idem
702 3978 877 4032 vocab.
909 3978 972 4031 de
1006 3978 1335 4031 luctantibus.
1359 4004 1425 4015 —

411 4054 621 4106 Car-cere
644 4073 740 4122 pro
766 4056 1028 4108 usitatiore
1046 4095 1060 4120 ‚
1083 4054 1389 4108 carceribus.

472 4129 584 4197 654,
610 4133 770 4183 Posse
782 4145 945 4199 putes.
983 4133 1064 4185 lta
1087 4130 1427 4184 celerrimum

411 4227 623 4263 cursum
646 4228 903 4278 equorum
923 4208 1306 4277 hominumque
1332 4207 1428 4261 de·-

411 4290 728 4360 scripserunt
752 4289 970 4345 Veteres
993 4330 1007 4358 ,
1038 4290 1259 4344 Ilomer.
1290 4287 1393 4343 11.r
1410 4327 1426 4356 ,

1506 1634 1739 1704 anfisqqz
1762 1631 2004 1705 Apollon.
2024 1636 2068 1701 1,
2093 1654 2211 1705 179;
2234 1634 2380 1704 Virg.
2400 1635 2526 1687 AEn·

1506 1711 1616 1764 Vll
1637 1752 1651 1779 ‚
1679 1713 1777 1765 808
1799 1733 1911 1782 sqq.
1939 1713 2017 1766 Ea
2037 1711 2371 1764 volubilitatis
2392 1712 2525 1764 ratio

1504 1789 1729 1843 offendit
1743 1791 1936 1844 multos
1955 1804 1971 1857 ,·
1994 1791 2078 1842 vix
2094 1797 2272 1842 autem
2290 1788 2529 1841 offendet

1504 1888 1624 1936 eos,
1663 1869 1850 1938 quibus
1881 1886 2095 1922 cursum
2133 1885 2394 1936 equorum
2422 1884 2529 1918 eo-

1503 1969 1623 2002 rum
1636 1990 1650 2015 ‚
1670 1968 1795 2017 quas
1811 1949 1991 2001 Batavi
2006 1950 2307 2001 Hartlraber
2318 1955 2526 2012 vocant,

1503 2038 1736 2096 spectare
1768 2027 1999 2095 contigit.
2036 2027 2115 2080 Ita
2146 2026 2291 2078 enim
2320 2025 2389 2077 illi
2423 2044 2529 2076 vo—

1505 2105 1644 2167 lant,
1664 2116 1725 2158 ut
1742 2116 1936 2158 terram
1958 2104 2163 2174 ungulis
2179 2115 2393 2174 tangere
2412 2123 2525 2157 non

1505 2182 1799 2236 videantur.
1832 2183 2023 2236 Noster
2058 2180 2190 2234 adeo
2213 2221 2227 2246 ,
2267 2182 2344 2234 rei
2380 2182 2530 2234 mol-

1504 2260 1691 2314 liendae
1727 2280 1877 2313 causa
1898 2258 2095 2325 ‚addit
2120 2299 2134 2323 ‚
2176 2263 2336 2312 Posse
2359 2269 2526 2327 putes.

1503 2339 1609 2393 Sed
1634 2338 1768 2409 apud
1800 2338 2075 2411 Hyginum
2110 2337 2208 2389 sab.
2236 2338 2301 2409 89
2320 2377 2334 2403 ,
2368 2336 2489 2405 equi
2512 2376 2527 2403 ,

1505 2439 1635 2488 quos
1665 2419 1795 2471 Troi
1836 2415 2053 2469 dederat
2087 2417 2298 2485 Jupiter
2327 2456 2341 2481 ‚
2384 2435 2535 2483 super

1503 2515 1663 2562 aquas
1687 2505 1740 2545 e!
1756 2499 1946 2546 oristas
1965 2496 2241 2545 ambulant.
2252 2496 2494 2546 -Passu
2506 2533 2519 2555 ,

1505 2571 1653 2642 pede.
1671 2575 1874 2625 Radere
1887 2612 1899 2630 .
1930 2569 2035 2623 leni
2056 2568 2251 2639 pedum
2268 2581 2417 2623 motu
2438 2589 2532 2639 per

1504 2649 1776 2703 intervalla
1815 2648 1998 2702 leviter
2045 2647 2300 2717 attingere
2352 2667 2364 2700 :
2412 2648 2530 2702 vide

1506 2727 1773 2780 VValken.
1785 2726 1849 2778 ad
1866 2723 2177 2794 Euripidem
2190 2724 2376 2778 Phoen.
2397 2745 2526 2778 vers.

1513 2808 1655 2878 ¹399·
1682 2803 1840 2874 Apud
1872 2804 2174 2857 Minucium
2204 2803 2314 2856 Fel.
2346 2803 2400 2857 11
2423 2844 2436 2868 ‚
2462 2804 2493 2856 3
2514 2840 2529 2865 ‚

1508 2894 1639 2936 testa
1663 2883 1743 2935 illa
1762 2922 1777 2949 ,
1806 2901 1909 2951 qua
1924 2882 2072 2951 pueri
2094 2880 2314 2940 ludunt,
2342 2880 2532 2934 dicitur

1510 2964 1724 3016 dorsum
1744 2961 1902 3014 maris
1914 2961 2099 3013 radere.
2113 2959 2282 3030 Supra
2296 2958 2395 3026 IV,
2414 2960 2503 3011 561
2516 2999 2531 3024 ,

1508 3041 1580 3093 sic
1597 3051 1672 3093 est
1692 3036 2293 3104 destn’ugeree-Staotes,
2321 3048 2534 3089 erectas.

1511 3119 1790 3189 Propertio
1810 3158 1825 3185 ,
1853 3118 1933 3171 lv
1951 3156 1966 3183 ,
1994 3133 2049 3184 v,
2080 3139 2135 3170 ια
2155 3157 2170 3184 ,
2193 3122 2387 3169 stantia
2410 3126 2537 3170 sunt

1508 3209 1706 3267 segetes
1719 3236 1734 3264 ‚
1762 3196 1996 3260 frutices,
2023 3196 2530 3249 δώσων-[ἐνεαν-

1508 3295 1612 3327 rere
1644 3280 1833 3327 art’stas
1857 3314 1870 3336 ‚
1907 3292 2118 3325 currere
2151 3291 2307 3341 super
2341 3271 2535 3323 aristas.

1515 3353 1761 3424 Virgilius
1786 3350 1837 3404 d.
1857 3352 1890 3404 l.
1910 3354 2014 3403 Illa
2032 3355 2122 3404 vel
2136 3356 2339 3404 e'otacle
2352 3354 2534 3416 segete&

1503 3454 1600 3502 per
1613 3453 1808 3486 summa
1824 3435 2017 3485 wluret
2039 3435 2314 3491 Gramina,
2346 3449 2439 3483 nec
2458 3438 2537 3481 le·-

1513 3531 1662 3565 neras
1685 3530 1831 3564 cursu
1855 3513 2068 3562 laeseirse!
2084 3513 2289 3561 aristas.

1581 3589 1695 3641 656.
1717 3591 1881 3640 Fauor
1895 3586 2101 3656 proprie
2126 3584 2190 3638 de
2211 3585 2363 3638 variis
2386 3584 2535 3654 plau-

1513 3686 1598 3721 sus
1635 3664 1911 3734 generibus
1941 3704 1955 3730 ,
2003 3662 2189 3731 quibus
2234 3662 2285 3715 in
2332 3662 2537 3716 theatro

1517 3744 1794 3797 histriones
1818 3750 1870 3792 et
1892 3739 1947 3792 in
1965 3737 2133 3792 stadio
2157 3750 2415 3793 certantes
2440 3738 2534 3790 in·-

1516 3819 1659 3875 citari
1681 3819 1931 3873 solebant.
1947 3818 2092 3888 Virg.
2108 3817 2271 3884 AE.V,
2297 3817 2406 3884 1483
2426 3817 2536 3868 Ho-

1519 3920 1648 3953 mer.
1678 3899 1736 3952 ll.
1759 3907 1801 3951 Ψ
1816 3933 1829 3958 .
1858 3897 1968 3967 766,
1991 3926 2057 3937 -
2079 3899 2227 3950 Nunc
2244 3937 2257 3957 ,
2286 3914 2417 3948 nunc
2440 3904 2540 3947 etc.

1520 4001 1548 4033 e
1565 3977 1804 4048 Virgilio,
1824 3996 1953 4031 vers.
1977 3979 2094 4049 189:
2111 3978 2354 4028 Hortatur
2366 3975 2543 4027 Moes-

1518 4060 1661 4111 theus
1685 4076 1699 4108 :
1723 4074 1880 4117 nunc,
1913 4073 2045 4107 nunc
2069 4059 2308 4121 insurgite
2327 4057 2545 4124 amin...

1521 4153 1652 4187 nunc
1679 4137 1800 4185 illas
1815 4136 2028 4199 promile
2057 4137 2188 4184 vires
2207 4172 2220 4194 ,
2254 4150 2386 4184 nunc
2416 4134 2545 4183 ani-

1522 4229 1632 4263 mos
1644 4248 1723 4262 .....
1738 4211 1853 4261 Hoc
1886 4213 2085 4264 vincite.
2127 4237 2191 4249 --
2227 4211 2518 4263 Incumbere
2532 4245 2549 4272 5

1521 4287 1730 4341 incitari
1758 4287 1813 4339 in
1836 4303 2006 4344 cursu.
