3185 5138
601 562 636 585 κ
713 530 842 597 352

1264 531 1342 597 P.
1410 530 1767 598 OVIDII
1821 531 2271 601 NASONIS

709 667 916 766 Quod
952 667 1252 743 Priamus
1286 668 1568 764 gaudere
1603 697 1798 744 senex
1829 688 1988 771 post
2024 670 2312 746 Hectora
2345 694 2610 775 posset,

709 788 857 860 Hoc
886 784 1015 858 suit
1043 815 1059 857 ε
1089 782 1198 859 ille
1229 782 1436 879 igitur
1463 802 1797 860 tantorum
1829 787 2075 873 victor,
2113 788 2372 865 Achille
2394 848 2415 879 ,

709 899 1010 974 Vinceris
1045 928 1081 974 a
1116 898 1350 973 timido
1390 900 1602 975 Graiae
1634 920 1897 1003 raptore
1932 903 2214 977 maritae!

709 1016 803 1087 At
835 1014 890 1088 si
923 1012 1209 1088 femineo
1241 1013 1454 1087 suerat
1491 1014 1613 1088 tibi
1649 1016 1864 1089 Marte
1898 1015 2299 1105 cadendum,

2728 1015 2832 1093 διὸ

708 1128 1302 1204 Thermodontiaca
1337 1126 1565 1204 malles
1600 1129 1910 1205 cecidisse
1936 1130 2235 1251 bipenni.

700 1325 907 1390 perdere
939 1323 993 1374 in
1026 1327 1268 1390 sangnine
1289 1325 1456 1389 plebis·
1471 1362 1485 1384 ‚
1534 1320 1724 1376 flustra

710 1399 920 1451 mittere
943 1397 1043 1453 tela
1056 1400 1110 1451 in
1125 1398 1313 1451 milites
1328 1397 1604 1468 gregarios,
1617 1399 1725 1467 qui·

707 1475 806 1529 bus
829 1475 1111 1531 intersectis
1140 1476 1270 1529 nihil
1305 1475 1537 1529 lucratur
1567 1494 1726 1530 sum-

712 1573 801 1608 ma
819 1553 956 1608 belli.
1311 1566 1317 1573 “

777 1634 891 1703 607.
942 1635 1094 1699 Quod
1124 1636 1358 1687 Priamus
1388 1637 1603 1700 gaudere
1625 1643 1724 1688 etc.

712 1711 981 1765 Eventum
1025 1709 1102 1762 rei
1149 1710 1407 1763 sententia
1446 1710 1670 1763 declarat
1700 1749 1717 1778 ,

711 1809 870 1861 quam
916 1788 1063 1842 valde
1112 1788 1513 1842 commendabat
1548 1789 1714 1841 Vini-

711 1869 820 1921 cius
839 1905 854 1931 ‚
891 1884 1127 1920 summus
1158 1877 1359 1920 amator
1375 1865 1587 1928 Ovidii;
1619 1865 1720 1918 Se-

712 1964 875 2010 neca,
921 1942 1175 1996 Contu-ov.
1211 1945 1288 1996 33.
1326 1943 1409 1998 Ad
1447 1943 1720 1998 Priamum

710 2023 855 2076 enim
870 2021 936 2073 ob
953 2020 1238 2074 Hectorem
1264 2021 1594 2075 intersectum
1614 2041 1720 2075 ma·

710 2103 910 2154 ximum
939 2099 1187 2173 gaudium
1211 2099 1382 2153 redire
1410 2098 1631 2154 debebat
1660 2120 1722 2153 ex

709 2180 926 2245 Achillis
957 2191 1143 2233 morte.
1180 2208 1247 2221 —
1285 2182 1446 2233 &nex
1487 2179 1721 2233 solemne

713 2259 910 2313 Priami
932 2259 1201 2327 epitheton
1223 2279 1237 2319 ς
1256 2261 1636 2311 temptamus
1647 2258 1724 2312 di-

711 2330 854 2395 xerat
879 2340 1456 2397 Ennius—Gaudere.
1485 2348 1543 2391 ut
1561 2341 1727 2391 dolete

712 2419 765 2471 et
788 2437 1013 2473 merere.
1062 2417 1248 2487 passim
1277 2426 1520 2485 quartum
1544 2432 1723 2468 casum

709 2496 805 2551 sibi
835 2496 1143 2564 adjunctum
1181 2494 1380 2557 habet;
1420 2492 1537 2548 vide
1573 2494 1723 2546 Bur-

709 2596 967 2632 mannum
1003 2576 1068 2628 ad
1099 2577 1206 2630 vll
1231 2616 1245 2641 ,
1289 2594 1398 2645 720.
1447 2572 1722 2644 Copiosius

711 2655 926 2710 Achillis
943 2673 1117 2708 casum
1141 2663 1350 2706 enarrat
1367 2652 1601 2721 Quintus
1615 2650 1724 2704 Ca—

707 2732 852 2785 laber
871 2772 885 2798 ,
912 2732 1027 2796 111,
1065 2730 1157 2800 176
1171 2749 1279 2799 sqq.
1311 2729 1393 2782 lbi
1425 2726 1723 2797 procumbit

708 2809 904 2862 montis
931 2808 1094 2861 instar
1112 2847 1126 2872 ,
1155 2825 1275 2859 cum
1301 2816 1530 2858 tremore
1558 2805 1722 2857 tellu-

710 2888 807 2953 ris,
833 2904 1205 2954 armorumque
1225 2883 1444 2952 fragore.
1469 2884 1529 2936 In
1558 2882 1722 2936 talum

712 2984 837 3016 eum
863 2983 971 3018 esse
994 2964 1324 3016 vulneratum
1360 2961 1499 3013 idem
1529 2961 1722 3028 Quin-

713 3053 795 3095 tus
828 3039 939 3093 Cal.
973 3051 1231 3093 memorat
1261 3059 1273 3091 ε
1302 3058 1492 3108 nempe
1522 3038 1563 3090 is
1586 3039 1723 3091 solus

714 3117 1045 3172 vulnerabilis
1082 3116 1235 3170 fuisse
1280 3135 1308 3168 a
1347 3117 1723 3170 recentioribus

715 3192 1009 3247 auctoribus
1036 3193 1328 3261 fingebatur
1345 3231 1360 3256 ,
1391 3210 1554 3260 quum
1589 3190 1724 3243 reli-

716 3289 882 3340 quum
927 3289 1112 3340 corpus
1139 3310 1153 3335 ,
1201 3269 1253 3321 in
1292 3268 1451 3340 Styge
1485 3287 1513 3320 a
1553 3278 1723 3321 matre

715 3351 936 3404 tinctum
949 3388 964 3415 ,
987 3348 1139 3401 nullis
1150 3347 1427 3400 armislaedi
1441 3357 1622 3417 posset.
1640 3346 1721 3399 De

713 3447 818 3497 quo
846 3436 1149 3482 commento
1171 3425 1431 3479 verissime
1461 3428 1727 3478 Rousseau

717 3507 999 3572 (Pensies)
1027 3523 1039 3556 ε
1063 3503 1255 3570 ἀίοντι
1274 3502 1490 3555 d’armer
1520 3502 1727 3555 Achille

715 3589 882 3637 contre
899 3588 947 3635 le
957 3587 1114 3652 pbn'l,
1142 3587 1191 3635 Ie
1202 3586 1352 3650 poene
1366 3586 1445 3635 lui
1458 3587 1538 3635 dte
1553 3585 1604 3632 le
1624 3584 1723 3632 me'·

713 3665 808 3713 rite
819 3664 882 3713 de
893 3665 949 3712 la
959 3664 1146 3714 wlenr.
1167 3663 1299 3714 Tou!
1308 3669 1450 3712 autre
1460 3663 1496 3711 ὰ
1509 3678 1572 3712 sa
1574 3663 1727 3725 place

713 3741 798 3790 eu'!
818 3741 898 3790 e'te'
917 3757 983 3790 un
1007 3738 1210 3791 Achille
1233 3758 1301 3789 aa
1322 3736 1477 3789 mi'me
1489 3742 1624 3803 prix.

779 3816 891 3869 608.
915 3818 1011 3868 Ille
1035 3822 1187 3884 ι’ςῆιιν
1203 3824 1451 3869 tantorum
1475 3825 1569 3868 etc.
1597 3814 1727 3883 Epi-

713 3894 977 3962 phonema
1022 3892 1322 3963 praeclarum
1361 3931 1375 3957 ,
1428 3892 1511 3945 cui
1557 3892 1722 3945 simile

713 3970 841 4024 illud
874 3970 940 4024 de
976 3971 1190 4024 Priamo
1234 3969 1368 4039 apud
1409 3970 1720 4038 Virgilium,

717 4047 929 4101 AEneid.
950 4047 1037 4113 11,
1067 4052 1165 4114 554
1188 4068 1298 4117 sqq.
1327 4047 1724 4117 Initiumspirat

712 4143 922 4176 sensum
944 4123 1249 4178 Graecorum
1266 4164 1280 4190 ,
1306 4123 1369 4176 de
1394 4143 1498 4192 quo
1517 4122 1633 4175 vide
1660 4121 1725 4174 ad

716 4202 794 4253 lx
815 4240 830 4267 ,
859 4220 904 4269 7.
935 4202 1160 4272 Ignavia
1183 4214 1238 4255 et
1257 4202 1492 4254 mollitiei
1521 4199 1726 4254 Paridis

713 4278 969 4358 picturam
988 4279 1143 4334 habes
1163 4279 1300 4350 apud
1327 4280 1514 4334 Horat.
1530 4279 1556 4333 Ι
1574 4318 1589 4345 ‚
1619 4278 1726 4332 Od.

1820 1339 1926 1389 XV,
1966 1323 2160 1386 13-18;
2188 1342 2504 1393 quamquam
2521 1324 2691 1379 Latini
2708 1346 2831 1380 eum

1820 1411 1988 1470 poetae
2010 1401 2302 1455 molliorem
2337 1402 2632 1469 finxerunt,
2673 1424 2834 1472 quam

1820 1478 1957 1548 apud
2009 1480 2309 1533 Homerum
2354 1492 2582 1551 apparet.
2628 1484 2831 1552 Nempe

1821 1559 1940 1628 quia
1957 1557 2209 1629 elegantia
2235 1561 2348 1629 ejus
2369 1560 2433 1613 ab
2456 1561 2678 1615 heroum
2700 1562 2833 1615 rel}-

1822 1654 2047 1704 quorum
2070 1636 2341 1704 asperitate
2360 1637 2695 1705 abhorrebat,
2716 1658 2833 1709 pro·

1814 1728 1989 1786 pterea
2017 1717 2081 1770 ab
2107 1717 2190 1771 his
2216 1719 2655 1771 contemnebatur
2690 1730 2830 1773 tam-

1816 1816 1973 1868 quam
1996 1803 2309 1865 γυναιμανῆςς
2333 1797 2448 1851 vide
2473 1798 2596 1851 Jani
2624 1799 2823 1852 Excur-

1812 1893 1930 1928 sum
1965 1874 2027 1927 ad
2064 1876 2251 1928 Horat.
2287 1875 2335 1928 d.
2366 1876 2459 1931 loc.
2494 1877 2614 1929 Non
2644 1896 2833 1945 parum

1813 1952 2135 2007 fortitudinis
2169 1955 2328 2023 spirat
2362 1956 2576 2024 epistola
2612 1956 2726 2023 ejus
2764 1956 2830 2025 ad

1819 2030 2102 2095 Helenam,
2115 2050 2230 2099 quae
2243 2031 2438 2101 legitur
2448 2032 2668 2085 Heroid.
2680 2034 2832 2089 xv1.

1817 2111 2146 2169 —Vehcm'a
2176 2109 2330 2178 vulgo
2346 2149 2360 2174 ,
2380 2120 2433 2162 et
2456 2110 2510 2162 in
2531 2122 2709 2164 nostro
2730 2112 2833 2165 Re·

1818 2186 1903 2255 gio
1932 2185 1976 2237 Α
1992 2225 2007 2250 ,
2034 2191 2196 2238 w'ctus
2215 2205 2304 2248 εις
2327 2187 2568 2239 nonnulli
2590 2183 2829 2251 ’νῶι-ἤην,

1815 2263 1908 2317 sed
1931 2263 2064 2316 male
2095 2263 2249 2317 :vide
2285 2265 2565 2319 Heinsium
2601 2264 2665 2318 ad
2701 2267 2830 2318 He-

1817 2342 1950 2395 roid.
1975 2344 2133 2406 XIV,
2153 2345 2521 2415 95.-—Alar1‘tae.
2558 2363 2711 2413 quam
2735 2345 2834 2397 ha-

1817 2420 1973 2474 bebat
1996 2419 2236 2473 maritam
2265 2430 2380 2490 post
2412 2431 2617 2490 raptum
2637 2462 2651 2486 ,
2678 2432 2733 2474 ut
2759 2442 2831 2475 vs.

1819 2502 1849 2550 5
1868 2536 1882 2561 ,
1904 2505 2053 2563 rapta
2067 2516 2177 2549 cmn
2195 2498 2420 2565 conjuge.
2444 2497 2506 2552 ld
2525 2508 2699 2551 tamen
2718 2518 2830 2551 non

1818 2574 1985 2643 placet
2031 2575 2341 2627 Burmauno
2376 2575 2464 2644 qui
2495 2595 2556 2628 ex
2585 2595 2695 2629 uno
2724 2576 2829 2629 MS

1818 2652 2294 2722 praesertjuvencae.
2332 2653 2452 2721 quia
2489 2653 2708 2706 Heroid.
2742 2655 2828 2720 V,

1824 2749 1841 2781 1
1860 2748 1912 2798 ¹7
1932 2769 1946 2795 ,
1975 2739 2029 2783 et
2056 2729 2191 2799 apud
2220 2731 2382 2784 Iscan.
2407 2730 2486 2783 Ill
2505 2769 2519 2797 ,
2553 2730 2648 2801 374
2670 2771 2685 2797 ,
2712 2731 2829 2784 He-

1816 2803 1934 2858 lena
1964 2808 2129 2858 Graia
2139 2806 2366 2873 juvenca
2390 2816 2638 2868 vocatum
2663 2805 2750 2860 sed
2773 2807 2831 2859 in

1816 2892 2040 2951 utroque
2060 2882 2147 2935 illo
2166 2881 2277 2935 loco
2296 2883 2550 2952 allegoria
2563 2881 2832 2936 servande

1816 2979 1967 3013 causa
1989 2959 2266 3013 commode
2295 2961 2363 3013 ita
2386 2960 2574 3014 dicitur
2598 2979 2712 3029 quae
2728 2960 2779 3013 h.
2795 2959 2830 3012 l.

1815 3036 1957 3090 nulla
1981 3048 2141 3090 est.—
2151 3040 2597 3090 Thermodontiaca
2615 3042 2832 3104 bipenni.

1818 3115 2203 3168 Penthesileam
2220 3116 2478 3185 intelligit,
2496 3116 2828 3168 fortissimam

1818 3191 2147 3243 Amazonum
2174 3230 2189 3256 ,
2224 3192 2288 3244 ad
2325 3193 2687 3244 Thermodonta
2713 3191 2829 3245 ssu-

1816 3269 1959 3319 vium
1984 3268 2363 3335 habitantium,
2397 3268 2631 3337 reginam
2656 3307 2685 3333 ,.
2712 3284 2828 3336 quae

1818 3343 2062 3411 Troianis
2091 3346 2337 3399 auxilium
2368 3346 2556 3399 tulerat
2586 3344 2829 3398 adversus

1818 3421 2040 3477 Graecos.
2064 3424 2134 3492 Q.
2172 3422 2420 3488 Calaber,
2453 3425 2512 3486 I;
2550 3423 2827 3493 Virgilius,
2895 3448 2900 3453 ·

1821 3499 1947 3553 AEn.
1972 3502 2024 3566 l,
2054 3504 2181 3573 49o;
2222 3501 2603 3566 Justinus,11,
2632 3517 2722 3567 Π,
2747 3499 2827 3552 3ι.

1816 3579 2152 3646 Bipenm‘serae
2192 3580 2468 3632 Amazonis
2499 3579 2695 3649 efligies
2728 3598 2828 3630 ex-

1818 3675 1988 3725 pressa
2002 3668 2077 3710 est
2092 3656 2225 3726 apud
2246 3656 2511 3711 Drakenb.
2528 3656 2591 3710 ad
2609 3655 2795 3709 Silium
2809 3695 2825 3722 ,

1820 3735 1907 3800 11,
1938 3755 2016 3805 77.
2039 3735 2152 3803 lpsa
2183 3733 2512 3787 Penthesilea
2537 3735 2590 3787 in
2611 3733 2829 3803 gemmis

1817 3813 2049 3882 pluribus
2096 3814 2423 3883 conspicitur.
2470 3814 2642 3866 Etiam
2693 3811 2831 3883 apud

1820 3890 2089 3957 Quintum
2131 3889 2335 3945 Calabr.
2363 3894 2416 3959 1,
2453 3897 2541 3958 ¹57
2561 3931 2575 3957 ,
2600 3890 2703 3944 sert
2736 3892 2833 3958 ἆμ-

1821 3979 2005 4037 sit-mrsu
2031 3976 2281 4037 βουπλῖγα·
2296 3969 2451 4022 sedin
2470 3968 2829 4037 tabula,quam

1821 4046 2099 4099 Pausanias
2114 4085 2128 4109 ,
2156 4046 2315 4099 Phoc.
2339 4067 2386 4115 p.
2410 4049 2504 4115 875
2519 4086 2534 4111 ,
2558 4045 2826 4112 describit,

1817 4127 1996 4176 arcum
2040 4124 2262 4177 habebat
2298 4124 2549 4196 Scythicis
2592 4124 2830 4176 similem.

1818 4203 2028 4255 Fortior
2046 4200 2234 4256 Paride
2259 4202 2313 4254 in
2339 4201 2522 4255 eadem
2548 4201 2720 4255 tabula
2745 4219 2827 4267 ap·

1819 4279 2062 4348 parebat;
2089 4279 2236 4331 vultu
2260 4280 2403 4333 enim
2427 4278 2745 4341 declarabat,
2770 4294 2824 4328 se
