3185 5138
598 508 1634 621 METAMoRPHosEoN
1687 556 1878 624 LIB.
1929 560 2169 631 vm.
2357 570 2442 654 4-

320 683 616 757 Functus
634 741 653 770 ‚
693 684 1091 760 Erechtheas
1120 689 1507 765 Tritonidos
1539 692 1679 766 ibat
1708 694 1792 768 ad
1822 724 2018 772 arces.

325 796 581 871 Clausit
610 800 735 874 iter
754 854 772 887 ‚
811 802 1095 902 fecitque
1128 833 1349 880 moras
1381 805 1714 883 Achelous
1746 812 1930 884 eunti
1951 869 1994 900 ,,
2018 829 2035 843 ·

326 913 547 987 Imbre
580 932 838 991 tumens
870 947 884 989 :
924 951 957 984 «
996 918 1281 994 Succede
1310 923 1511 1010 meis,
1549 925 1674 1011 ait,
1712 925 1985 1028 inclyte,
2026 937 2247 1024 tectis,

332 1062 367 1090 »
409 1029 812 1133 Cecropida;
845 1062 967 1106 nec
1004 1051 1066 1107 te
1095 1038 1429 1112 committe
1455 1040 1805 1140 rapacibus
1838 1045 2052 1120 undis.
2347 1078 2444 1129 550

330 1176 367 1205 »
406 1144 596 1218 Ferre
626 1147 841 1221 trabes
872 1148 1117 1223 solidas
1137 1206 1157 1238 ,
1193 1152 1596 1255 obliquaque
1624 1156 1880 1232 volvere
1909 1190 2146 1258 magno

332 1291 368 1321 ι)
408 1247 749 1338 Murmure
781 1293 931 1340 saxa
964 1265 1183 1341 solent
1210 1297 1226 1340 z
1259 1269 1392 1342 vidi
1425 1275 1825 1348 contermina
1858 1276 2013 1378 ripae

330 1408 367 1438 »ι
410 1375 576 1449 Cum
611 1382 923 1475 gregibus
955 1384 1211 1459 stabula
1237 1384 1365 1459 alta
1399 1388 1568 1460 trahi
1600 1418 1616 1475 ;
1647 1418 1765 1463 nec
1794 1391 2079 1468 fortibus
2112 1394 2240 1470 illic

330 1524 367 1554 ι»
410 1491 672 1569 Profuit
703 1501 1014 1575 armentis
1035 1557 1054 1588 ,
1089 1530 1205 1575 nec
1245 1504 1430 1603 equis
1461 1503 1798 1581 velocibus
1826 1536 1968 1582 esse
2000 1540 2015 1582 ε

327 1638 366 1669 n
407 1608 622 1684 Multa
647 1641 913 1716 quoque
941 1617 1049 1689 hic
1078 1634 1337 1692 torrens
1355 1675 1374 1706 ,
1401 1620 1665 1703 nivibus
1692 1622 1771 1695 de
1789 1643 2010 1698 monte
2044 1626 2283 1704 solutis
2305 1686 2324 1718 ‚
2343 1651 2441 1706 555

328 1754 367 1785 »
406 1724 702 1828 Corpora
737 1731 1042 1806 turbineo
1071 1734 1382 1832 juvenilia
1414 1737 1662 1811 vortice
1694 1739 1938 1813 mersit.

323 1955 433 1990 non
472 1941 767 1998 cohereant
806 1965 929 1999 cum
969 1958 1108 2002 terra
1149 1951 1331 2004 conti-

322 2027 484 2070 nente
502 2057 517 2084 ,
554 2020 863 2090 Pausanias,
899 2025 1087 2080 Arcad.
1121 2048 1168 2096 p.
1196 2028 1289 2098 547
1311 2069 1327 2093 ‚

322 2092 497 2146 reddit
524 2095 658 2151 banc
685 2118 697 2151 ε
723 2119 889 2168 quum
916 2103 1111 2157 AEtolia
1129 2145 1143 2171 ,
1174 2107 1329 2174 pulsis

323 2170 544 2239 AEtolis,
571 2174 764 2229 inculta
787 2178 1007 2246 jaceret,
1035 2182 1328 2237 Acheloum

322 2247 527 2303 desiisse
548 2250 734 2307 limum
758 2266 812 2308 et
835 2258 1014 2312 sordes
1042 2259 1297 2315 advehere
1312 2303 1327 2326 ,

323 2328 509 2395 quibus
566 2330 861 2388 Echinades
923 2351 1332 2395 annecterentur

323 2415 477 2458 terrae
498 2408 805 2465 continenti.
832 2413 938 2467 Sed
965 2416 1101 2485 apud
1121 2419 1332 2490 mythi—

321 2503 409 2537 cos
433 2486 722 2558 Achelous,
759 2492 918 2548 iratus
947 2496 1100 2562 ideo,
1137 2498 1278 2567 quod
1302 2520 1331 2553 a

321 2564 566 2636 nymphis
580 2568 884 2637 posthabere
891 2583 975 2626 tur
984 2575 1098 2629 Diis
1109 2578 1328 2645 rusticis,

320 2660 404 2695 eas
429 2643 589 2698 efficit
612 2667 625 2707 ;
656 2658 709 2700 et
738 2647 809 2702 sic
841 2647 950 2704 baec
978 2652 1150 2706 sabula
1172 2672 1331 2706 com-

319 2720 476 2776 mode
504 2725 804 2778 annectitur
823 2729 1081 2797 superiori
1100 2770 1115 2798 ,
1148 2731 1203 2784 in
1228 2752 1331 2801 qua

322 2798 494 2853 Diana
512 2801 739 2855 similem
765 2806 833 2858 ob
854 2826 1064 2861 causam
1081 2810 1330 2863 irasceba-

319 2892 487 2936 tur.—
496 2883 697 2936 Soce'ali
701 2905 827 2952 pars
846 2893 1055 2953 Ioboula·
1080 2910 1198 2959 pars
1215 2891 1331 2943 viri—

318 2959 381 3014 lis
394 2961 595 3016 laboris.
612 2965 867 3019 Nondum
881 2966 1098 3021 dimittit
1116 2971 1320 3032 Thesea,

321 3038 410 3092 sed
435 3040 608 3109 plures
628 3044 784 3097 rebus
803 3045 915 3113 ejus
930 3046 1125 3099 fabulas
1144 3066 1329 3100 annec-

322 3119 384 3170 tit
407 3157 441 3184 ,⁴
462 3139 763 3190 quanquam
794 3143 905 3177 non
942 3126 1060 3179 satis
1095 3126 1327 3181 feliciter.

324 3194 538 3250 Etenim
552 3200 831 3253 Acheloum
845 3242 859 3262 ‚
893 3203 982 3271 qui
1003 3222 1033 3255 e
1054 3203 1228 3256 Pindo
1249 3206 1332 3258 es—

318 3275 461 3329 susus
486 3275 548 3328 ab
576 3295 756 3332 occasu
780 3279 1028 3333 AEtoliam
1056 3280 1330 3335 dirimebat

321 3354 388 3406 ab
400 3354 759 3410 Acarnanibus
771 3397 785 3424 ,
815 3358 992 3424 objicit
1005 3359 1212 3413 Theseo
1230 3359 1328 3413 Ca·

319 3430 512 3503 lydone
533 3433 766 3488 Athenas
785 3435 1042 3490 redeunti.
1056 3440 1328 3491 -Etecb-

318 3513 491 3577 thus,-
517 3512 716 3581 primus
734 3515 924 3567 Horeti
940 3554 956 3578 ‚
981 3515 1179 3584 primus
1195 3517 1329 3570 Gro⁴

319 3590 462 3642 novii
488 3631 502 3656 ,
539 3603 777 3661 excerpta
807 3593 1005 3647 Mureti
1029 3633 1044 3658 ,
1071 3595 1329 3649 secundus

321 3667 590 3722 Palatinus
613 3680 667 3723 et
691 3670 968 3724 duodecim
993 3673 1104 3739 alii,
1131 3676 1327 3727 Erich-

317 3749 520 3799 thom'as
536 3787 548 3806 ‚
590 3748 730 3816 quod
756 3767 862 3800 non
890 3748 1121 3818 displicet
1143 3750 1326 3805 Hein-

318 3825 423 3888 εἷος
449 3844 575 3877 nam
601 3837 655 3878 et
676 3825 759 3877 alii
782 3827 847 3878 ab
874 3826 1181 3887 Erichtouio
1206 3849 1326 3899 rege

318 3906 508 3958 urbem
532 3905 938 3960 Atheniensium
970 3908 1328 3962 nominarunt.

319 3983 515 4056 Regius
543 3994 725 4036 noster
748 3985 795 4036 A
816 4024 831 4051 ,
863 4005 985 4038 cum
1008 3985 1240 4054 pluribus
1263 3987 1325 4038 ab

318 4060 544 4113 Heinsio
562 4062 756 4115 notatis
771 4102 785 4129 ,
814 4065 1171 4118 Erichthoias:
1206 4061 1327 4115 Co-

318 4137 416 4190 dex
435 4138 480 4191 B
497 4178 511 4204 ,
541 4158 665 4192 cum
689 4139 890 4194 duobus
906 4181 921 4205 ,
951 4151 1077 4194 teste
1102 4140 1289 4194 eodem
1310 4180 1323 4205 ,

316 4216 610 4268 En'tbeidas
624 4218 878 4282 —Arces‚·
897 4218 1083 4270 urbem
1100 4216 1244 4269 :vide
1261 4216 1325 4270 ad

318 4293 447 4359 vn,
465 4296 543 4358 54.
557 4294 789 4350 Athenas
800 4294 883 4349 bic
892 4294 1081 4364 duplici
1095 4294 1325 4363 epitheto

1427 1953 1695 2024 insignitas
1712 1955 1845 2009 male
1867 1957 1938 2009 ait
1964 1961 2169 2026 Ge'en'g:
2184 1979 2308 2013 nam
2330 1964 2432 2014 Tri-

1425 2037 1629 2086 lom’dos
1652 2054 1757 2088 non
1794 2047 1871 2089 est
1896 2039 2179 2107 epitheton.
2208 2044 2307 2094 Ed.

1495 2115 1606 2179 548.
1632 2118 1834 2169 Clausi!
1848 2135 1866 2181 ‚·
1892 2116 2007 2170 vide
2032 2118 2099 2171 ad
2123 2121 2203 2173 Vl
2219 2159 2234 2185 ,
2263 2124 2442 2191 572.—

1426 2190 1510 2243 De
1532 2196 1677 2243 tecta&
1697 2191 1977 2246 fluviorum
2001 2195 2118 2248 vide
2145 2195 2210 2249 ad
2235 2198 2293 2264 1,
2328 2203 2438 2268 574.

1428 2267 1645 2320 Acheloi
1672 2279 1871 2323 tectum
1895 2270 2165 2324 internum
2189 2273 2296 2342 ipse
2318 2294 2440 2327 mox

1427 2345 1685 2399 describit.
1722 2349 2007 2400 Succedunt
2034 2355 2179 2401 tecle?
2194 2390 2207 2412 ‚
2249 2353 2338 2418 qui
2375 2372 2438 2405 eo

1426 2421 1725 2476 devertunt.
1742 2424 1926 2477 Suavis
1947 2436 2026 2478 est
2049 2419 2158 2479 haec
2178 2438 2232 2479 et
2249 2428 2440 2481 iuvita·-

1427 2500 1501 2551 tio
1522 2510 1575 2552 et
1596 2499 1720 2553 inde
1747 2511 1861 2554 orta
1891 2503 2259 2555 sermocinatio
2276 2544 2290 2572 ,
2322 2525 2438 2575 quae

1426 2578 1657 2645 pertinet
1694 2578 1759 2630 ad
1794 2579 1878 2631 lib.
1923 2581 2001 2632 lx
2038 2579 2257 2634 Metam.
2277 2621 2291 2647 ,
2329 2585 2396 2654 96
2422 2625 2436 2648 ,

1427 2654 1515 2706 ubi
1539 2653 1765 2722 hospites
1780 2654 2057 2710 discedunt
2071 2696 2086 2724 ,
2113 2677 2223 2712 non
2240 2679 2438 2730 exspec-

1426 2742 1531 2785 tata
1551 2731 1785 2786 fluminis
1807 2753 1943 2802 pace.

1493 2815 1606 2864 551.
1632 2815 1780 2866 Ferre
1800 2818 1967 2867 trabes
1988 2825 2086 2870 etc.
2117 2818 2181 2871 In
2207 2816 2436 2872 fluminis

1427 2889 1681 2942 tumentis
1718 2890 2064 2960 descriptione
2087 2894 2281 2948 Nostro
2302 2916 2437 2966 prae-

1422 2965 1635 3019 iverunt
1648 2967 1937 3035 Lucretius,
1960 2970 2002 3034 1,
2029 2973 2138 3037 182,
2153 2991 2275 3044 2903
2291 2975 2436 3044 Virg.

1428 3042 1553 3096 AEn.
1586 3045 1669 3110 ll,
1707 3047 1874 3116 ans-7
1895 3084 1909 3111 ,
1945 3057 1998 3099 et
2032 3049 2128 3120 495
2159 3070 2270 3120 sqq.
2299 3053 2433 3121 Apta

1424 3120 1534 3174 baec
1550 3122 1616 3174 ad
1631 3122 2026 3180 deterrendum.
2045 3153 2114 3165 --
2134 3127 2267 3181 Saxa
2283 3170 2295 3191 ,
2319 3149 2435 3199 quae

1424 3204 1626 3269 obliqua
1647 3203 1892 3254 seruntur
1914 3241 1928 3267 ,
1967 3205 2166 3273 angulis
2193 3208 2297 3260 suis
2321 3228 2434 3260 ma·-

1421 3277 1536 3345 ᾖσι-α
1574 3279 1625 3330 vi
1665 3290 2004 3348 prosternunt
2039 3283 2204 3336 obvia.
2248 3285 2434 3352 Quum

1422 3358 1687 3412 Junianus
1709 3359 1895 3413 habeat
1917 3365 2181 3431 oblataque
2197 3404 2209 3426 ,
2249 3365 2432 3417 Hein-

1422 3436 1527 3488 sius
1575 3436 1788 3504 conjicit
1821 3443 2135 3508 obsitumque
2162 3480 2175 3500 ‚
2226 3442 2304 3494 vel
2344 3446 2432 3494 ob—

1421 3522 1721 3582 structaque.
1740 3526 1798 3568 ut
1814 3517 1917 3581 ΙΙΙ,
1933 3522 2030 3587 570
2043 3540 2056 3580 ς
2070 3517 2161 3570 sed
2173 3519 2242 3571 ibi
2259 3539 2433 3573 sermo

1424 3590 1488 3644 de
1518 3593 1647 3645 saxis
1677 3613 1888 3646 cursum
1914 3593 2058 3646 fluvii
2089 3596 2433 3665 impedienti-

1424 3669 1534 3723 bus.
1544 3671 1694 3741 Regii
1711 3674 1873 3726 nostri
1880 3713 1894 3739 ,
1912 3677 2279 3744 obliquaque.-
2289 3683 2429 3744 Vm.-

1423 3749 1608 3801 conser
1625 3749 1694 3815 V,
1721 3749 1832 3822 569.
1842 3751 2126 3805 ——Stabula
2141 3758 2253 3807 alla
2265 3761 2430 3809 tmbt':

1423 3830 1607 3882 confer
1621 3828 1686 3883 V.
1702 3829 1798 3900 6:17
1819 3850 1831 3882 z
1847 3849 1943 3899 pro
1954 3834 2110 3895 trabi,
2128 3835 2198 3888 sic
2212 3835 2430 3889 Veteres

1422 3911 1559 3972 rape‘,·
1584 3917 1637 3960 at
1656 3910 1794 3960 trahi
1807 3908 2103 3977 exquisitius
2115 3950 2128 3975 ‚
2148 3921 2200 3963 et
2217 3911 2350 3964 bene
2367 3911 2431 3963 de

1421 3983 1592 4037 fluviis
1629 3987 1913 4055 rapacibus.
1944 3988 2115 4039 Etiam
2153 3987 2430 4057 Virgilius,

1423 4061 1561 4113 dicto
1577 4063 1690 4116 loco
1705 4101 1720 4128 ,
1743 4083 1852 4115 cum
1868 4068 2084 4115 stabulis
2096 4075 2318 4118 armenta
2333 4077 2429 4120 lra-

1422 4143 1592 4193 h1‘t.-
1617 4145 1722 4194 Nec
1724 4140 1950 4206 sortibus
1966 4152 2064 4195 etc.
2086 4153 2145 4194 ut
2169 4146 2191 4197 1
2210 4183 2224 4210 ,
2251 4146 2362 4198 305.

1490 4219 1601 4270 556.
1630 4221 1873 4272 Turbineo
1893 4226 2107 4287 vorte'ce5
2136 4221 2187 4275 in
2211 4224 2428 4277 modurn

1420 4295 1644 4347 turbinis
1657 4315 1709 4349 se
1720 4295 1902 4348 volven
1910 4307 1975 4349 te.
1989 4301 2308 4352 Ed—Sole’ro
2318 4305 2431 4352 deun
