3185 5138
606 525 1660 593 METAMORPHOSEON
1705 527 1900 594 LIB.
1952 528 2183 594 XIII.

2350 530 2483 623 399

332 666 630 767 Torpet‚
671 684 737 740 et
769 665 1039 744 adversa
1072 666 1223 762 figit
1256 667 1457 741 modo
1489 665 1739 741 lumina
1774 684 1943 742 terra
1975 699 1991 741 ε

332 784 678 858 Interdum
718 802 947 859 torvos
982 785 1275 860 sustollit
1309 786 1392 860 ad
1425 786 1666 860 aethera
1701 785 1966 875 vultus:

331 905 529 977 Nunc
562 904 771 1005 positi
807 922 1064 1005 spectat
1089 903 1378 990 vultum,
1414 933 1591 978 nunc
1629 903 1900 979 vulnera
1929 906 2105 993 nati,

329 1021 622 1096 Vulnera
658 1022 1035 1123 praecipue3
1071 1050 1276 1122 seque
1306 1040 1516 1096 armat
1552 1041 1618 1095 et
1650 1023 1921 1097 instruit
1955 1024 2072 1098 ira.

331 1140 486 1236 Qua
521 1136 717 1213 simul
756 1138 1034 1225 exarsit,
1075 1155 1410 1238 tamquam
1441 1140 1671 1234 regina
1704 1157 2032 1229 maneret,

2381 1165 2480 1233 ⁵⁴⁵

331 1246 582 1321 Ulcisci
617 1247 850 1320 statuit
871 1304 891 1335 ‚
929 1274 1270 1347 poenaeque
1302 1247 1369 1318 in
1406 1246 1693 1342 imagine
1727 1264 1870 1321 tota
1899 1265 2042 1323 est:

329 1368 559 1466 thue
593 1364 759 1439 furit
794 1363 1016 1438 catulo
1054 1363 1336 1439 lactente
1371 1366 1605 1439 orbata
1637 1364 1837 1439 leaena
1866 1422 1885 1454 ‚

331 1483 664 1584 Signaque
691 1500 881 1557 nacta
910 1481 1156 1584 pedum
1180 1484 1516 1583 sequitur,
1542 1512 1740 1584 quem
1768 1512 1906 1556 non
1932 1483 2148 1575 videt,
2181 1485 2478 1578 hostem3

332 1600 442 1673 Sic
477 1600 791 1686 Hecube,
829 1617 1190 1700 postquam
1225 1629 1374 1674 cum
1413 1599 1597 1673 luctu
1634 1600 1902 1674 miscuit
1935 1601 2097 1676 iram
2119 1658 2140 1691 ,

326 1715 484 1785 Non
523 1712 734 1786 oblita
764 1712 1176 1802 animorum,
1217 1743 1543 1788 annorum
1578 1713 1786 1788 oblita
1824 1744 2096 1791 suorum
2120 1773 2141 1806 ‚

2382 1741 2481 1794 550

327 1828 530 1904 Vadit
558 1829 640 1903 ad
673 1829 988 1904 artificem
1025 1829 1183 1906 dirae
1217 1830 1678 1931 Polymestora
1708 1829 1939 1918 caedis,

333 1944 892 2047 Colloquiumque
923 1947 1095 2048 petit
1122 1977 1136 2019 ε
1169 1975 1323 2020 nam
1358 1973 1428 2019 se
1458 1964 1825 2021 monstrare
1861 1946 2166 2022 relictum

329 2061 516 2138 Velle
550 2062 761 2138 latens
796 2063 935 2154 illi,
974 2065 1156 2166 quod
1188 2083 1348 2139 nato
1381 2062 1726 2153 redderet,
1763 2094 2019 2139 aurum.

327 2272 405 2323 ira
437 2270 583 2324 enim
618 2269 914 2323 furentium
953 2268 1089 2323 oculi
1127 2269 1357 2323 hument

329 2348 543 2417 quidem
568 2388 582 2413 ‚
606 2348 699 2401 sed
723 2348 891 2400 nullas
913 2347 1168 2417 lacrymas
1197 2347 1357 2399 emit-

329 2439 449 2481 tunt
474 2449 486 2482 :
510 2432 693 2480 oborta
718 2429 955 2496 lacryma·
974 2424 1133 2476 etiam
1162 2425 1186 2477 I
1207 2463 1222 2490 ,
1241 2426 1354 2478 350.

326 2535 393 2550 —-
414 2508 524 2561 Pro
543 2515 625 2559 est
644 2504 814 2557 multo
841 2503 1131 2573 elegantius
1162 2513 1351 2572 torpet,

328 2587 472 2658 quod
494 2597 548 2639 et
563 2596 766 2639 naturae
782 2584 884 2638 saxi
901 2593 955 2635 et
969 2583 1355 2652 obstupescenti

326 2663 765 2719 convenit.—Per
776 2663 1043 2713 adversam
1056 2669 1236 2712 terram
1253 2660 1355 2713 Re·
1371 2722 1376 2733 ἒ

328 2744 441 2811 gius
465 2740 599 2793 male
627 2736 899 2791 Troadem
926 2735 1248 2805 intelligebat
1272 2773 1287 2799 ‚
1323 2756 1352 2788 e

326 2821 544 2889 regione
559 2818 797 2871 Thracia
821 2815 991 2869 sitam.
1014 2812 1230 2867 Rectius
1247 2812 1356 2866 Mi-

327 2897 488 2970 cyllus
504 2936 519 2964 ,
536 2914 696 2966 quam
714 2915 776 2948 ex
794 2892 1013 2947 adverso
1026 2891 1352 2957 intuebatur,

327 2976 562 3046 opposita
578 2990 596 3041 ,·
613 2986 674 3028 ut
686 2974 844 3039 XIV,
862 2977 892 3026 5
910 3010 925 3037 ,
941 2973 1156 3024 adversa
1167 2976 1356 3024 mania

328 3054 507 3120 Rhegi.
525 3053 608 3106 Eo
627 3069 785 3106 sensu
797 3068 933 3119 saepe
949 3051 1165 3102 adversa
1181 3067 1326 3099 arma
1336 3089 1350 3110 ,

328 3135 527 3185 adversi
562 3135 790 3185 hommes
822 3138 919 3182 etc.
957 3125 1096 3206 vide,
1115 3125 1181 3179 ad
1209 3126 1320 3179 ΧΠ
1335 3165 1351 3193 ,

337 3230 354 3262 ι
371 3211 443 3264 ι6.
469 3212 644 3264 Immo
661 3251 676 3277 ‚
700 3209 865 3264 aether
894 3218 946 3262 et
978 3208 1147 3263 Troas
1178 3207 1356 3260 minus

331 3289 465 3341 bene
486 3288 581 3341 sibi
607 3298 979 3359 opponuntur,
1003 3305 1161 3356 quam
1193 3284 1359 3338 ether

330 3377 384 3419 et
406 3376 561 3419 terra.
589 3366 695 3419 Res
717 3366 875 3418 etiam
899 3363 1036 3419 clara
1060 3374 1138 3417 est
1160 3383 1221 3417 ex
1238 3365 1360 3416 He-

329 3443 463 3496 roid.
492 3444 586 3509 11,
618 3445 711 3510 26,
741 3463 900 3513 quem
925 3442 1101 3498 locum
1128 3442 1358 3496 laudavit

330 3525 673 3577 Burmannus
696 3543 710 3575 ι
732 3526 926 3583 Haese‘t,
953 3527 1009 3574 ln
1029 3528 1260 3590 opposita
1273 3526 1359 3574 lu-

330 3604 626 3671 me'nafiaeus
646 3604 811 3653 humo.
834 3627 901 3639 —
928 3600 1189 3662 Suslolle'15
1225 3619 1355 3668 per-

333 3682 487 3736 multi
519 3682 542 3749 (
564 3693 618 3735 et
652 3681 806 3750 Regii
840 3678 1045 3732 codices
1065 3679 1087 3744 )
1122 3682 1355 3744 extolli&

335 3758 549 3828 quidam
562 3760 789 3822 adtolle‘t;
802 3767 1028 3826 quatuor
1042 3758 1180 3808 tollit
1190 3763 1358 3808 torvos

335 3842 411 3890 ad
414 3842 584 3890 sidera
598 3840 780 3889 vultus.
798 3834 883 3889 De
897 3833 1060 3888 verbo
1067 3836 1330 3886 sustollere
1338 3873 1351 3896 ,

336 3935 543 3970 sursum
559 3915 739 3969 tollere
755 3953 770 3980 ,
782 3912 901 3967 vide
917 3912 1165 3965 vossium
1185 3951 1200 3978 ,
1223 3911 1309 3964 lib.
1323 3912 1354 3964 3

335 3994 401 4046 de
420 3994 644 4065 Analog.
661 4013 773 4062 cap.
795 3993 1135 4062 37.—Positi
1149 4000 1203 4044 et
1228 3991 1357 4043 dor-

333 4074 558 4128 mientes
583 4074 833 4127 dicuntur
845 4083 899 4127 et
916 4071 1111 4129 mortui
1127 4111 1142 4138 ,
1163 4081 1217 4124 et
1236 4089 1357 4124 om-

332 4152 464 4205 nino
487 4153 734 4221 jacentes.
752 4180 819 4191 —
840 4155 1061 4205 Vulnem
1073 4155 1351 4219 precipue,

333 4230 525 4300 quippe
543 4249 661 4300 quae
675 4229 812 4283 clara
834 4240 1007 4284 essent
1023 4228 1213 4283 indicia
1230 4247 1356 4298 per-

334 4310 472 4365 fidiae
494 4311 886 4382 Polymestoris.
897 4338 963 4351 —
975 4311 1189 4369 Inseruit
1210 4307 1355 4362 idem

1453 2266 1596 2338 quod
1620 2276 1805 2329 armat,
1840 2280 1892 2322 et
1917 2289 1946 2321 e
1974 2270 2120 2339 copia
2145 2271 2347 2339 poetica
2372 2271 2479 2325 ad·-

1452 2346 1654 2411 dhnm,
1678 2347 1867 2399 excitat
1888 2346 2022 2399 iram
2038 2385 2053 2411 ‚
2082 2367 2185 2416 qua
2201 2348 2477 2402 ulciscatur

1452 2420 1710 2491 perfidam
1730 2422 1865 2491 regis
1881 2422 2264 2478 crudelitatem.
2283 2425 2371 2478 Sic
2389 2445 2474 2479 ar·

1450 2507 1586 2554 mari
1599 2506 1819 2565 artibus,
1851 2508 2039 2556 instrui
2052 2507 2185 2557 dolis
2210 2516 2308 2559 etc.
2335 2508 2479 2561 Bur-

1450 2597 1679 2633 mannus
1709 2592 1886 2633 tamen
1918 2582 2129 2650 prefert
2155 2585 2395 2639 Vaticani
2423 2598 2479 2641 et

1451 2656 1618 2727 Neap.
1652 2658 1800 2711 MSS
1836 2658 2117 2712 lectionem
2138 2699 2154 2726 ‚
2197 2669 2249 2714 el
2275 2668 2484 2716 :iustruit

1448 2740 1577 2786 iram
1594 2735 1810 2787 :iratam
1831 2736 1974 2788 enim
1990 2735 2302 2804 jamdudum
2319 2739 2348 2790 s
2346 2730 2477 2793 uisse

1454 2814 1733 2867 Hecubam
1756 2853 1770 2880 ,
1803 2833 1949 2868 nunc
1974 2826 2152 2869 autem
2175 2816 2480 2872 instruxisse

1452 2891 1585 2944 iram
1606 2931 1621 2957 ‚
1652 2892 1704 2946 h.
1742 2911 1789 2945 e.
1825 2912 2028 2963 parasse
2067 2913 2164 2960 ea,
2204 2895 2393 2964 quibus
2419 2897 2477 2949 in

1452 2972 1700 3026 ardorem
1714 2972 2062 3041 exsequendi,
2079 2992 2196 3042 que
2210 2974 2342 3029 irata
2354 2997 2479 3030 con·

1450 3050 1698 3120 cepisset,
1721 3050 1831 3104 dari
1858 3061 2030 3120 posset
2049 3072 2061 3115 ;
2085 3051 2174 3105 sed
2194 3054 2274 3106 vir
2292 3054 2477 3110 doctus

1450 3148 1562 3183 non
1599 3128 1823 3182 attendit
1858 3127 1922 3182 ad
1957 3130 2055 3183 loci
2079 3131 2287 3184 seriem.
2315 3132 2477 3185 Con·-

1451 3218 1630 3277 specto
1651 3228 1870 3277 corpore
1886 3247 1901 3273 ,
1922 3208 2264 3278 obstupescit;
2283 3222 2476 3279 specta·

1455 3286 1517 3339 tis
1539 3286 1797 3356 paulisper
1821 3285 2153 3352 vulneribus,
2181 3287 2256 3338 ira
2286 3306 2478 3340 excan-

1455 3363 1632 3418 descit.
1658 3370 1772 3430 (lua
1783 3368 1940 3416 simul
1947 3383 2006 3416 ac
2019 3369 2233 3421 exarsit,
2260 3374 2372 3415 tum
2389 3363 2475 3417 de-

1453 3463 1605 3496 mum
1641 3447 1830 3497 ulcisci
1847 3448 2029 3496 statuit
2051 3441 2325 3511 perfidiam
2356 3443 2475 3495 Po-

1451 3520 1763 3593 lymestoris.
1792 3549 1859 3561 —
1894 3519 2150 3574 Praeclare
2192 3517 2429 3572 additum
2455 3562 2470 3587 ,

1450 3608 1703 3666 tamquam
1717 3603 1890 3665 regrina
1903 3611 2126 3650 maneret
2136 3614 2157 3661 ,·
2176 3616 2310 3666 sepe
2328 3597 2474 3651 enim

1451 3696 1572 3730 casu
1590 3676 1732 3745 gravi
1755 3676 2045 3743 jacentibus
2066 3674 2204 3728 redit
2224 3674 2474 3745 pristinus

1452 3756 1688 3819 animus,
1715 3754 1904 3806 veteris
1932 3752 2197 3824 dignitatis
2226 3754 2475 3807 recorda-

1453 3834 1778 3887 tia—Pane
1797 3837 1852 3884 ia
1871 3836 2091 3899 imagine
2107 3841 2215 3885 tota
2231 3841 2311 3884 es!
2328 3853 2343 3884 .·
2360 3834 2440 3887 VI
2455 3873 2473 3900 ,

1454 3911 1582 3975 585;
1618 3911 1856 3963 animum
1888 3909 2118 3964 intendit
2158 3910 2222 3963 ad
2262 3931 2474 3981 poenam

1452 3990 1844 4044 inveniendam.
1860 4017 1927 4032 —-
1941 3994 2065 4044 Cum
2080 3994 2218 4044 luctu
2232 3997 2434 4045 melrcut't
2446 4008 2468 4057 ,⁸

1451 4088 1590 4122 unus
1615 4068 1888 4123 Mediceus
1914 4072 2055 4123 luctu
2067 4074 2373 4138 permiscuit.

1519 4153 1633 4204 552.
1679 4152 1965 4216 Renum,-
2002 4159 2055 4202 et
2093 4168 2218 4219 opes
2254 4149 2307 4202 in
2347 4168 2471 4219 agro

1452 4227 1691 4296 Trojano
1722 4225 1977 4295 defossas,
2013 4238 2067 4282 et
2102 4228 2345 4299 pecunias
2373 4249 2469 4281 se-

1449 4326 1572 4362 cum
1599 4306 1792 4362 adlatas
1810 4326 1864 4365 se
1889 4305 2236 4361 indicaturam
2259 4304 2474 4361 simula-
