3185 5138
757 518 880 588 160

1306 521 1383 586 Ρ.
1434 520 1794 589 OVIDII
1849 520 2305 592 NASONIS

746 656 1104 761 Squalidus
1137 659 1207 732 in
1237 659 1383 759 ripa
1404 715 1423 746 ‚
1463 658 1722 734 Cereris
1753 661 1894 734 sine
1922 689 2220 746 munere,
2258 661 2449 735 sedit.

749 779 958 863 Cura,
995 774 1314 877 dolorque
1347 775 1582 860 animi,
1618 774 2080 877 lacrymaeque,
2117 778 2422 851 alimenta
2452 776 2653 852 suere.
2790 797 2854 870 73

743 894 906 966 Esse
940 891 1118 965 Deos
1152 891 1356 965 Erebi
1391 891 1685 967 crudeles
1719 910 1991 991 questus
2011 949 2030 977 ,
2062 896 2127 965 in
2176 894 2370 967 altam

742 1007 827 1081 Se
857 1006 1091 1107 recipit
1121 1006 1532 1106 Rhodopen,
1569 1005 1970 1107 pulsumque
2003 1008 2452 1108 Aquilonibus
2490 1010 2788 1086 Haemon.

741 1123 1006 1197 Tertius
1041 1123 1358 1222 aequoreis
1388 1122 1714 1196 inclusum
1752 1124 2054 1197 Piscibus
2087 1152 2328 1197 annum

741 1237 1032 1313 Finierat
1063 1236 1303 1322 Titan;
1338 1265 1726 1337 omnemque
1757 1237 2086 1332 refugerat
2119 1239 2432 1338 Orpbeus

741 1352 1108 1425 Femineam
1142 1353 1501 1439 Venerem;
1540 1381 1655 1427 seu
1691 1352 1871 1452 quod
1907 1350 2073 1425 male
2108 1373 2393 1427 cesserat
2425 1352 2561 1441 illi;
2790 1378 2856 1429 80

742 1470 891 1542 Sive
924 1468 1117 1541 fidem
1152 1468 1420 1541 dederat
1450 1499 1466 1540 :
1500 1467 1740 1542 multas
1778 1487 1988 1541 tamen
2019 1468 2216 1541 ardor
2245 1468 2537 1543 habebat

738 1588 1026 1679 Jungere
1057 1612 1126 1657 se
1163 1583 1332 1669 vati;
1368 1582 1590 1656 multae
1625 1581 1891 1657 doluere
1926 1582 2219 1683 repulsat.

741 1699 861 1774 llle
898 1699 1093 1774 etiam
1125 1699 1454 1771 Thracum
1490 1696 1759 1797 populis
1791 1697 1917 1772 suit
1949 1717 2214 1786 auctor,
2253 1728 2539 1775 amorem

741 1818 823 1887 ln
855 1832 1116 1889 teneros
1153 1810 1497 1894 transferre
1528 1839 1774 1898 mares3
1814 1813 2099 1914 citraque
2132 1815 2461 1912 juventam

742 1930 983 2004 AEtatis
1013 1928 1210 2000 breve
1242 1956 1355 2001 ver
1375 1982 1393 2013 ,
1429 1944 1497 2000 et
1528 1926 1786 2026 primos,
1817 1955 2080 2027 carpere
2107 1927 2321 2001 flores.
2786 1950 2855 2005 85

738 2111 1024 2146 numerum
1046 2091 1253 2160 elegisse
1274 2091 1584 2144 Burmanno
1604 2091 1754 2144 vide·
1848 2102 2058 2145 nantur.
2087 2094 2358 2146 Vocantur
2383 2099 2615 2162 equorei.
2647 2106 2701 2149 et
2722 2116 2854 2150 vers.

739 2183 827 2224 tur
841 2210 855 2235 ,
882 2170 1001 2239 quia
1018 2169 1153 2222 ultra
1167 2180 1366 2239 septem
1386 2167 1493 2222 dies
1508 2169 1619 2221 sine
1634 2169 1751 2222 cibo

738 2248 929 2300 durare
964 2266 1074 2300 non
1108 2266 1252 2317 posse
1284 2244 1530 2299 creditur.
1570 2246 1749 2315 Equi-

736 2326 860 2379 dem
880 2326 1053 2395 potius
1073 2325 1297 2378 arbitror
1311 2363 1326 2389 ,
1354 2325 1473 2393 quia
1495 2334 1748 2392 septena-

735 2407 842 2459 rius
869 2425 1120 2459 numerus
1137 2405 1262 2458 olim
1281 2424 1425 2457 sacer
1444 2404 1746 2457 habebatur.

737 2483 939 2549 Etiam,
973 2484 1049 2537 IX
1069 2523 1084 2550 ,
1113 2503 1205 2555 29²
1225 2522 1240 2548 ‚
1268 2482 1520 2536 Alcmene
1543 2492 1745 2552 septem

735 2584 829 2634 per
859 2574 1037 2617 noctes
1064 2561 1337 2615 cruciatur.
1371 2559 1524 2631 Apud
1554 2559 1745 2629 Virgi-

734 2642 861 2693 lium
884 2652 1085 2710 septem
1108 2659 1313 2692 menses
1331 2638 1474 2691 sedet
1498 2638 1559 2691 ad
1580 2638 1744 2710 Stry—

736 2721 907 2773 monis
924 2719 1105 2791 undas.
1121 2719 1294 2784 Infra,
1316 2718 1467 2783 XIV,
1490 2718 1615 2784 423,
1640 2717 1743 2769 ali-

733 2800 848 2867 quis
870 2818 961 2851 set
983 2809 1160 2851 noctes
1185 2798 1338 2867 luget.

802 2879 879 2945 75.
913 2875 1172 2926 Alimenta
1188 2873 1351 2939 suere.
1389 2873 1654 2926 Palatinus
1690 2883 1743 2925 et

736 2973 869 3005 unus
890 2952 1088 3005 Moreti
1111 2956 1348 3006 allmenta
1369 2955 1552 3005 dedere.
1581 2952 1739 3006 Male.

731 3059 797 3072 —
811 3029 961 3099 Regii
982 3030 1146 3083 nostri
1149 3031 1311 3098 suere.
1323 3057 1389 3069 -
1402 3029 1557 3083 Curis
1578 3041 1633 3083 et
1655 3031 1742 3084 la-

732 3108 923 3180 crymis
944 3125 1054 3159 non
1076 3110 1232 3160 alitur
1250 3126 1436 3176 corpus
1453 3147 1467 3172 ,
1493 3105 1580 3160 sed
1599 3126 1741 3160 con-

731 3186 918 3241 ficitur.
939 3186 1118 3255 Itaque
1141 3186 1241 3240 hoc
1256 3185 1367 3239 vult
1383 3208 1396 3247 ;
1418 3206 1514 3255 pro
1533 3205 1628 3239 usu
1646 3187 1741 3239 ali-

730 3277 1054 3331 mentorum,
1072 3265 1227 3332 curis,
1244 3263 1409 3317 dolori
1431 3276 1484 3318 et
1503 3264 1739 3337 lacrymis

728 3343 957 3397 indulsit.
984 3344 1046 3396 ln
1068 3343 1171 3394 vita
1188 3342 1653 3411 communisaepius
1669 3342 1737 3394 ita

729 3423 964 3490 jocamur
987 3443 1000 3484 ;
1038 3431 1090 3474 at
1112 3421 1166 3474 in
1190 3421 1419 3474 carmine
1452 3421 1603 3490 friget
1627 3420 1737 3474 talis

728 3502 1010 3555 verborum
1031 3501 1187 3553 lusus.

793 3600 871 3649 77.
897 3582 959 3633 Se
981 3583 1156 3646 recepit
1176 3589 1271 3631 etc.
1309 3579 1374 3631 ln
1398 3577 1733 3631 solitudinem

725 3676 779 3710 se
808 3659 1010 3709 confert
1031 3679 1043 3720 ;
1071 3656 1236 3709 moesti
1260 3656 1404 3708 enim
1428 3667 1605 3708 amant
1625 3656 1733 3707 loca

725 3733 942 3787 deserta.
971 3735 1032 3787 In
1053 3738 1225 3787 Haemo
1239 3733 1481 3801 spelunca
1502 3733 1733 3801 Aquilo-

724 3813 840 3865 nis:
867 3811 982 3864 vide
1009 3811 1073 3864 ad
1101 3813 1214 3877 Vl,
1248 3830 1356 3883 709·

790 3889 867 3958 78.
908 3888 1102 3939 Tertius
1132 3899 1227 3942 etc.
1265 3887 1444 3940 Tertia
1478 3886 1583 3953 jam
1622 3886 1730 3940 vice

722 3964 797 4019 sol
820 3984 1062 4018 emensus
1086 3965 1253 4018 suerat
1276 3964 1555 4017 zodiacum.
1566 3967 1733 4016 Ed.—

722 4045 922 4108 Pisces,
947 4041 1085 4095 sidus
1110 4041 1326 4107 zodiaci,
1353 4040 1489 4110 quod
1509 4041 1582 4093 sol
1603 4041 1725 4094 olim

724 4116 892 4171 hieme
914 4130 1133 4173 exeunte
1157 4120 1556 4189 ingrediebatur.
1585 4119 1728 4173 Hinc

721 4215 881 4249 annus
897 4202 1369 4264 zhclususpczccezus.
1396 4199 1609 4251 Etenim
1634 4204 1723 4251 ire-

721 4278 863 4327 clndi
878 4285 931 4329 et
953 4280 1128 4330 claudi
1143 4276 1387 4331 dicuntur
1405 4296 1519 4345 quae
1542 4277 1726 4332 termi—

1854 2171 1945 2240 176
1962 2209 1977 2236 ‚
2000 2176 2202 2239 aquosi.
2241 2190 2467 2239 quorum
2500 2171 2853 2241 epithetorum

1845 2267 1994 2302 causa
2018 2250 2072 2301 in
2096 2260 2307 2319 promtu
2330 2262 2421 2303 est.
2444 2250 2616 2303 Etiam
2638 2255 2843 2313 Cancer,

1844 2326 1984 2379 sidus
2007 2367 2021 2392 ‚
2058 2347 2186 2381 vers.
2231 2348 2316 2395 ¹²7
2340 2369 2355 2392 ,
2393 2340 2607 2383 vocatur
2632 2333 2850 2383 litoreus.

1847 2403 2008 2471 Quod
2022 2424 2318 2474 quanquam
2332 2405 2483 2474 paulo
2495 2406 2735 2461 audacius
2750 2406 2851 2462 dic-

1842 2488 1957 2532 tum
1971 2492 2075 2548 est,
2097 2491 2272 2535 tamen
2292 2502 2399 2535 non
2419 2495 2555 2549 erat,
2575 2504 2668 2537 cur
2685 2485 2852 2539 Hein-

1840 2559 1945 2613 sius
1966 2564 2201 2628 aqumis
2222 2572 2450 2615 mutaret
2471 2561 2525 2615 in
2551 2566 2786 2616 ethereis.

1907 2640 1985 2691 81.
2020 2642 2190 2692 R‘dem
2214 2644 2419 2693 dederat
2448 2641 2755 2713 Eurydica,
2793 2662 2848 2695 se

1842 2735 1948 2769 non
1981 2729 2277 2771 amaturum
2310 2718 2477 2771 aliam.
2510 2720 2640 2771 Mox
2664 2720 2849 2773 Heius.

1839 2795 1950 2846 sine
1975 2814 2123 2848 causa
2148 2794 2394 2849 suadebat
2422 2836 2436 2861 ,
2466 2801 2619 2850 ardor
2635 2800 2850 2863 agebat:

1842 2872 1949 2926 Vll
1970 2911 1985 2937 ,
2011 2873 2110 2924 800
2127 2912 2141 2937 ,
2164 2883 2335 2925 mutua
2354 2893 2476 2926 cura
2496 2878 2623 2927 duos
2640 2885 2693 2927 ct
2708 2894 2853 2927 amor

1836 2955 2045 3004 sociam
2065 2954 2294 3004 habebat.
2320 2952 2495 3005 Sabin.
2514 2953 2599 3013 11.
2628 2952 2692 3005 56
2708 2992 2722 3017 ,
2748 2972 2847 3005 non

1838 3030 1989 3080 habet
2013 3049 2091 3080 me
2114 3048 2258 3080 arnor
2276 3032 2514 3093 alter-1⁶:155
2545 3028 2623 3079 lv
2640 3067 2655 3093 ,
2687 3029 2735 3080 Τ
2736 3029 2845 3083 rist.

1838 3122 1899 3169 x,
1936 3107 2025 3158 116
2045 3146 2059 3170 ,
2086 3126 2186 3159 non
2206 3109 2390 3159 haben!
2409 3124 2487 3156 me
2507 3108 2695 3168 tede'a,·
2727 3105 2841 3172 ΙΙΙ,

1838 3187 1993 3238 Pont.
2018 3202 2037 3236 1
2057 3225 2072 3251 ,
2100 3187 2161 3238 82
2178 3227 2193 3253 ‚
2219 3190 2371 3239 habet
2389 3189 2516 3237 livor
2530 3190 2582 3236 tc
2602 3203 2618 3235 :
2645 3183 2761 3236 vide
2787 3195 2841 3237 et

1837 3262 1899 3316 ad
1926 3265 2002 3318 IX
2020 3304 2034 3330 ,
2064 3286 2174 3335 ²9¹·

1902 3343 1981 3409 84.
2014 3333 2191 3395 Teucri·
2197 3349 2346 3410 pueri
2357 3353 2562 3414 possent
2584 3362 2691 3397 esse
2714 3344 2844 3396 mol·

1834 3421 1932 3489 les,
1958 3422 2236 3491 impudici,
2264 3424 2452 3493 pathici
2473 3444 2486 3487 ;
2511 3422 2600 3476 sed
2628 3433 2842 3492 propter

1832 3519 1972 3568 seqq.
1988 3501 2176 3553 rectius
2192 3500 2254 3553 ad
2273 3511 2478 3554 aetatem
2503 3511 2735 3553 teneram
2757 3519 2841 3551 re-

1831 3579 1980 3631 seres.
2015 3579 2242 3630 Pueritia
2275 3579 2491 3646 ejusque
2527 3579 2688 3647 gratia
2721 3577 2838 3630 ele-

1832 3667 2014 3725 ganter
2034 3675 2157 3709 cum
2181 3675 2301 3708 vere
2323 3667 2375 3709 et
2394 3675 2557 3708 verno
2579 3663 2837 3725 proventu

1831 3743 2188 3801 comparatur:
2203 3736 2327 3791 ἄνθος
2342 3739 2448 3795 bene
2459 3735 2680 3786 Homer.
2696 3731 2754 3784 ΙΙ.
2766 3731 2836 3794 N,

1829 3814 1925 3878 484
1946 3834 1957 3871 ς
1994 3815 2117 3870 ἅυθυς
2141 3816 2256 3885 ὦπας
2278 3813 2468 3864 Anacr.
2494 3812 2732 3864 XXXIV
2749 3849 2762 3875 ,
2792 3813 2837 3875 4.

1830 3887 2033 3941 Contra
2070 3889 2425 3940 maturitatem
2462 3907 2749 3956 puerorum
2785 3897 2838 3940 et

1826 3968 2116 4036 puellarum
2151 3966 2317 4020 Graeci
2347 3967 2593 4020 dixerunt
2629 3968 2832 4043 ὅιῶραν,

1826 4055 1878 4098 et
1898 4045 2146 4098 Horatius
2163 4084 2177 4109 ,
2206 4045 2258 4097 11
2280 4084 2293 4109 ,
2318 4042 2494 4109 Od.v,
2523 4063 2582 4096 ιο
2598 4083 2613 4109 ,
2637 4055 2836 4096 antum-

1821 4143 1951 4175 num.
1967 4151 2032 4163 ·-
2050 4124 2188 4175 Citra
2201 4162 2213 4181 .
2237 4142 2301 4175 an
2310 4133 2357 4174 te
2374 4141 2385 4174 :
2402 4121 2835 4190 Sligrenhorstius

1823 4201 2025 4252 volebat
2048 4205 2199 4252 circa.
2219 4228 2285 4241 —
2313 4203 2548 4268 Carpere,
2576 4197 2711 4262 frui,
2741 4193 2829 4248 sed

1807 4281 1966 4345 βοιω-
1994 4278 2200 4348 proprie
2229 4289 2532 4346 carpuntur:
2558 4276 2667 4327 Liv.
2700 4288 2792 4326 2111
2816 4310 2831 4337 ,
