3185 5138
673 520 1753 593 METAMORPHOSEON
1807 527 2008 596 LIB.
2068 534 2160 600 X.
2380 562 2399 602 ι

367 660 527 735 Flos
557 660 759 737 habet
788 663 1178 765 inscriptum
1206 695 1222 754 ;
1256 666 1646 769 funestaque
1683 668 1879 744 litera
1907 671 2102 747 ducta
2135 693 2254 749 est.

365 780 506 852 Nec
544 779 847 874 genuisse
880 780 1090 880 pudet
1122 781 1403 882 Sparten
1440 785 1905 885 Hyacinthon3
1944 788 2290 891 honorque

365 892 585 966 Durat
619 894 686 967 in
717 893 847 966 hoc
881 894 1032 980 aevi,
1067 893 1586 1000 celebrandaque
1623 930 1804 976 more
1830 904 2128 1003 priorum

369 1011 614 1084 Annua
648 1008 914 1110 praelata
942 1010 1223 1085 redeunt
1253 1015 1649 1114 Hyacinthia
1681 1045 1947 1119 pompa.

467 1128 553 1198 V.
589 1127 684 1200 At
715 1127 774 1201 si
806 1127 976 1202 forte
1009 1157 1205 1225 roges
1236 1130 1580 1206 fecundam
1614 1135 2025 1209 Amathunta
2058 1137 2345 1226 metalli,
2399 1179 2499 1214 220

373 1309 484 1365 Ecl.
512 1311 593 1368 ul
613 1351 629 1376 ‚
661 1312 755 1364 106
771 1352 785 1378 ‚
810 1297 940 1373 Bit,
972 1316 1153 1381 quibus
1173 1319 1227 1366 in
1241 1320 1386 1367 terris

368 1396 605 1458 inscripti
614 1396 816 1443 nome'tm
828 1411 991 1458 regum
1004 1395 1386 1461 Nascaenlarfh·

1473 1316 1840 1384 pare‘asecekti,
1880 1319 1966 1372 ubi
1989 1320 2104 1373 vide
2122 1321 2504 1378 Schwarzium.

1479 1421 1546 1432 —
1565 1392 1717 1462 Regii
1738 1396 1899 1449 nostri
1924 1401 1979 1449 e‘n
2002 1400 2098 1450 hoc
2118 1405 2223 1450 aui.
2246 1426 2313 1440 -
2335 1403 2493 1454 Prio-

369 1487 463 1520 res.
484 1468 749 1521 Ausonius
769 1469 821 1520 in
843 1468 980 1539 Cup.
1001 1468 1265 1523 Crucifixo
1282 1510 1298 1537 ,
1313 1474 1390 1524 Et
1479 1488 1622 1534 mm5
1650 1473 2283 1541 majorum.—-Ptaelata...
2293 1499 2495 1546 pompa.

365 1550 558 1613 trage'oe
595 1551 810 1614 scriptus
850 1552 1036 1614 gemitu
1077 1551 1384 1602 Salaminius

365 1627 531 1692 Afas.
550 1654 614 1665 —
637 1627 744 1679 Pro
764 1627 890 1679 alin
913 1626 1058 1681 MSS
1080 1629 1378 1697 permultis,

365 1706 469 1774 hya
491 1715 580 1757 aut
597 1722 707 1776 ya,·
740 1725 855 1774 quin
880 1726 1044 1775 quum
1067 1708 1176 1762 sint
1200 1709 1382 1778 primae

366 1781 528 1834 litere
545 1782 774 1835 nominis
797 1784 1082 1855 Hyacinthi
1101 1824 1115 1851 ‚
1143 1786 1294 1840 multi
1318 1786 1383 1838 il-

366 1860 472 1913 lam
508 1861 790 1915 lectionem
828 1863 1205 1932 praesereudam
1235 1865 1378 1933 judi-

366 1950 568 1992 carunt.
593 1939 700 1993 Sed
720 1939 805 1994 hic
825 1941 931 2010 ipse
953 1942 1095 1995 locus
1117 1943 1378 1997 reclamat.

369 2017 559 2086 Apollo
590 2019 812 2088 gemitus
847 2038 967 2073 suos
1003 2021 1294 2090 inscripsit,
1326 2033 1381 2075 et

366 2116 475 2166 sqq.
506 2098 827 2165 temporibus
852 2098 1025 2165 Aiacis
1048 2118 1256 2168 quoque
1281 2119 1381 2153 no-

368 2194 493 2227 men
516 2174 671 2230 ducta
693 2175 776 2229 illa
801 2176 968 2245 figura
991 2176 1173 2231 habuit
1196 2198 1209 2232 ε
1232 2179 1304 2232 sic
1325 2189 1381 2232 et

367 2251 534 2317 XIII,
550 2253 662 2325 397.
679 2252 919 2307 Gemitus
935 2264 1110 2308 autem
1128 2274 1226 2308 vox
1239 2255 1376 2324 apud

365 2331 575 2387 Graecos
589 2353 697 2386 non
712 2338 839 2404 hya,
853 2335 944 2389 sed
960 2343 1077 2389 αἰαῖ
1090 2357 1102 2398 ;
1117 2338 1237 2396 heu,
1258 2340 1367 2396 heu,

365 2423 425 2465 ut
436 2412 515 2465 vel
533 2432 561 2465 e
577 2411 847 2482 Sophoclis
864 2412 1023 2482 Aiace
1041 2432 1171 2467 vers.
1187 2415 1286 2479 430
1301 2433 1375 2483 sq.

363 2500 416 2543 et
435 2490 642 2542 aliunde
666 2501 883 2546 constat.
908 2491 1039 2557 Aiax
1060 2509 1218 2560 porro
1237 2491 1378 2544 Grae·

360 2569 431 2622 cis
448 2575 564 2629 Αἶας
583 2568 838 2623 scribitur.
860 2568 1107 2635 Accedit,
1133 2568 1276 2639 quod
1294 2578 1346 2623 αἶ
1359 2609 1374 2635 ,

359 2656 411 2701 «2
442 2658 657 2701 tuentur
684 2650 842 2703 etiam
875 2647 1125 2702 Moschus
1160 2648 1373 2718 Epiced.

361 2728 516 2781 Bion.
536 2728 668 2782 Plin.
696 2728 857 2794 XXI,
890 2748 964 2781 ιι.
992 2726 1165 2781 Schol.
1192 2727 1377 2781 Theo-

361 2805 473 2858 crit.
497 2806 561 2858 ad
587 2806 668 2861 ld.
694 2807 773 2871 X,
804 2807 881 2859 28.
904 2834 970 2845 —
995 2805 1145 2875 Regii
1172 2804 1373 2872 nostri,

356 2884 487 2935 sicut
528 2893 581 2937 et
619 2884 792 2937 caeteri
831 2901 1014 2936 omnes
1051 2882 1198 2936 MSS
1232 2882 1372 2936 hunc

357 2960 530 3015 locum
545 2962 691 3014 valde
704 2972 1012 3030 corruptum
1024 2961 1217 3015 habent
1234 2982 1246 3023 ς
1270 2959 1371 3013 Co-

359 3039 456 3092 dex
477 3040 522 3092 A
544 3080 560 3105 ‚
585 3051 638 3091 et
657 3045 719 3092 ai
741 3039 818 3092 ὴὲ
843 3040 1002 3094 literis
1036 3040 1236 3093 duabus
1265 3040 1371 3093 dis-

360 3119 574 3185 junctim
601 3117 782 3171 Codex
799 3118 843 3171 Β
864 3156 877 3183 ,
900 3129 1011 3172 eta.
1027 3138 1071 3169 e.
1090 3117 1196 3171 Sed
1215 3118 1369 3172 docto

363 3201 539 3265 Gicn'g
559 3198 975 3251 adsentiendum.
991 3201 1087 3255 Ed.

423 3298 451 3328 2
465 3297 533 3344 ¹7·
558 3279 767 3343 Sparten
789 3279 1127 3348 Hyacinthon.
1151 3277 1370 3330 Fallitur

360 3352 604 3425 Micyllus
621 3393 636 3419 ‚
664 3355 752 3423 qui
775 3354 858 3407 bic
878 3355 943 3407 de
960 3353 1147 3423 Sparta
1165 3395 1180 3421 ‚
1208 3355 1367 3427 Hya-—

356 3431 520 3485 :inihi
539 3433 649 3485 avia
662 3472 676 3495 .
693 3432 899 3501 cogitat.
919 3432 1092 3486 Etiam
1112 3433 1263 3487 urbes
1277 3473 1291 3499 ,
1311 3435 1364 3486 in

359 3511 544 3579 quibus
567 3512 681 3580 quis
714 3523 868 3565 natus
895 3522 948 3564 et
981 3510 1230 3565 educatus
1250 3522 1328 3565 est
1350 3551 1365 3577 ‚

356 3598 510 3656 atque
536 3588 668 3642 adeo
687 3589 830 3641 fluvii
854 3588 961 3642 illas
976 3589 1133 3642 urbes
1151 3599 1370 3656 preter-

350 3666 584 3722 labentes
599 3707 615 3733 ‚
641 3668 890 3722 dicuntur
912 3687 1035 3720 eum
1059 3669 1296 3737 genuisse
1314 3678 1369 3721 et

354 3743 549 3798 aluisse.
587 3744 744 3814 Apud
783 3744 1135 3798 Claudianum
1157 3785 1172 3811 ,
1206 3742 1365 3798 Cous.

353 3821 513 3892 Olyb.
530 3821 626 3875 236
638 3863 654 3888 ‚
669 3823 952 3876 Tiberinus
961 3822 1084 3877 dicit
1100 3863 1116 3888 ‚
1133 3825 1361 3889 Respice.

348 3903 406 3949 si
415 3902 545 3950 tales
550 3901 726 3965 jactas
741 3904 1156 3968 alufus-fluentis,
1176 3902 1368 3952 Eurota

350 3978 596 4042 Spartane
610 4018 622 4033 .
647 3983 891 4032 emta—ln
907 3983 1001 4033 boc
1014 3984 1120 4032 ονί.
1132 3978 1366 4032 Gronov.

349 4059 406 4107 ln
429 4056 526 4105 boc
547 4074 676 4117 evm·
699 4058 847 4124 pauci
869 4062 923 4110 ia
944 4060 1040 4109 bac
1064 4077 1251 4123 οπως
1275 4056 1367 4110 sed

349 4131 539 4184 melius
553 4137 607 4183 in
622 4135 716 4186 hoc
729 4141 853 4199 0v1‘3
878 4136 1152 4189 Lucretius
1167 4136 1249 4195 11.
1276 4140 1334 4188 15
1349 4176 1363 4196 ,

356 4212 607 4274 Qualibus
626 4215 679 4263 in
699 4216 911 4266 tenebris
925 4218 1121 4281 degitur
1133 4216 1228 4265 hoc
1240 4218 1365 4276 evi,-

351 4285 554 4342 Plinius
569 4326 584 4355 ‚
614 4289 852 4359 Paneg.5
869 4330 884 4358 ,
907 4292 1052 4345 Solus
1074 4293 1259 4344 adhoc
1276 4296 1374 4343 eve·

1457 1545 1460 1550 ’
1484 1546 1598 1600 Can
1607 1548 1732 1604 tabr.
1748 1555 2170 1621 prelalaepompae
2188 1572 2205 1615 ‚·
2226 1575 2361 1608 unus
2376 1558 2495 1611 Me-

1479 1626 1655 1680 diceus
1673 1631 2059 1697 calatapompa.
2076 1658 2142 1671 -—-
2161 1632 2310 1703 Regii
2334 1638 2497 1688 nostri

1470 1709 1687 1773 praelata
1701 1726 1903 1775 pompa.
1918 1737 1983 1750 -
1994 1711 2309 1781 Hyacinthia
2323 1753 2337 1775 ‚
2356 1733 2500 1767 sacra

1479 1783 2001 1839 Lacedaemoniorum
2025 1827 2039 1854 ‚
2078 1807 2195 1858 quae
2219 1793 2498 1858 quotannis

1478 1863 1558 1915 vel
1578 1881 1742 1915 verno
1761 1875 1997 1933 tempore
2016 1904 2030 1931 ,
2051 1877 2108 1918 ut
2124 1866 2289 1935 placet
2306 1869 2497 1924 Ponte·

1477 1938 1620 1993 derae
1640 1941 1690 1993 in
1712 1942 1969 2012 Antiquit.
1986 1963 2034 2012 p.
2053 1965 2147 2013 ²70
2165 1984 2180 2012 ‚
2195 1946 2277 1998 vel
2291 1958 2464 2002 estate
2480 1990 2495 2016 ‚

1477 2028 1535 2070 ut
1552 2019 1663 2070 vult
1682 2018 1987 2075 Dodwellus
2004 2021 2220 2076 Dissert.
2237 2025 2286 2090 8,
2308 2025 2373 2078 de
2394 2025 2497 2098 Cy-

1475 2095 1566 2148 elis
1587 2135 1602 2161 ,
1644 2097 1697 2149 in
1735 2099 2046 2151 memoriam
2086 2101 2371 2172 Hyacinthi
2402 2125 2497 2173 per

1478 2175 1714 2228 triduum
1740 2177 2154 2232 celebrabantur.
2186 2182 2305 2234 Vid.
2332 2185 2493 2255 Πεγ-Η

1475 2252 1592 2305 nius
1617 2253 1671 2304 in
1697 2259 2121 2322 Anttyuantcchen
2144 2259 2484 2326 Aussaelzea.

1472 2329 1574 2382 vol.
1601 2332 1654 2396 l,
1678 2351 1725 2400 p.
1750 2352 1811 2403 97
1836 2353 1945 2402 sqq.

1540 2411 1790 2474 azo-242.
1818 2409 2133 2465 Amathusia
2163 2415 2349 2467 Venus
2385 2417 2491 2468 Ce—

1470 2494 1669 2549 rasus,
1703 2487 1824 2556 quia
1847 2489 1971 2542 Jovi
1997 2489 2223 2558 hospites
2248 2493 2491 2546 immola-

1471 2565 1599 2619 bant
1620 2607 1635 2633 ,
1662 2566 1715 2619 in
1743 2578 1950 2635 tauros,
1975 2572 2292 2637 Propoele'das
2312 2584 2489 2626 antem

1473 2642 1808 2712 adspernata
1835 2646 2005 2698 Deam
2024 2685 2039 2712 ‚
2073 2647 2127 2699 in
2157 2646 2349 2717 lapides
2370 2669 2489 2702 mu·-

1472 2731 1560 2775 tat.
1576 2750 1642 2763 —
1660 2724 1879 2777 Initium
1902 2723 2089 2777 fabulae
2113 2724 2340 2779 cohaere<
2369 2746 2489 2781 cum

1471 2822 1603 2856 vers.
1630 2824 1740 2875 ²¹7·
1770 2805 1995 2873 Sparten
2018 2825 2126 2860 non
2146 2806 2310 2876 pudet
2332 2810 2490 2880 Hya—

1469 2881 1710 2934 cinthum
1729 2884 1964 2952 genuisse
1981 2923 1996 2949 ‚
2014 2894 2066 2936 at
2085 2885 2342 2939 Amathus
2361 2888 2489 2941 nolit

1472 2959 1712 3013 Cerastas
1752 2962 2009 3029 peperisse
2055 2973 2109 3015 et
2147 2964 2486 3033 Propoetidas.

1467 3037 1736 3102 Amalhus,
1760 3038 2011 3108 oppidum
2029 3038 2225 3111 Cypri,
2248 3043 2333 3095 ubi
2353 3043 2487 3095 Ado-

1467 3115 1549 3167 nis
1562 3126 1616 3169 et
1628 3118 1810 3170 Venus
1829 3121 1848 3183 (
1866 3117 1987 3171 inde
2003 3118 2140 3172 dieta
2158 3120 2484 3185 Amathusia)

1469 3194 1724 3263 templum
1751 3195 2168 3264 antiquissimum
2189 3198 2448 3251 habebant
2471 3223 2482 3251 ε

1467 3271 1690 3325 Pausan.
1712 3273 1875 3326 Boeot.
1893 3294 1942 3343 p.
1960 3274 2082 3345 796;
2102 3275 2246 3343 Virg.
2262 3275 2387 3327 AEn.
2404 3276 2451 3327 X
2467 3316 2481 3338 ,

1467 3352 1546 3419 57.
1567 3377 1632 3388 —
1657 3354 1940 3403 Fecundam
1958 3391 1970 3402 .
1986 3389 1997 3401 .
2017 3390 2028 3401 .
2048 3389 2060 3401 .
2077 3357 2283 3404 melalli.
2312 3351 2485 3421 Vulgo

1468 3429 1551 3494 (et
1567 3429 1623 3481 in
1640 3430 1831 3482 nostris
1849 3430 2023 3498 Regiis
2043 3429 2356 3495 Codicibus)
2379 3452 2483 3483 mc-

1463 3511 1610 3559 talle's
1635 3508 1892 3573 :secunda
1911 3512 2108 3560 metalli
2127 3509 2194 3559 ob
2215 3508 2482 3562 metalliso—

1466 3583 1617 3637 dinas
1632 3624 1647 3652 ,
1676 3604 1791 3652 quae
1822 3586 1978 3638 hodie
2012 3585 2259 3649 neglectae
2292 3586 2481 3652 jacent.

1467 3662 1612 3714 Infra
1636 3682 1766 3714 vers.
1792 3665 1883 3714 531
1908 3695 1923 3726 ‚
1946 3667 2160 3730 panda
2175 3668 2381 3718 metalli.
2397 3665 2480 3717 De

1464 3739 1664 3810 syntaxi
1680 3738 1784 3789 vid.
1803 3738 1986 3791 Heius.
2008 3738 2149 3808 Virg.
2168 3739 2378 3794 AEncid.
2398 3742 2447 3793 X
2464 3783 2477 3808 ,

1469 3823 1594 3888 174,
1619 3822 1789 3870 &sula
1805 3837 2048 3885 generosa
2067 3821 2485 3872 melallelre-Ab-

1464 3905 1601 3949 πασί.
1629 3896 1805 3966 Vulgo
1830 3904 2025 3949 annual
2037 3916 2054 3963 ‚·
2090 3896 2240 3950 multi
2270 3902 2483 3964 abnue'l,·

1467 3985 1693 4042 quatuor
1715 3993 1835 4026 cum
1862 3975 2032 4043 primo
2063 3974 2230 4045 Regio
2256 3978 2443 4026 abnue!
2456 3990 2478 4039 ,·

1466 4050 1591 4104 hinc
1610 4050 1860 4104 Heinsius
1884 4071 1946 4103 ex
1967 4051 2164 4120 legibus
2183 4052 2369 4121 linguae
2387 4055 2483 4115 ab·

1464 4140 1590 4182 mea!
1612 4129 1772 4184 dedit.
1791 4159 1856 4170 —
1876 4130 2069 4200 Regius
2083 4141 2275 4183 noster
2302 4128 2483 4183 Codex

1467 4211 1514 4264 A
1534 4251 1548 4277 ,
1573 4214 1785 4275 abrutin·
1817 4210 1998 4264 Codex
2015 4212 2060 4263 B
2078 4251 2093 4277 ‚
2119 4216 2327 4279 annuit:
2344 4212 2484 4271 inter

1465 4302 1751 4360 utrumque
1766 4291 1983 4344 minime
1996 4290 2183 4344 dubius
2194 4310 2300 4344 esse
2314 4299 2485 4361 potest
