3185 5138
674 516 1707 611 METAMORPROSFON
1754 518 1947 584 LIB.
2000 519 2140 586 XI.

2339 488 2468 604 223

355 655 885 753 Distinctamque
918 655 1114 728 fidem
1151 656 1462 751 gemmis,
1499 675 1562 729 et
1594 656 1906 729 dentibus
1935 657 2123 732 Indis

359 772 653 847 Sustinet
688 800 724 845 a
759 771 917 845 laeva
949 802 965 845 :
1002 773 1214 845 tenuit
1243 801 1477 846 manus
1507 772 1708 845 altera
1737 772 2080 873 plectrum.

359 887 651 963 Artificis
685 904 896 960 status
928 887 1069 988 ipse
1099 887 1228 960 suit
1261 919 1276 960 :
1307 906 1446 961 tum
1481 887 1760 961 stamina
1794 888 1992 962 docto

362 1004 611 1078 Pollice
645 1002 956 1076 sollicitat
985 1032 999 1076 ε
1033 1030 1313 1102 quorum
1351 988 1698 1077 dulcedine
1734 1022 1966 1104 captus

2397 1043 2488 1098 170

363 1121 541 1194 Pana
574 1119 762 1217 jubet
790 1117 1069 1191 Tmolus
1096 1118 1360 1191 citharae
1395 1118 1780 1191 submittere
1817 1145 2077 1191 cannas,

363 1235 703 1309 Judicium
732 1235 1071 1335 sanctique
1101 1232 1317 1334 placet
1351 1234 1671 1307 sententia
1698 1233 1946 1307 montis

370 1353 709 1427 Omnibus
740 1383 754 1425 :
784 1352 1085 1446 arguitur
1117 1370 1332 1424 tamen
1353 1408 1370 1437 ‚
1411 1367 1607 1450 atque
1643 1351 1888 1449 injusta
1917 1367 2189 1424 vocatur

370 1470 585 1543 Unius
620 1497 919 1542 sermone
954 1468 1156 1542 Midae
1185 1497 1199 1541 :
1234 1496 1355 1542 nec
1389 1466 1620 1541 Delius
1657 1496 1845 1541 aures

339 1587 743 1659 'Humanam
777 1581 1053 1657 stolidas
1087 1582 1342 1682 patitur
1370 1582 1651 1657 retinere
1687 1584 2003 1679 figuram;
2404 1606 2496 1675 175

374 1780 627 1834 Horatius
648 1819 663 1845 ,
693 1778 754 1831 A.
786 1778 845 1830 P.
872 1780 967 1829 215
992 1816 1006 1842 ,
1042 1782 1206 1830 traxit
1225 1795 1383 1845 uagus

364 1863 658 1927 perpulpe’m
672 1866 879 1917 venem:
894 1854 1151 1920 Tibullus,
1165 1854 1213 1905 d.
1227 1854 1258 1906 l.
1276 1858 1387 1907 lma

375 1940 638 1991 videbatur
647 1938 770 1986 talis
781 1935 989 1985 illudere
990 1936 1152 1998 palla.
1166 1932 1235 1984 Se
1242 1932 1273 1983 d
1291 1951 1386 2001 pro

373 2022 528 2069 verre!
550 2013 648 2065 hoc
675 2011 817 2077 loco,
845 2029 978 2062 unus
996 2009 1100 2064 MS
1116 2009 1388 2063 Basileen-

373 2095 440 2149 sis
468 2097 662 2149 sulcat,
690 2092 813 2144 satis
829 2090 1109 2158 eleganter.
1136 2089 1392 2144 Claudia-

377 2192 503 2238 nus,
522 2172 577 2223 in
607 2169 824 2237 Eutrop.
854 2168 927 2232 11,
948 2169 1074 2232 300,
1098 2186 1269 2219 currus
1285 2172 1390 2220 sul-

377 2263 467 2306 ca!
475 2252 622 2317 juga.
646 2276 713 2287 —
736 2248 976 2300 Saturam
1006 2248 1155 2316 Tyre'o
1176 2252 1386 2307 munke,

377 2330 498 2384 satis
523 2327 721 2380 imbuta
746 2327 918 2377 colore
944 2341 1222 2392 purpureo.
1243 2325 1398 2376 Salar

376 2411 562 2460 colore
590 2402 762 2456 Plinio
781 2412 954 2454 notus.
993 2427 1061 2440 ·-
1093 2402 1244 2452 Fides
1261 2440 1271 2457 ‚
1315 2399 1393 2452 ci-

379 2484 554 2544 thara;
581 2480 860 2544 Horatius,
892 2480 951 2543 1,
981 2477 1085 2529 Od.
1114 2493 1263 2540 xvu,
1297 2478 1388 2543 18,

361 2567 502 2634 fides
542 2562 691 2622 Teia,
733 2559 843 2631 lyra
884 2555 1226 2611 Anacreontis
1259 2555 1393 2609 Teii.

379 2641 700 2698 Glossarium
718 2639 1046 2693 Graeco-Lat.
1071 2639 1228 2696 Fidis,
1249 2641 1359 2710 λύρα
1374 2674 1389 2702 ,

378 2725 550 2797 κιθάρα.
575 2720 702 2773 Erat
716 2724 984 2772 Instructo.
1007 2715 1142 2769 culta
1159 2754 1173 2779 ,
1190 2722 1389 2765 ornata.

382 2799 519 2852 Vide
553 2797 832 2851 Heinsium
869 2795 932 2847 ad
961 2795 1096 2848 Fast.
1140 2793 1226 2857 11,
1261 2791 1390 2853 3182

383 2877 634 2947 Apuleius
652 2917 667 2942 ,
691 2873 887 2928 Florid.
912 2873 934 2925 1
957 2912 971 2938 ,
1013 2871 1078 2923 de
1117 2868 1357 2939 Apolline
1379 2886 1392 2920 z

383 2978 412 3004 σε
439 2955 586 3025 Quid
616 2952 755 3023 quod
783 2963 836 3004 et
855 2951 964 3022 lyra
990 2950 1102 3016 ejus
1125 2964 1254 3000 auro
1278 2945 1392 2997 sul-

385 3057 414 3084 »
440 3047 608 3106 gurat,
631 3034 787 3088 ebore
803 3030 1057 3096 candicat,
1080 3027 1298 3098 gemmis
1313 3045 1395 3078 va·

386 3135 417 3161 ν
438 3116 683 3183 riegatur.
712 3133 739 3157 ιι
776 3109 820 3161 Α
849 3106 1060 3161 Tibullo
1083 3105 1132 3157 d.
1159 3106 1191 3157 Ι.
1217 3105 1262 3156 ei
1289 3104 1394 3156 tri-

305 3234 310 3238 -
385 3194 535 3248 buitu
541 3212 584 3259 r,
583 3193 796 3260 fulgens
811 3190 1055 3243 testudine
1065 3196 1119 3238 e!
1127 3204 1250 3238 auro
1263 3188 1396 3254 lyra,-

381 3279 444 3322 et
480 3271 589 3334 IV,
622 3285 689 3320 111
711 3308 725 3333 ,
772 3288 831 3319 22
853 3306 867 3332 ,
894 3268 1177 3318 testudinea
1212 3263 1399 3314 Pha-be

390 3348 597 3412 superbe
615 3349 739 3415 lyra.
765 3342 868 3397 Sed
895 3343 993 3395 hoc
1022 3343 1133 3394 loco
1149 3338 1396 3409 plurimi,

389 3425 785 3489 dzzrte‘nctamque.
794 3420 934 3488 quod
949 3419 1145 3471 nollem
1159 3418 1222 3470 ab
1234 3415 1400 3468 Hein-

387 3501 469 3555 sio
495 3509 717 3568 quatuor
740 3496 911 3550 Codd.
936 3497 1238 3550 auctoritate
1268 3511 1398 3545 mu-

393 3591 579 3635 tatum.
613 3577 730 3630 Non
759 3594 894 3644 nego
916 3613 930 3637 ,
973 3580 1264 3627 instructum
1298 3571 1400 3624 dici

392 3677 491 3730 pro
506 3698 521 3722 ,
548 3664 792 3709 ornatum
812 3693 827 3718 ,
851 3653 941 3706 sed
966 3657 1252 3706 dtlrlinctum
1281 3651 1400 3704 ele-

393 3740 598 3811 gantius
635 3736 803 3790 multo
839 3734 1058 3787 verbum
1106 3745 1182 3786 est
1204 3774 1219 3799 ,
1261 3732 1401 3802 quod

393 3826 674 3885 usurpatur
696 3814 761 3865 de
794 3812 949 3864 rebus
973 3850 987 3875 ,
1029 3828 1142 3878 quae
1167 3808 1404 3876 dispersis

394 3896 719 3950 ornamentis
734 3893 989 3960 variegata
1001 3901 1136 3942 sunt.
1152 3889 1238 3940 Sic
1255 3908 1407 3956 pocu-

395 3973 444 4026 la
464 3976 703 4025 destincte
728 3969 946 4040 gemmis
964 4007 978 4033 ,
1006 3977 1150 4035 prata
1170 3970 1408 4016 destincte

395 4048 614 4102 floribus
633 4088 647 4114 ,
684 4048 869 4101 caelum
901 4049 1188 4097 delrtt'nctum
1208 4040 1366 4093 stellis
1391 4080 1407 4106 ‚

398 4128 589 4198 passim
616 4139 666 4180 et
692 4127 972 4197 eleganter.
992 4150 1058 4164 --
1075 4122 1225 4192 Regii
1247 4119 1410 4172 nostri

398 4206 907 4261 babentdaelrtt'nctam‚
935 4201 1074 4271 quod
1090 4197 1298 4269 reposui
1318 4217 1411 4265 pro

398 4292 696 4341 instructam
711 4284 852 4355 quod
870 4286 1048 4351 Gierig
1057 4282 1111 4335 in
1128 4277 1411 4336 Heimium

1480 1779 1634 1848 paulo
1652 1777 1999 1833 verecundior
2016 1779 2232 1846 rejicere
2258 1798 2368 1833 non
2387 1793 2498 1834 erat

1481 1877 1664 1911 ausus:
1697 1878 1796 1910 nec
1836 1859 2001 1911 aberit
2039 1879 2066 1910 a
2096 1879 2185 1912 me
2220 1862 2499 1915 auctoritas

1479 1937 1787 2005 sagacissimi
1815 1937 2125 1989 Burmanni.
2148 1940 2248 1990 Ed.

1556 2014 1663 2086 169.
1703 2018 1849 2081 lpse,
1888 2016 2198 2070 verissimus.
2231 2045 2296 2057 —
2329 2019 2503 2071 Status

1482 2094 1694 2159 adficis
1712 2131 1725 2151 ‚
1782 2095 1863 2143 die
1888 2092 2116 2159 Stellung
2135 2098 2270 2145 eines
2302 2097 2508 2147 Virtuo-

1482 2185 1587 2218 sen.
1628 2167 1723 2220 Est
1742 2168 1901 2249 etiam
1925 2169 2217 2223 oratoribus
2242 2189 2366 2222 suus
2388 2182 2502 2222 sta-

1482 2255 1590 2300 tus.
1621 2246 1731 2300 Cic.
1754 2246 1851 2301 Or.
1873 2248 1925 2312 1,
1954 2251 2048 2320 59,
2074 2268 2233 2316 quem
2259 2249 2504 2303 describit

1487 2325 1850 2393 Quintilianus
1874 2366 1889 2391 ,
1932 2327 2057 2378 inst.
2081 2328 2261 2394 0121,
2300 2347 2389 2394 xl,
2424 2330 2497 2382 ιδ.

1484 2430 1550 2443 -
1582 2404 1704 2454 Tum
1725 2408 1959 2455 stamina.
1992 2404 2148 2457 Unus
2170 2411 2411 2458 carmina.
2434 2432 2502 2448 ·—·

1487 2470 1637 2548 Regii
1662 2479 1862 2534 codices
1880 2487 2375 2545 slam1’na5carm1'na
2389 2503 2503 2537 me-

1485 2578 1541 2611 ra
1558 2558 1719 2628 glossa
1734 2568 1825 2613 est.
1842 2561 2250 2620 Ed.—-S!amt'na.
2275 2562 2499 2618 chordae.

1487 2636 1658 2705 Supra
1680 2640 1786 2706 fila
1816 2644 2069 2690 sonantia.
2112 2639 2314 2693 Laudat
2350 2644 2500 2695 Bur-

1487 2733 1717 2767 mannus
1737 2733 1765 2767 e
1785 2714 2033 2769 Catalect.
2051 2717 2189 2771 Pith.
2207 2719 2305 2784 IV,
2320 2739 2368 2788 p.
2389 2740 2404 2771 ι
2420 2725 2510 2790 57,,

1487 2793 1693 2844 Musica
1736 2799 2029 2859 connivens
2073 2799 2252 2848 subtili
2281 2805 2511 2857 stamina

1479 2871 1994 2938 pulsu.—Solle'c17at·,
2022 2875 2245 2941 percutit
2263 2914 2277 2940 ,
2307 2875 2470 2944 pulsat
2491 2900 2504 2940 ;

1490 2964 1617 2998 nam
1638 2950 1917 3001 sollio-imre
1941 2949 2162 3002 omnino
2187 2963 2263 3005 est
2283 2992 2297 3019 ,
2323 2955 2508 3023 saepius

1492 3041 1705 3076 movere
1720 3063 1735 3091 ,
1760 3035 1819 3076 ut
1832 3029 2108 3079 solleke'tan·
2125 3048 2276 3089 mam,
2294 3032 2506 3085 humum.

1488 3104 1761 3156 —Polle'ce.
1777 3104 1943 3156 Paulo
1960 3116 2081 3158 ante
2096 3109 2341 3173 pleclrum
2361 3129 2512 3162 com-

1493 3192 1834 3234 memoratur.
1866 3183 2070 3252 Nempe
2106 3184 2316 3238 chordoe
2355 3189 2512 3256 pulpa

1494 3257 1778 3327 digitorum
1798 3261 2164 3328 pulsabantur,
2185 3262 2274 3316 sed
2296 3264 2350 3315 in
2368 3265 2514 3317 clau-

1492 3335 1616 3388 sulis
1630 3336 1693 3387 ad
1713 3337 2002 3405 pleniorem
2021 3339 2351 3393 harmoniam
2375 3342 2509 3411 plec-

1496 3425 1580 3467 tro
1612 3416 1785 3485 plures
1810 3417 2018 3472 chordae
2047 3437 2156 3471 uno
2187 3421 2290 3473 ictu
2328 3433 2514 3492 tange-

1495 3495 1705 3548 bantur.
1732 3496 1852 3548 vid.
1876 3497 2142 3551 Gesnerus
2170 3498 2232 3551 ad
2265 3500 2516 3555 Claudia—

1495 3593 1628 3628 num
1649 3614 1664 3641 ,
1688 3575 1954 3641 XXXIV,
1990 3581 2063 3629 15.

1570 3674 1586 3704 ι
1602 3673 1626 3721 7
1641 3673 1679 3704 1.
1699 3653 2016 3714 SubmeWere,
2056 3665 2367 3728 postponere
2387 3696 2401 3723 ,
2427 3657 2517 3712 sa-

1500 3729 1599 3783 teri
1624 3748 1708 3781 eas
1726 3729 1999 3783 inferiores
2026 3750 2133 3784 esse
2160 3733 2281 3803 lyrae
2302 3733 2517 3804 Apolli-

1499 3828 1631 3861 neae.
1656 3836 1722 3848 —
1747 3812 1954 3860 Cannas
1975 3850 1987 3872 ‚
2032 3810 2210 3864 tibiam
2246 3832 2306 3864 ex
2337 3815 2518 3867 cannis

1499 3888 1806 3941 consectam.
1831 3889 1928 3940 Ed.

1576 3967 1685 4035 ¹73'
1728 3967 1931 4030 lnjusta
1974 3978 2195 4020 vocatur.
2236 3968 2518 4026 Vossianus

1502 4045 1697 4111 1‘njusla
1718 4054 1947 4095 notatur:
1974 4063 2081 4096 non
2110 4046 2261 4099 male.
2285 4048 2518 4117 —bssegii

1505 4122 1669 4174 nostri
1693 4133 1900 4173 vocatur
1915 4142 1931 4172 .·
1951 4141 2250 4191 quanquam
2276 4138 2478 4178 notatur
2493 4149 2521 4180 e

1506 4200 1758 4268 scriptura
1792 4210 2004 4252 uocatur
2036 4201 2089 4252 in
2126 4201 2229 4254 MS
2262 4205 2522 4258 Vossiano

1507 4296 1603 4347 per
1625 4279 1989 4336 confusionem
2007 4280 2279 4335 literarum
2300 4282 2398 4353 legi
2419 4300 2525 4353 po-
