3185 5138
710 544 1739 613 METAMORPHOSEON
1785 548 1979 615 LIB.
2025 549 2164 615 XI.

2378 550 2505 615 233

384 687 549 757 Esse
579 701 774 783 putes
811 713 1022 758 ramos
1043 742 1061 772 ‚
1100 702 1166 758 et
1194 713 1333 759 non
1366 683 1588 760 fallare
1621 686 1939 787 putando.

482 803 604 874 111.
631 804 769 874 Nec
787 803 946 874 satis
968 802 1091 875 hoc
1113 803 1375 876 Baccho
1394 819 1527 876 est:
1550 803 1736 902 ipsos
1755 830 2020 902 quoque
2034 802 2277 876 deserit
2296 830 2511 899 agros;

388 919 690 1017 Cumque
725 919 930 990 choro
962 917 1268 1005 meliore,
1309 920 1410 992 sui
1446 919 1663 992 vineta
1696 917 1958 1020 Tymoli
1983 976 2000 1007 ‚
2448 941 2516 994 86

384 1032 838 1133 Pactolonque
870 1033 1081 1132 petit;
1122 1034 1419 1133 quamvis
1451 1063 1590 1107 non
1628 1064 1863 1135 aureus
1898 1033 2016 1107 illo

381 1151 750 1250 Tempore,
785 1177 905 1223 nec
941 1149 1105 1223 caris
1138 1168 1276 1224 erat
1310 1150 1678 1224 invidiosus
1714 1152 1947 1224 arenis.

385 1266 586 1339 Hunc
619 1266 885 1340 adsueta
915 1267 1155 1339 cohors
1191 1265 1446 1366 Satyri,
1483 1267 1883 1368 Bacchaeque
1915 1266 2340 1367 frequentant
2371 1294 2387 1341 t

383 1381 477 1453 At
510 1378 772 1454 Silenus
805 1380 989 1453 abest
1018 1409 1034 1469 ;
1068 1379 1461 1455 titubantem
1494 1384 1813 1485 annisque
1849 1409 2168 1483 meroque
2442 1421 2509 1472 9⁰

378 1585 461 1617 ros
483 1585 672 1634 quoque
685 1569 893 1618 brachia
912 1570 1103 1635 longos.
1113 1595 1180 1608 ·-
1193 1566 1395 1620 Confer

380 1656 560 1699 notam
592 1646 708 1700 libri
732 1647 810 1711 X,
836 1650 934 1700 250
952 1686 967 1712 ,
996 1646 1135 1699 uude
1165 1665 1393 1716 appare-

377 1723 481 1789 bit,
503 1723 789 1793 superfluas
809 1744 917 1778 esse
949 1723 1181 1778 hocloco
1208 1725 1394 1778 Inter-

376 1814 583 1871 pretum
614 1801 1026 1856 emendationes.
1054 1804 1199 1856 Lusit
1216 1822 1393 1857 rursus

380 1881 625 1950 Ovidius,
652 1903 800 1936 more
826 1902 937 1937 suo.

442 1962 658 2028 85-145.
675 1964 852 2015 Ᾰίίόω·
867 2003 880 2023 ,
908 1981 997 2014 rex
1014 1960 1259 2033 Phrygiae
1275 1980 1392 2013 ma-

376 2039 500 2105 joris
512 2079 526 2105 ‚
545 2040 682 2109 impe
691 2041 841 2093 travit
857 2060 885 2092 a
900 2040 1105 2093 Baccho
1121 2079 1135 2107 ,
1167 2051 1222 2092 ut
1241 2040 1392 2110 quid-

379 2118 499 2186 quid
525 2120 839 2188 attingeret,
872 2138 1057 2171 aurum
1087 2129 1233 2172 esset.
1261 2118 1390 2186 Quo

377 2216 597 2251 munere
617 2200 916 2264 instructus,
933 2216 1097 2267 quum
1112 2197 1249 2251 fame
1266 2218 1390 2251 cru-

376 2275 618 2342 ciaretur,
635 2277 868 2330 Bacchus
885 2277 1030 2345 jussit
1044 2317 1058 2341 ‚
1079 2287 1135 2329 ut
1149 2296 1202 2328 se
1221 2275 1390 2329 ablue·

376 2366 457 2406 ret
480 2355 532 2407 in
554 2355 765 2407 Pactolo
788 2354 964 2407 ssuvio.
991 2353 1121 2421 Quo
1142 2352 1278 2405 sacto
1306 2353 1387 2405 ille

373 2431 526 2484 rediit
551 2432 602 2485 in
630 2433 906 2502 pristinum
934 2442 1127 2486 statum
1146 2471 1161 2496 ,
1200 2430 1389 2483 fluvius

375 2520 549 2562 autem
566 2530 752 2563 aurum
768 2511 905 2564 serre
919 2510 1085 2579 coepit.
1106 2507 1260 2562 cons.
1275 2509 1388 2581 Hy-

373 2588 549 2656 ginus,
575 2588 674 2642 sab.
696 2609 780 2660 ¹9¹
804 2609 820 2655 ‚·
843 2587 1057 2641 Conon.
1077 2586 1212 2656 apud
1232 2585 1386 2638 Phot.

371 2685 478 2735 cap.
510 2688 564 2730 ις
597 2667 808 2720 Servius
837 2666 901 2720 ad
928 2665 1208 2736 Virgilium
1229 2704 1244 2729 ‚
1275 2664 1385 2717 Ecl.

371 2743 450 2797 VI
473 2785 488 2811 ,
523 2756 575 2797 et
601 2745 811 2798 AEneid.
837 2746 886 2798 X
906 2785 920 2811 ,
964 2747 1090 2811 ¹4²³
1124 2743 1386 2796 Maximus

373 2822 564 2895 Tyrius
604 2822 777 2876 Serm.
812 2824 893 2877 30.
927 2824 1242 2876 Narraverat
1275 2820 1385 2873 haec

371 2911 424 2952 et
436 2899 826 2969 Theopompus.
839 2901 1042 2969 Nempe
1060 2898 1385 2971 Phrygiaere·

370 2996 533 3045 gnum
552 2978 783 3031 Gordius
799 2978 1062 3043 condidit,
1086 2979 1236 3045 cujus
1250 2976 1384 3029 filius

369 3056 543 3109 Midas
574 3057 622 3109 ei
651 3058 892 3110 successit
928 3076 1069 3110 anno
1107 3057 1231 3123 1428
1262 3067 1382 3109 ante

373 3132 658 3188 Christum.
685 3135 935 3188 Fabulam
963 3145 1139 3187 autem
1164 3133 1228 3186 de
1255 3153 1382 3186 auro

369 3212 479 3279 ejus
499 3213 623 3266 inde
638 3225 809 3266 ortam
829 3211 994 3266 credit
1007 3213 1067 3266 cl.
1089 3213 1167 3264 vir
1190 3215 1390 3279 Goguet

368 3288 432 3342 de
452 3290 672 3359 Origine
696 3291 887 3344 artium
907 3331 921 3355 ‚
946 3302 1073 3343 tom.
1094 3290 1172 3355 11,
1192 3309 1241 3358 p.
1258 3290 1379 3356 266,

368 3370 509 3438 quod
541 3371 712 3424 Midas
742 3383 896 3425 terrae
930 3390 1036 3425 suae
1067 3383 1383 3441 proventum

367 3449 501 3502 hene
527 3450 856 3516 vendiderit,
891 3461 1345 3519 mercaturamque
1365 3489 1380 3513 ,

367 3547 482 3597 quae
510 3540 663 3597 tropo
683 3548 793 3580 non
815 3527 1103 3581 admodum
1128 3527 1262 3579 duro
1283 3527 1381 3580 dici

363 3607 522 3676 possit
537 3608 716 3660 omnia
731 3609 785 3659 in
805 3599 994 3659 aurum
1017 3617 1219 3658 mutare
1237 3644 1251 3670 ,
1267 3624 1383 3673 pro-

362 3685 603 3738 moverit.
618 3685 776 3738 Certe
794 3685 951 3737 etiam
965 3703 1065 3736 nos
1078 3683 1299 3736 dicimus
1316 3683 1382 3736 de

363 3762 562 3815 colonis
582 3801 596 3827 ,
627 3762 716 3830 qui
742 3779 988 3830 agrorum
1014 3779 1231 3813 suorum
1258 3778 1384 3829 pro-

358 3850 582 3892 ventum
620 3841 754 3894 bene
793 3838 1064 3905 vendunt,
1097 3846 1173 3893 sie
1209 3845 1381 3892 missen

359 3919 468 3968 ihre
489 3920 732 3970 Pmducle
768 3939 832 3971 zu
869 3922 1151 3971 versilbem.
1190 3918 1381 3970 Anco-

360 4013 477 4047 ram
495 3994 941 4060 invenisse-Midas
955 3994 1178 4049 traditur
1195 4014 1223 4047 a
1242 3995 1380 4047 Pau-

359 4071 529 4132 sania,
556 4071 709 4126 Attic.
733 4092 780 4141 p.
807 4095 863 4126 12
884 4113 899 4141 ,
929 4071 1379 4143 quemadmodum

361 4152 427 4204 ad
444 4151 793 4219 Demodicen,
813 4172 1027 4207 uxorem
1053 4154 1186 4222 ejus,
1212 4161 1380 4205 artem

356 4231 599 4302 signandi
625 4252 870 4288 nummos
898 4235 1227 4299 reserebant3
1254 4234 1381 4287 Pol-

356 4309 471 4381 lux,
495 4311 580 4366 lib.
606 4311 714 4371 Vll
733 4351 748 4381 ‚
774 4333 883 4383 cap.
900 4331 959 4369 νι
977 4353 992 4383 ,
1020 4313 1063 4383 S.
1090 4316 1198 4368 181.
1225 4312 1379 4368 Divi-

1494 1568 1578 1621 tiae
1602 1568 1763 1621 Midae
1785 1569 1838 1621 in
1861 1568 2137 1638 proverbio
2160 1578 2342 1631 erant;
2370 1568 2513 1640 Tyr-

1493 1658 1652 1713 taeus,
1673 1648 1753 1701 111
1768 1688 1783 1715 ,
1803 1647 1861 1713 ὃς
1886 1648 2085 1701 Plinius
2104 1686 2118 1713 ,
2138 1647 2411 1713 XXXIII,
2437 1652 2510 1700 15.

1490 1726 1606 1778 —E
1621 1726 1844 1779 Thracia
1863 1727 2140 1779 transimus
2153 1726 2211 1778 in
2223 1725 2442 1798 Lydiam
2458 1736 2510 1778 et

1492 1802 1872 1874 Phrygiam.—
1886 1807 1995 1855 Non
2016 1810 2146 1858 sale’s
2167 1805 2213 1857 ei
2232 1815 2335 1865 cst,
2361 1805 2507 1870 cujus

1492 1880 1567 1932 ira
1592 1900 1703 1934 non
1735 1882 1970 1951 mitigata
1999 1893 2074 1935 est
2104 1900 2213 1953 uno
2246 1881 2514 1951 supplicio.

1490 1962 1752 2012 —Chorus
1774 1960 1963 2013 Bacchi
1990 1980 2099 2013 voc.
2123 1962 2337 2029 proprio
2360 1964 2509 2014 thia-

1487 2058 1576 2092 sus
1606 2039 1909 2103 dicebatur;
1939 2039 2056 2092 vide
2083 2040 2146 2092 ad
2175 2040 2257 2092 III
2275 2078 2290 2105 ,
2318 2044 2510 2111 529.—

1498 2123 1695 2172 Ve'neta.
1740 2119 1977 2187 Quidam
2010 2126 2185 2187 pineta
2208 2160 2221 2180 ,
2267 2124 2467 2172 dumela
2485 2159 2499 2181 ,

1485 2202 1698 2263 spineta.
1714 2225 1778 2236 -—
1802 2197 1997 2266 Regius
2026 2195 2205 2250 Codex
2227 2207 2406 2249 noster
2427 2196 2473 2248 A
2488 2235 2503 2261 ,

1485 2279 1715 2342 sp1‘neta5
1751 2274 1933 2327 Codex
1962 2276 2005 2328 B
2026 2313 2040 2339 ,
2070 2280 2244 2325 vineta
2271 2284 2324 2327 et
2349 2293 2504 2344 supra

1486 2356 1573 2407 vel
1571 2358 1763 2421 pineta.
1785 2353 1866 2405 De
1884 2357 2069 2404 vinem
2091 2354 2141 2402 Τ
2126 2355 2295 2421 ymole'
2305 2352 2421 2404 vide
2440 2351 2503 2403 ad

1487 2432 1565 2487 VI
1585 2473 1601 2498 ‚
1632 2433 1864 2484 15.—Su1·
1881 2440 2096 2499 propter
2111 2431 2301 2481 vineta.
2316 2429 2507 2481 Maluit

1483 2530 1678 2569 aureus,
1698 2527 1857 2580 quam
1875 2509 2087 2575 aurifer,
2108 2508 2228 2576 quia
2250 2527 2310 2560 ex
2325 2519 2503 2561 mente

1486 2600 1654 2658 poetae
1675 2590 1833 2642 etiam
1849 2606 1982 2656 aqua
1999 2586 2195 2640 Pactoli
2213 2605 2368 2639 aurea
2381 2587 2500 2639 suit:

1483 2666 1602 2719 vide
1626 2686 1755 2720 vers.
1791 2668 1894 2732 ¹4²·
1914 2693 1980 2704 -
1996 2667 2103 2718 Nec
2118 2669 2255 2717 canis·
2270 2703 2283 2723 ,
2313 2663 2365 2716 id
2390 2675 2466 2715 est
2486 2703 2500 2728 ,

1480 2744 1719 2813 pretiosis
1741 2764 1754 2808 ;
1781 2762 1873 2796 nec
1882 2743 2063 2810 salves.
2082 2769 2148 2780 —
2165 2740 2316 2810 Regii
2336 2739 2504 2792 nostri

1481 2827 1617 2874 cartis
1631 2839 1649 2887 ,·
1668 2822 1837 2889 fulvis
1869 2840 1964 2890 pro
1996 2820 2157 2889 glossa
2186 2830 2279 2873 est.
2317 2821 2415 2871 Ed.
2436 2845 2503 2856 —

1480 2902 1765 2952 Invidiosus
1798 2903 1967 2951 arcm's
1983 2939 1996 2960 ,
2043 2897 2285 2967 preclare
2304 2936 2318 2963 ,
2354 2896 2502 2965 cujus

1481 2997 1666 3030 arenas
1688 2996 1809 3030 cum
1839 2975 2034 3029 invidia
2059 2977 2373 3045 expetebant
2396 2974 2499 3027 ho-

1480 3059 1667 3111 mines.
1691 3058 1778 3110 Sic
1792 3076 1947 3127 supra
1965 3096 1979 3124 ,
2010 3057 2087 3110 IX
2103 3096 2117 3122 ,
2143 3075 2202 3109 ιο
2216 3096 2231 3122 ,
2248 3059 2501 3109 invidiosa

1478 3153 1608 3202 spes.
1629 3163 1697 3175 -
1730 3137 2069 3202 Frequentant.
2112 3133 2368 3201 Quinque
2404 3152 2499 3183 se-

1478 3225 1701 3282 quuntur.
1714 3243 1779 3254 —
1789 3213 1939 3283 Regii
1954 3214 2120 3266 nostri
2123 3213 2463 3282 frequentem.

1543 3311 1625 3364 90.
1651 3294 1875 3354 Silenus,
1916 3302 2203 3361 praeceptor
2235 3301 2287 3343 et
2322 3309 2497 3343 comes

1478 3369 1698 3434 Bacchi,
1724 3371 1961 3439 princeps
1982 3370 2125 3423 istius
2140 3369 2316 3434 chori,
2337 3388 2496 3437 quem

1479 3448 1610 3501 adeo
1634 3451 1807 3502 statim
1833 3449 2122 3509 desiderat.
2163 3459 2215 3500 et
2247 3447 2312 3499 de
2347 3449 2495 3517 cujus

1478 3528 1709 3581 absentia
1728 3528 1973 3580 sollicitus
1989 3538 2065 3580 est
2083 3526 2331 3580 Bacchus.
2347 3527 2496 3580 Bene

1478 3625 1604 3675 ergo
1620 3603 1720 3657 hoc
1736 3604 2064 3657 admonitum
2082 3642 2096 3668 ,
2112 3605 2189 3656 At
2197 3605 2396 3656 Silenus
2410 3608 2496 3656 ab·

1473 3694 1564 3736 est.
1583 3683 1828 3754 Hyginus
1845 3722 1858 3748 ,
1886 3682 2024 3734 dicto
2044 3681 2183 3735 loco:
2209 3703 2235 3726 κ
2256 3681 2337 3733 Eo
2355 3692 2495 3734 tem-

1479 3787 1505 3812 »
1530 3783 1655 3834 pore
1681 3763 1835 3816 Liber
1856 3771 2002 3832 pater
2028 3781 2191 3831 quum
2208 3763 2495 3815 exercitum

1478 3865 1506 3890 »
1530 3843 1584 3895 in
1607 3842 1814 3896 Indiam
1835 3841 2083 3908 duceret,
2111 3840 2322 3894 Silenus
2345 3841 2495 3892 aber-

1477 3943 1505 3967 »
1529 3923 1692 3988 ravit,
1714 3939 1872 3990 quem
1892 3918 2065 3973 Midas
2079 3929 2350 3987 exceptum
2369 3917 2494 3970 hos-

1477 4020 1504 4045 »
1531 3998 1659 4067 pitio
1675 3998 1956 4051 liberaliter
1971 3997 2198 4065 accepit,
2224 4006 2378 4063 atque
2394 3992 2495 4046 du-

1477 4099 1503 4123 »
1530 4095 1645 4130 cem
1667 4075 1811 4129 dedit
1828 4115 1841 4141 ,
1862 4075 1950 4145 qui
1968 4094 2091 4127 eum
2111 4075 2164 4126 in
2180 4073 2489 4127 comitatum

1476 4176 1502 4201 ²·
1526 4154 1701 4207 Liberi
1730 4153 2029 4207 deduceret.
2056 4175 2081 4198 »
2110 4153 2174 4205 ln
2207 4151 2491 4223 Phrygiam

1473 4231 1744 4302 aufugerat
1762 4242 1972 4285 auctore
1993 4230 2262 4284 Lactantio
2291 4230 2343 4282 in
2373 4229 2492 4282 Ar—

1472 4324 1707 4382 gument.
1730 4313 1937 4368 Silenus
1959 4322 2012 4365 et
2035 4330 2193 4366 senex
2211 4322 2263 4365 et
2283 4329 2493 4379 semper
