3185 5138
617 537 1637 608 METAMORPHOSEON
1698 538 1894 604 LIB.
1948 539 2181 604 XIII.
2338 538 2465 605 365

342 687 424 758 In
460 685 720 758 Danaas
756 682 992 757 classes
1021 713 1037 756 :
1073 681 1190 755 ubi
1228 708 1404 755 nunc
1438 680 1758 755 facundus
1794 679 2074 755 Ulixes?

343 800 598 899 Nempe
632 826 758 892 ego
789 795 968 869 mille
998 823 1145 870 meo
1176 795 1439 896 protexi
1471 812 1737 895 pectore
1769 822 2030 895 puppes
2050 850 2069 881 ‚

348 917 550 1018 Spem
581 915 781 989 vestri
812 913 1066 987 reditus
1094 943 1110 985 :
1141 913 1289 987 date
1324 930 1428 986 tot
1458 941 1583 1012 pro
1623 912 1906 986 navibus
1939 941 2132 987 arma.

350 1028 554 1125 Quod
589 1028 645 1101 si
677 1056 829 1101 vera
857 1026 1012 1100 licet
1042 1025 1206 1100 mihi
1244 1026 1455 1100 dicere
1475 1082 1494 1112 ‚
1537 1025 1853 1126 quaeritur
1885 1025 2029 1099 istis
2051 1082 2070 1113 ‚
2407 1047 2476 1118 95

349 1150 567 1243 Quam
592 1146 789 1234 mibi,
819 1147 1029 1245 major
1052 1146 1271 1219 honos
1293 1174 1309 1217 ε
1335 1144 1818 1245 conjunctaque
1848 1143 2058 1239 gloria
2081 1161 2310 1219 nostra
2334 1164 2472 1237 est;

348 1268 574 1366 Atque
606 1265 774 1363 Ajax
808 1264 1004 1337 armis
1025 1320 1044 1351 ‚
1081 1290 1219 1334 non
1247 1262 1430 1360 Ajaci
1463 1289 1642 1336 arma
1671 1279 2007 1361 petuntur.

353 1382 666 1457 Conferat
699 1382 804 1456 his
835 1381 1105 1455 Ithacus
1132 1380 1430 1455 Rhesum
1451 1436 1469 1468 ‚
1505 1379 1972 1480 imbellemque
2002 1379 2305 1472 Dolona,

353 1497 859 1598 Priamidenque
899 1495 1224 1570 Helenum
1259 1513 1446 1598 rapta
1482 1523 1633 1568 cum
1662 1493 1926 1569 Pallade
1956 1514 2237 1596 captum.

351 1619 530 1691 Luce
563 1614 732 1689 nihil
767 1631 1023 1710 gestum
1048 1671 1067 1702 ‚
1103 1613 1275 1687 nihil
1310 1630 1409 1688 est
1439 1612 1764 1687 Diomede
1795 1630 2072 1687 remoto.

355 1737 427 1810 Si
461 1734 660 1809 semel
689 1734 818 1807 ista
854 1733 1023 1808 datis
1055 1732 1306 1806 meritis
1342 1751 1475 1806 tam
1507 1731 1753 1805 vilibus
1787 1760 2000 1820 arma,

354 1849 689 1935 Dividite3
726 1866 794 1922 et
823 1875 977 1948 pars
1014 1846 1102 1920 sit
1132 1846 1341 1945 major
1370 1846 1718 1920 Diomedis
1745 1845 1815 1918 in
1847 1844 1997 1920 illis.

2392 1652 2483 1688 loo

358 2047 411 2090 et
434 2038 488 2089 in
513 2035 687 2090 codice
712 2035 759 2087 B
777 2074 793 2101 ,
811 2038 905 2086 ubi
919 2044 1075 2097 tunc,·
1103 2031 1192 2086 sed
1212 2031 1374 2087 codex
1470 2034 1562 2088 lon
1590 2055 1605 2088 τ
1632 2034 1722 2088 sed
1750 2033 2040 2088 Diomedes
2072 2053 2196 2089 eum
2226 2035 2487 2090 interfecit

360 2117 410 2168 Α
434 2125 486 2168 et
508 2112 856 2182 castigatiores
882 2111 1078 2165 habent
1099 2115 1193 2163 ubi
1210 2127 1374 2174 nunc5

358 2191 475 2245 vide
512 2189 576 2243 ad
613 2191 638 2243 1
659 2230 674 2255 ,
710 2190 822 2241 321.
865 2188 1090 2259 Elegans
1127 2187 1376 2258 particula

359 2274 473 2331 ubi:
499 2287 621 2321 usus
640 2268 695 2320 in
720 2265 1203 2336 exprobrationibus
1225 2275 1279 2317 et
1301 2264 1378 2316 ir-

359 2345 675 2409 risionibus3
712 2341 933 2397 Heroid.
971 2343 1081 2409 lv,
1130 2347 1223 2397 150
1244 2381 1259 2409 ,
1291 2345 1385 2395 ubi

360 2446 493 2479 nuuc
504 2423 684 2490 fastus
713 2426 916 2490 altaque
952 2423 1104 2473 verba
1124 2424 1154 2475 ἓ
1182 2420 1377 2490 jacent.

365 2504 444 2558 tbi
462 2503 647 2557 Heins.
671 2500 931 2573 permulta
955 2498 1188 2569 exempla
1209 2497 1378 2551 colle-

364 2584 452 2652 git.
469 2584 733 2648 -Nempe
745 2600 837 2647 ego
854 2590 950 2632 etc.
971 2577 1032 2632 Il.
1052 2587 1093 2632 Ο
1108 2617 1123 2645 ,
1153 2579 1246 2646 745
1268 2595 1378 2644 sqq.

366 2662 462 2716 Est
484 2671 662 2714 autem
684 2677 856 2726 nempe
877 2676 975 2710 vox
994 2656 1108 2725 ejus
1125 2694 1141 2721 ,
1166 2655 1257 2725 qui
1272 2654 1380 2724 ipse

362 2740 460 2794 sibi
474 2758 660 2808 respon
667 2736 980 2804 det—Spem
996 2739 1156 2788 vestri
1164 2736 1382 2799 reditun

366 2820 438 2869 ita
475 2816 678 2869 codices
709 2815 860 2884 Regii
884 2835 900 2878 ;
940 2832 1028 2876 set
1049 2851 1063 2878 ,
1100 2812 1156 2864 in
1197 2810 1383 2880 quihus

370 2893 684 2947 oxoniensis
701 2931 716 2957 ,
740 2910 874 2958 spem
894 2896 1059 2942 nostri
1069 2891 1274 2942 reditus.

441 2978 523 3046 95.
564 2974 811 3038 Quere’tur
844 2975 961 3023 ιὶῐίιὶς
997 2979 1094 3022 etc.
1134 2969 1386 3021 preclara

370 3053 506 3105 soret
527 3051 786 3105 sententia
802 3089 818 3116 ‚
847 3050 889 3102 si
916 3048 1044 3102 alius
1066 3047 1119 3100 id
1138 3046 1203 3100 de
1225 3046 1386 3114 Aiace

371 3130 576 3184 dixisset
596 3171 610 3197 ,
638 3149 745 3183 non
764 3130 869 3199 ipse
886 3128 950 3181 de
969 3147 1039 3180 se.
1064 3125 1246 3181 Simile
1262 3122 1390 3177 illud

373 3211 511 3281 apud
530 3210 723 3264 Valerii
741 3208 1035 3272 Max.v11,
1061 3224 1116 3275 ν,
1135 3208 1199 3261 6:
1223 3228 1248 3252 κ
1266 3205 1391 3259 Νοιι

378 3288 570 3343 Catoni
594 3298 819 3358 praetura
840 3325 854 3351 ,
880 3285 969 3339 sed
1000 3295 1243 3355 preturae
1256 3281 1393 3336 Cato

377 3381 594 3441 negatus
616 3380 706 3421 est.
723 3390 749 3414 »ο
774 3371 1033 3432 Quarum,
1048 3374 1395 3434 comparatur.

445 3451 525 3519 98.
553 3450 776 3506 Rhesus,
803 3463 894 3497 rex
910 3443 1175 3497 Thracum
1197 3482 1211 3507 ‚
1237 3460 1399 3511 equos

383 3525 607 3578 habebat
636 3523 887 3575 maximos
917 3531 969 3573 et
998 3520 1402 3590 pulcherrimos;

396 3603 454 3657 ll.
476 3612 546 3666 K,
572 3602 839 3667 4352eum
861 3617 982 3652 eum
1007 3598 1152 3651 sociis
1178 3595 1405 3649 interse-

397 3682 467 3735 cit
480 3677 779 3734 Diomedes.
803 3679 953 3731 Inter
974 3676 1170 3730 cedem
1191 3691 1407 3744 operam

398 3760 545 3816 dedit
564 3760 776 3830 Ulysses
792 3797 806 3824 ,
835 3768 893 3810 ut
909 3757 1022 3823 eius
1042 3756 1187 3825 equis
1212 3754 1409 3823 potire·

401 3851 504 3904 tur;
524 3860 593 3893 vs.
608 3840 707 3910 489
718 3837 1090 3904 sqq—Dolon,
1115 3832 1379 3899 Troianus
1392 3870 1407 3897 ,

399 3921 526 3974 facie
549 3918 743 3988 turpis,
769 3914 857 3970 sed
886 3913 1101 3985 pedihus
1115 3911 1260 3965 velox
1277 3951 1292 3976 ,
1319 3930 1407 3964 ex-

1472 2133 1597 2167 ense
1616 2134 1629 2175 ;
1659 2113 1717 2166 11.
1737 2125 1780 2170 K
1798 2151 1814 2177 ,
1838 2114 1937 2179 314
1956 2131 2066 2182 sqq.
2093 2113 2311 2167 Fortem
2328 2113 2489 2168 indu-

1471 2190 1542 2243 cit
1566 2188 1832 2242 Dolonem
1862 2190 2143 2259 Virgilius,
2183 2190 2308 2243 AEn.
2342 2191 2451 2243 XII
2471 2231 2486 2255 ,

1472 2264 1571 2331 346
1591 2285 1770 2334 sqq.-
1779 2264 1863 2318 De
1886 2267 2102 2328 Heleno,
2130 2266 2327 2319 Priami
2350 2266 2487 2331 filio,

1475 2342 1538 2395 ab
1558 2343 1744 2415 Ulysse
1767 2352 1917 2412 rapto
1940 2342 2123 2395 confer
2137 2343 2451 2413 Sophoclem
2471 2384 2487 2410 ‚

1476 2420 1699 2477 Philoct.
1710 2422 1802 2475 6οι
1819 2441 1916 2490 sqq
1928 2461 1943 2489 ,
1958 2422 2047 2491 qui
2065 2435 2241 2475 tamen
2256 2443 2355 2477 nec
2364 2423 2491 2477 Dio-

1475 2499 1644 2555 medis
1670 2501 1999 2555 mentionem
2025 2501 2146 2555 facit
2175 2543 2190 2568 ‚
2229 2522 2328 2557 nec
2366 2502 2490 2557 dicit

1480 2580 1583 2634 hoc
1605 2580 1802 2633 sactum
1827 2600 1935 2636 esse
1956 2620 1969 2645 ,
2009 2599 2171 2649 quum
2200 2580 2496 2634 Palladium

1477 2671 1765 2730 raperetur.
1787 2661 1993 2729 Nempe
2009 2679 2122 2713 cum
2137 2678 2248 2713 non
2267 2660 2462 2715 indicat
2478 2701 2494 2727 ‚

1478 2736 1621 2790 idem
1650 2736 1838 2790 eodem
1868 2747 2106 2806 tempore
2140 2738 2333 2792 sactum
2355 2778 2371 2806 ,
2406 2738 2502 2793 sed

1482 2813 1588 2866 duo
1612 2812 1812 2867 diversa
1829 2814 2128 2883 conjungit,
2156 2826 2210 2868 et
2228 2816 2502 2870 Helenum

1481 2904 1692 2962 captum
1711 2932 1725 2958 ,
1753 2903 1805 2945 et
1830 2891 2039 2945 Pallada
2061 2899 2500 2963 raptam—Pal·

1481 2976 1587 3029 Ias.
1615 2969 1904 3025 Palladium
1925 3009 1941 3036 ,
1966 2989 1994 3023 e
2013 2971 2140 3024 caelo
2158 2971 2427 3042 delapsum
2451 2985 2504 3028 et

1485 3052 1700 3120 antiqua
1716 3050 1966 3120 religione
1981 3051 2180 3105 cultum
2198 3072 2225 3105 a
2238 3052 2504 3122 Troianis,

1487 3130 1628 3200 quod
1651 3131 1714 3182 ab
1734 3129 1918 3200 Ulysse
1945 3140 2000 3182 et
2025 3128 2284 3183 Diomede
2304 3170 2319 3196 ,
2345 3143 2507 3185 noctu

1486 3206 1780 3261 clanculum
1799 3207 1985 3259 urbem
2005 3205 2294 3273 Troianam
2315 3209 2507 3276 ingres·

1489 3288 1586 3352 sis,
1614 3285 1844 3339 ablatum
1867 3304 1974 3338 esse
1991 3325 2004 3349 ,
2027 3285 2239 3354 antiqua
2265 3284 2362 3338 suit
2386 3303 2507 3339 nar·

1491 3364 1628 3416 ratio
1647 3402 1661 3429 ,
1692 3382 1849 3432 quam
1871 3363 2032 3416 secuti
2055 3374 2178 3416 sunt
2202 3364 2358 3416 etiam
2386 3363 2509 3416 Eu·-

1493 3441 1689 3510 ripides
1706 3481 1719 3506 ,
1748 3440 1907 3494 Rhes.
1931 3443 2020 3492 501
2045 3463 2059 3502 ;
2088 3441 2334 3508 Virgilius
2351 3480 2364 3506 ,
2387 3441 2512 3493 AEn.

1501 3520 1587 3584 11,
1624 3519 1743 3585 1643
1775 3519 2009 3587 Quintus
2035 3516 2146 3571 Cal.
2176 3518 2223 3570 X
2243 3557 2258 3581 ,
2290 3519 2400 3584 345.
2422 3518 2511 3572 Ob

1502 3597 1712 3653 Pallada
1745 3610 1946 3668 raptam
1977 3598 2191 3669 Ulysses
2220 3596 2356 3666 apud
2389 3599 2517 3651 An·-

1503 3677 1641 3731 tisth.
1667 3696 1777 3746 pag.
1806 3677 1867 3730 53
1896 3687 1949 3729 et
1979 3680 2040 3729 55
2065 3676 2339 3744 sacrilegus
2363 3695 2520 3729 voca-

1504 3765 1594 3807 tur
1622 3775 1633 3807 :
1669 3761 1957 3830 ἱεροσυλήσας
1998 3758 2047 3808 τὶ
2083 3759 2267 3821 ἄγαλμα
2299 3767 2379 3814 τῖς
2408 3765 2522 3809 2105

1505 3837 1767 3908 νύκτωρ-
1786 3833 1891 3885 Pro
1913 3842 2060 3899 rapta
2082 3835 2298 3885 Pallade
2313 3872 2325 3888 .
2368 3832 2524 3885 multi

1507 3920 1677 3970 casta,
1697 3909 1774 3961 vel
1791 3922 1975 3975 coprem·
1999 3909 2149 3978 Regii
2171 3910 2332 3961 nostri
2352 3921 2521 3976 capto,

398 3999 630 4072 plorator
653 3995 796 4047 venit
822 3995 875 4046 in
900 4001 1063 4046 castra
1089 3990 1413 4044 Graecorum.
1511 4008 1627 4056 quoe
1650 3987 1893 4057 repetitio
1918 3997 2070 4053 capta
2088 4027 2099 4039 .
2123 4027 2134 4040 .
2154 4029 2165 4039 .
2184 3998 2385 4054 captum
2415 4007 2525 4041 esse

403 4075 692 4145 Cognitum
711 4072 967 4142 persecuti
988 4080 1110 4122 sunt
1130 4067 1416 4121 Diomedes
1513 4065 1776 4119 Ovidiana
1807 4074 1989 4134 potest.

399 4166 452 4208 et
466 4154 693 4226 Ulysses.
713 4149 900 4220 Quum
918 4160 1101 4218 captus
1126 4156 1292 4211 esset,
1314 4145 1421 4214 pal·
1584 4163 1691 4197 101.
1710 4145 1958 4204 simam
1988 4141 2236 4211 permulti
2260 4154 2312 4196 et
2336 4143 2531 4214 Regius

397 4233 533 4286 lidus
555 4242 608 4284 et
630 4242 863 4284 tremens
884 4246 1013 4282 auro
1034 4245 1239 4295 aereque
1259 4225 1420 4277 vitam
1515 4225 1565 4276 Α
1605 4243 1634 4275 a
1670 4223 1837 4292 prima
1873 4238 2034 4272 manu
2061 4259 2075 4285 ,
2115 4231 2170 4273 et
2208 4221 2367 4273 codex
2397 4222 2439 4274 B
2475 4222 2532 4273 in

404 4312 665 4366 redimere
687 4310 850 4364 voluit
870 4328 882 4372 ;
908 4307 1031 4362 hinc
1052 4308 1267 4359 imbellis
1293 4303 1422 4356 Do-
1516 4302 1751 4371 margine
1776 4306 1829 4353 si
1847 4310 2102 4353 tamen.-
2118 4301 2193 4351 E!
2201 4318 2325 4363 pars
2340 4305 2413 4354 sit
2423 4318 2536 4350 um-
