3185 5138
631 587 1685 657 METAMORPHOSEON
1744 589 1942 658 LIB.
2001 592 2178 661 XV.

2335 582 2463 663 51'5

328 725 659 803 Paulatim
692 725 869 803 lenta
903 729 1292 802 consumitis
1327 727 1547 802 omnia
1579 744 1814 803 morte.

437 877 473 908 »
495 845 652 917 Haec
676 869 944 944 quoque
964 863 1101 916 non
1125 860 1448 944 perstant,
1472 871 1618 944 quae
1640 859 1768 918 nos
1785 842 2100 919 elementa
2122 874 2471 925 vocamus:

328 960 654 1060 Quasque
686 958 858 1034 vices
888 979 1245 1061 peragant,
1282 961 1538 1034 animos
1570 961 1915 1052 adhibete,
1948 963 2224 1039 docebo.
2455 975 2460 981 ’

329 1081 683 1176 Quattuor
714 1096 1001 1153 aeternus
1032 1076 1345 1174 genitalia
1378 1108 1659 1179 corpora
1693 1081 1985 1157 mundus

332 1191 656 1266 Continet
689 1223 705 1264 z
746 1220 823 1266 ex
857 1190 991 1266 illis
1029 1191 1164 1265 duo
1196 1210 1356 1267 sunt
1393 1221 1711 1281 onerosa,
1753 1224 2008 1297 suoque

2382 1220 2483 1287 240

331 1308 639 1384 Pondere
668 1310 738 1383 in
775 1310 1090 1399 inferius,
1133 1308 1327 1384 tellus
1357 1328 1556 1412 atque
1585 1313 1764 1388 unda
1785 1370 1804 1400 ,
1843 1313 2189 1390 seruntur:

331 1429 428 1500 Et
462 1426 740 1501 totidem
775 1429 1092 1523 gravitate
1124 1445 1382 1515 carent,
1414 1427 1741 1529 nulloque
1772 1447 2113 1530 premente

332 1538 494 1615 Alta
525 1558 799 1642 petunt,
834 1570 980 1626 aer,
1015 1559 1213 1641 atque
1242 1570 1388 1617 aere
1419 1543 1659 1643 purior
1696 1544 1893 1638 ignis.

334 1662 512 1757 Quae
550 1689 948 1760 quamquam
983 1660 1203 1760 spatio
1242 1659 1520 1744 distant,
1554 1678 1773 1734 tamen
1812 1660 2035 1734 omnia
2070 1659 2240 1736 fiunt

336 1779 441 1849 Ex
480 1775 645 1875 ipsis
670 1832 689 1862 ,
731 1792 799 1849 et
831 1776 899 1848 in
940 1775 1087 1876 ipsa
1122 1774 1371 1848 cadunt
1399 1803 1415 1848 ε
1446 1774 1871 1876 resolutaque
1899 1775 2095 1852 tellus

2391 1799 2492 1867 245

336 1891 423 1962 In
456 1888 746 1990 liquidas
779 1890 1057 1964 rorescit
1085 1918 1288 1990 aquas
1316 1919 1335 1965 z
1368 1907 1679 1964 tenuatus
1715 1890 1786 1964 in
1816 1919 2011 1964 auras
2033 1947 2053 1980 ,

338 2005 647 2105 Aeraque
680 2003 926 2078 humor
961 2004 1105 2079 abit
1133 2035 1152 2077 ι
1188 2003 1410 2079 demto
1449 2033 1721 2104 quoque
1755 2005 2093 2105 pondere,
2136 2035 2369 2081 rursus

336 2126 423 2197 In
458 2152 735 2223 superos
768 2152 881 2197 aer
912 2123 1338 2197 tenuissimus
1370 2121 1608 2196 emicat
1652 2122 1860 2216 ignes.
2167 2141 2172 2146 ’

336 2238 508 2311 Inde
543 2256 723 2312 retro
760 2237 1044 2311 redeunt
1066 2294 1085 2325 ,
1122 2237 1430 2337 idemque
1460 2234 1780 2310 retexitur
1814 2235 2001 2309 ordo.

339 2354 531 2448 Ignis
566 2353 745 2425 enim
781 2351 1058 2425 densum
1096 2351 1424 2451 spissatus
1456 2351 1526 2426 in
1558 2379 1705 2426 aera
1745 2351 2027 2439 transit'3

2398 2375 2499 2426 250

340 2469 476 2543 Hic
508 2468 580 2540 in
612 2496 857 2569 aquas;
895 2464 1093 2542 tellus
1127 2465 1487 2563 glomerata
1523 2468 1787 2564 cogitur
1818 2467 1999 2543 unda
2033 2498 2051 2543 ε

341 2590 485 2662 Nec
519 2586 772 2687 species
805 2615 926 2661 sua
956 2584 1197 2686 cuique
1232 2604 1490 2676 manet,
1522 2615 1879 2689 rerumque
1912 2586 2218 2661 novatrix

339 2782 551 2836 duntur
588 2790 642 2833 et
678 2780 1015 2849 franguntur.
1035 2807 1102 2819 —
1124 2778 1377 2832 Heinsius

342 2876 470 2911 mox
489 2857 651 2909 etiam
666 2855 924 2922 malebat,
950 2859 1084 2908 lento
1101 2874 1291 2918 morsu,
1317 2865 1379 2909 ut

340 2937 609 3009 per-stetin
624 2934 1096 3004 metaphora.Quae
1108 2934 1271 2987 suerit
1283 2933 1375 2987 hu-

345 3016 432 3086 jus
450 3015 759 3069 mutationis
784 3032 955 3079 causa,
973 3032 1082 3065 non
1092 3012 1261 3066 video.
1274 3012 1376 3063 Ed.

383 3097 496 3166 237.
510 3098 637 3149 Haec
644 3112 832 3164 quoque
838 3090 1377 3160 nonperslant.'l'rans·

343 3174 696 3228 formationes
715 3173 1123 3226 elementorum.
1146 3170 1377 3241 Diogen.

347 3254 524 3307 Laert.
548 3252 685 3306 Vlll
704 3291 721 3317 ,
754 3272 812 3304 αι
835 3289 853 3318 ,
887 3248 1242 3322 Pythagoram
1267 3246 1378 3300 do·-

345 3330 513 3384 cuisse
548 3328 741 3393 tradit,
771 3346 1057 3398 corporum
1085 3326 1377 3381 solidorum

345 3427 461 3463 esse
496 3417 709 3473 στοιχεῖα
746 3410 937 3485 rit-roff«
967 3445 983 3472 ‚
1026 3416 1111 3480 πῦρ
1137 3445 1154 3471 ,
1201 3412 1324 3479 ὕσῖυρ
1355 3444 1371 3471 ,

349 3502 472 3559 '15⁹2
506 3489 630 3557 s'ee'poe‘
662 3490 693 3543 ἃ
728 3490 1027 3555 'arvastinen
1063 3493 1113 3541 δι’
1150 3496 1231 3555 καὶ
1266 3490 1378 3561 τρί-

350 3578 515 3621 secrete
542 3563 606 3619 δι’
638 3568 779 3629 ἔλων,
810 3573 891 3618 καὶ
914 3572 1120 3631 γίνεσθαι
1145 3567 1193 3632 ἒξ
1227 3569 1378 3618 αὐτῶν

349 3651 518 3714 κὸσμον
542 3649 752 3712 ’ἔμψυχον
771 3645 1205 3705 etc.·-·Pers!anl,
1234 3642 1377 3695 idem

349 3732 660 3777 manent.—
670 3724 819 3774 Ve‘ces
824 3740 1062 3789 peragere
1073 3719 1202 3772 dixit
1218 3718 1379 3773 etiam

351 3801 599 3855 Valerius
629 3798 766 3853 Flac.
798 3800 859 3864 1,
898 3803 996 3852 505
1023 3819 1037 3863 ς
1074 3803 1214 3850 vises
1234 3816 1382 3865 agere

352 3880 608 3934 Manilius
624 3917 642 3945 ,
675 3877 702 3930 Ι
719 3918 734 3943 ,
760 3877 1233 3937 init.—Gem‘talia‚
1259 3876 1379 3947 qui-

347 3960 450 4015 bus
473 3960 764 4030 gignuntur
794 3967 848 4011 et
879 3964 1222 4025 procreantur
1248 3975 1379 4009 cor-

350 4056 517 4108 pora,
561 4036 845 4105 Virgilius,
887 4034 1083 4105 Geor-g.
1118 4035 1209 4099 11,
1243 4033 1378 4100 324,

346 4121 600 4188 generalia
620 4121 817 4172 semina
838 4135 857 4183 ,·
882 4116 1067 4169 Festus
1099 4133 1114 4168 t
1153 4137 1178 4160 «ι
1209 4112 1382 4167 Geni-

356 4218 386 4244 »
411 4195 539 4249 tales
555 4194 579 4265 (
593 4214 702 4248 non
712 4196 960 4262 genehles)
978 4194 1121 4247 Deos
1135 4191 1382 4245 dixerunt

356 4297 388 4323 ιο
415 4276 628 4344 Aquam
648 4314 664 4343 ,
695 4274 919 4328 Terram
945 4312 961 4341 ,
1000 4273 1218 4343 Ignem,
1260 4271 1382 4323 Ae-

356 4374 388 4403 »
417 4373 549 4409 nem.
564 4352 795 4411 Eaenim
809 4362 938 4409 sunt
948 4351 1151 4408 semina
1165 4368 1347 4407 rerum
1362 4387 1380 4418 ,

1476 2801 1506 2827 κ
1531 2800 1649 2851 quae
1672 2779 1984 2836 Graecomm
2018 2780 2102 2834 alii
2134 2792 2375 2849 στοιχεῒκ,
2415 2779 2502 2836 alii

1474 2880 1506 2906 ⁸·
1532 2863 1770 2934 σει-ἕρματα
1791 2870 1991 2912 vocant.
2013 2881 2041 2905 »t

1541 2940 1653 3003 245.
1681 2939 1911 3001 Cadunt,
1934 2935 2204 3004 recidunt,
2223 2935 2501 2990 resolvun-

1473 3025 1578 3069 tur.
1604 3045 1670 3055 —
1695 3019 1931 3070 Roma?
1953 3016 2202 3086 exquisite
2221 3035 2318 3085 pro
2333 3015 2502 3085 lique-

1472 3092 1610 3148 facta
1642 3096 1840 3149 transit.
1874 3096 1950 3148 lta
1982 3105 2159 3148 tamen
2188 3095 2361 3163 nullus
2397 3094 2498 3149 nisi

1475 3172 1690 3227 Thuau.
1724 3173 1827 3226 MS
1855 3194 1869 3237 ;
1905 3174 2080 3227 ceteri
2103 3212 2118 3240 ,
2156 3179 2369 3226 rarescit
2389 3213 2401 3233 ,
2437 3172 2501 3226 fit

1471 3270 1619 3318 rara,
1647 3251 1835 3305 tenuis.
1860 3250 2036 3319 AEque
2061 3252 2502 3304 bene—Tenue·-

1473 3339 1557 3383 tus
1571 3333 1686 3382 abit
1699 3328 1902 3399 plenius
1918 3338 1972 3381 et
1985 3328 2290 3399 elegantius,
2309 3348 2466 3397 quam
2479 3367 2498 3394 ‚

1472 3418 1749 3476 tenuatur,
1775 3418 1836 3461 ut
1860 3407 1977 3461 alibi
2001 3405 2241 3458 vidimus.
2263 3406 2351 3459 Sic
2375 3426 2500 3459 mox

1473 3493 1728 3554 spissatus
1743 3493 1931 3540 transi!
1945 3506 2039 3555 pro
2052 3525 2068 3553 ,
2084 3486 2343 3555 spissatur.
2360 3486 2502 3539 Fru-

1473 3575 1581 3618 stra
1604 3565 1763 3632 igitur
1787 3564 2100 3632 interpretes
2122 3583 2183 3616 ex
2200 3562 2346 3617 MSS
2366 3583 2502 3633 prae-

1475 3642 1661 3696 ferunt
1681 3640 1762 3694 vel
1785 3644 1924 3702 adit,
1952 3641 2032 3695 vel
2056 3643 2221 3693 habet.
2243 3670 2311 3683 —-
2326 3643 2502 3696 Aures

1473 3738 1713 3787 aeraque,
1739 3728 1796 3771 ut
1817 3719 1898 3771 lx
1915 3757 1932 3786 ,
1956 3737 2056 3790 ²¹9
2069 3757 2087 3785 ,
2107 3729 2162 3771 et
2180 3718 2332 3788 alibi,
2350 3727 2502 3773 aeria·

1472 3817 1626 3850 aare.
1661 3797 1740 3850 Ex
1769 3796 1867 3850 hac
1899 3807 2078 3850 autem
2107 3796 2310 3851 ratione
2330 3838 2347 3865 ,
2384 3817 2502 3867 (μιν.

1476 3895 1547 3931 vs.
1566 3878 1796 3943 245-251
1815 3875 2125 3930 describitur
2140 3915 2158 3943 ,
2177 3895 2285 3929 non
2308 3888 2384 3931 est
2403 3878 2504 3932 nisi

1476 3974 1650 4011 unum
1675 3954 2002 4009 elementum
2021 3995 2038 4021 ,
2064 3956 2242 4009 oether.

1541 4038 1657 4107 ²⁴9-
1675 4037 1937 4097 Bedennt,
1964 4045 2240 4088 mutantur
2256 4035 2310 4087 in
2330 4035 2507 4104 pristi-

1476 4133 1610 4167 num
1634 4122 1846 4166 statum.
1879 4112 2085 4165 Eadem
2119 4111 2385 4183 eleganter
2411 4113 2505 4166 di-

1477 4202 1673 4245 cuntur
1692 4195 1876 4252 retexi,
1906 4201 2059 4260 tropo
2084 4211 2114 4243 a
2136 4192 2235 4244 tela
2261 4192 2505 4262 petito.—

1480 4272 1706 4338 Cogitur,
1739 4268 2055 4334 includitur;
2090 4271 2148 4337 1,
2174 4272 2232 4324 31
2255 4311 2272 4338 ,
2312 4272 2505 4325 humor

1476 4354 1698 4408 coercuit
1715 4352 1894 4407 orbem.
1918 4376 1986 4391 —
2012 4352 2307 4408 Glomerata
2321 4390 2338 4417 ,
2372 4369 2505 4407 coa-
