3185 5138
710 541 1751 613 METAMORPHOSEON
1796 548 1992 615 LIB.
2041 551 2219 616 XII.

2389 551 2506 632 341

402 676 649 751 Stravit
676 678 1108 780 Erygdupum
1141 710 1157 753 ε
1186 681 1449 754 memini
1477 700 1545 756 et
1575 682 1895 757 venabula
1929 677 2125 758 condi

400 794 680 888 Inguine
702 850 721 877 ‚
759 796 1046 868 Nessaeis
1068 796 1377 870 manibus
1411 799 1740 895 conjecta,
1778 799 2051 899 Cymeli.

400 909 544 981 Nec
581 925 650 982 tu
686 910 1333 999 credideristantum
1361 911 1669 985 cecinisse
1704 910 1926 985 sutura

2421 934 2519 1003 455

401 1022 813 1123 Ampyciden
847 1026 1185 1124 Mopsum.
1232 1028 1482 1125 Mopso
1509 1024 1837 1123 jaculante
1868 1025 2172 1100 biformis

403 1138 782 1226 Occubuit,
818 1139 1193 1240 frustraque
1230 1138 1415 1240 loqui
1451 1141 1727 1231 tentavit
1763 1141 2001 1216 Odites
2022 1197 2041 1227 ,

401 1252 510 1327 Ad
539 1271 834 1327 mentum
866 1253 1131 1349 lingua,
1168 1272 1532 1356 mentoque·
1554 1256 1640 1329 ad
1679 1273 1946 1352 guttura
1979 1256 2131 1330 fixo.

403 1371 723 1471 Quinque
741 1368 891 1443 neci
905 1371 1178 1445 Caeneus
1195 1370 1481 1459 dederat,
1508 1372 2035 1473 Stiphelumque,
2049 1358 2518 1476 Bromumque,
2584 1388 2587 1391 ’

400 1486 1021 1587 Antimachumque,
1047 1484 1534 1591 Helimumque,
1561 1487 2117 1590 securiferumque
2137 1490 2515 1590 Pyracmon.

394 1603 690 1679 Vulnera
724 1631 861 1676 non
892 1602 1198 1687 memini;
1230 1631 1618 1692 numerum,
1655 1620 2027 1706 nomenque
2060 1607 2303 1681 notavi.

2424 1628 2513 1695 46.

395 1718 718 1795 Provolat
742 1698 1034 1792 Emathii
1068 1718 1301 1820 spoliis
1338 1737 1625 1793 armatus
1658 1719 1917 1807 Halesi,

401 1836 620 1932 Quem
653 1832 919 1908 dederat
944 1833 1122 1922 leto,
1160 1834 1605 1936 membrisque
1634 1852 1702 1909 et
1734 1863 2010 1935 corpore
2045 1839 2321 1914 Latreus

400 1951 780 2025 Maximus.
765 1949 963 2023 ·huic
994 1968 1148 2025 :etas
1185 1951 1358 2025 inter
1381 1951 1849 2052 juvenemque,
1882 1977 2278 2052 senemque·
2264 2010 2280 2040 ,

399 2066 522 2140 Vis
549 2062 854 2165 juvenilis
879 2083 1061 2139 erat.
1090 2064 1430 2139 variabant
1465 2083 1760 2166 tempora
1792 2066 1957 2144 cani.

2420 2089 2520 2157 465

401 2181 542 2279 Qui
576 2179 843 2282 clypeo,
882 2178 1230 2281 galeaque,
1264 2180 1784 2281 Macedoniaque
1819 2181 2055 2256 sarissa

404 2296 856 2397 Conspicuus;
891 2295 1252 2395 faciemque
1290 2295 1612 2369 obversus
1645 2296 1715 2368 in
1748 2324 1979 2390 agmen
2012 2314 2402 2399 utrumque,

397 2494 450 2538 te
472 2506 485 2547 ;
517 2483 640 2537 inde
665 2482 897 2552 Lapithae
922 2485 1231 2536 Pelethronii
1247 2482 1367 2537 dicti
1387 2505 1401 2546 ς

399 2562 651 2632 Virgilius
670 2601 684 2628 ,
721 2559 915 2630 Georg.
940 2560 1025 2614 111
1041 2600 1056 2626 ,
1093 2564 1183 2613 us
1202 2599 1216 2624 ,
1244 2562 1407 2613 hena

395 2644 704 2696 Pelethronii
713 2643 941 2709 lapitha·
950 2658 1196 2709 gyrosque
1217 2641 1405 2693 dedere.

397 2719 516 2775 Sed·
532 2718 731 2773 Plinius
748 2758 764 2785 ,
798 2718 906 2771 Vll
925 2757 941 2784 ,
969 2721 1028 2788 57
1050 2757 1064 2784 ,
1092 2715 1146 2769 id
1173 2736 1369 2770 nomen
1388 2757 1404 2784 ,

395 2807 456 2850 ut
475 2797 747 2867 proprium
765 2835 781 2862 ,
814 2805 1025 2864 usurpat
1049 2814 1062 2848 :
1087 2797 1273 2847 Frenos
1303 2798 1405 2847 Pe-

394 2876 666 2926 lethronios
695 2876 897 2925 invenit.
935 2871 1023 2925 Sic
1046 2881 1100 2924 et
1128 2871 1368 2942 Hyginus
1388 2909 1405 2936 ,

396 2949 496 3003 fab.
530 2955 641 3021 274.
665 2979 732 2992 —
761 2952 930 3004 Condi
950 2961 1003 3002 et
1030 2952 1238 3003 recondi
1263 2967 1411 3001 arma

397 3028 646 3083 dicuntur
669 3068 684 3096 ,
714 3038 818 3081 tam
838 3047 1001 3097 quum
1025 3027 1363 3096 deponuntur
1390 3066 1406 3094 ,

399 3124 556 3176 quam
579 3125 744 3176 quum
769 3123 956 3175 corpus
978 3114 1272 3176 penetrant.

461 3190 573 3254 455.
603 3189 709 3240 Nec
727 3195 783 3239 tu
809 3190 1076 3240 credideris
1097 3195 1289 3239 tantum
1313 3194 1409 3238 etc.

395 3262 521 3315 Nou
542 3273 683 3316 vates
696 3261 866 3316 solum
882 3263 1128 3332 Mopsus,
1141 3261 1231 3316 sed
1250 3261 1409 3314 etiam

399 3339 619 3392 bellator
650 3349 910 3395 strenuus.
945 3344 1251 3413 Ampycides
1282 3341 1411 3391 Mo—

391 3435 520 3486 psus
533 3418 690 3470 etiam
704 3418 840 3487 apud
860 3419 1152 3472 Hesiodum
1172 3417 1222 3470 d.
1241 3418 1273 3470 l.
1290 3416 1413 3486 legi-

402 3506 505 3548 tur.
528 3494 650 3548 Fuit
663 3496 917 3565 Apollinis
930 3495 1164 3550 sacerdos
1177 3503 1382 3550 etvates
1395 3533 1409 3560 ,

406 3582 560 3641 atque
571 3571 729 3625 etiam
739 3570 1291 3643 venationiCalydonii
1303 3571 1413 3639 apri

405 3647 672 3713 interfuit;
698 3649 840 3703 VIII
857 3688 874 3714 ,
904 3649 1027 3715 316,
1058 3645 1414 3711 35·o.-·B1sor-

406 3732 533 3790 mio-5
560 3724 749 3779 Cicero
772 3725 926 3779 Tusc.
956 3725 1039 3790 11,
1064 3725 1122 3790 8,
1148 3723 1416 3791 besormato

405 3809 588 3872 impeta
606 3806 891 3857 Centaurus.
919 3802 1170 3871 Sequitur
1189 3819 1307 3871 pars
1323 3798 1412 3852 sa-

409 3882 543 3935 bulae
559 3901 619 3935 ea
631 3920 646 3949 ‚
668 3883 751 3950 cuj
759 3901 817 3935 us
829 3900 981 3937 causa
995 3880 1167 3933 omnis
1178 3879 1286 3934 baec
1299 3897 1414 3931 nar·

407 3962 541 4016 ratio
557 3955 810 4016 instituta.

464 4040 807 4130 453.sp011·1·s
838 4047 1062 4092 armatas
1099 4040 1120 4105 (
1148 4038 1218 4091 ita
1251 4047 1327 4090 est
1358 4035 1413 4090 iu

399 4116 589 4171 nostris
591 4114 891 4197 Regiis);
936 4133 1072 4168 unus
1110 4112 1416 4168 Basileeusis

397 4199 579 4263 spoliis
614 4203 849 4256 ornatus,
891 4193 1202 4262 eleganter,
1240 4188 1413 4258 judice

402 4275 732 4329 Burmanno.
751 4301 818 4315 —
835 4274 1011 4328 Medea
1035 4280 1160 4324 atas
1190 4268 1379 4322 dicitur
1396 4306 1412 4335 ,

1502 2502 1618 2553 quae
1642 2485 1782 2540 inter
1807 2485 2094 2554 iuvenilem
2121 2497 2176 2540 et
2197 2488 2415 2547 senilem
2441 2502 2518 2545 est

1506 2559 1531 2631 (
1551 2559 1741 2616 Cicero
1759 2602 1776 2629 ‚
1801 2561 1928 2617 Seu.
1957 2582 2021 2615 2ο
2041 2603 2055 2630 ,
2090 2572 2333 2617 constans
2360 2576 2508 2629 atas,

1500 2660 1607 2709 qua·
1628 2646 1797 2694 media
1817 2645 2005 2696 dt‘citm
2019 2643 2128 2696 :ita
2152 2654 2205 2696 et
2229 2644 2482 2699 Phaedrus
2501 2686 2517 2714 ,

1504 2720 1559 2773 11
1578 2760 1594 2783 ,
1622 2737 1694 2785 11,
1722 2723 1752 2773 3
1773 2744 1786 2784 ς
1811 2725 1971 2775 medii
1985 2728 2116 2774 anni
2132 2723 2267 2793 apud
2294 2725 2520 2778 Martia-

1502 2798 1637 2864 lem,
1656 2798 1705 2852 X
1724 2837 1738 2862 ,
1760 2799 1822 2850 32
1843 2800 1893 2863 ),
1915 2809 1970 2852 et
1982 2804 2160 2861 senior,
2187 2801 2276 2869 qui
2294 2821 2352 2854 ea
2368 2813 2519 2856 aetate

1503 2887 1609 2940 est;
1636 2874 1750 2929 vide
1775 2873 2090 2943 Isidor.X1,
2122 2898 2167 2930 2.
2184 2877 2360 2931 Etiam
2384 2879 2519 2933 infra

1505 2953 1614 3006 XV
1633 2993 1648 3019 ,
1683 2972 1780 3005 210
1801 2992 1816 3020 ,
1853 2954 2088 3006 Maturus
2127 2960 2359 3024 mitisque
2393 2962 2523 3011 inter

1490 3028 1818 3098 juvenemque
1842 3048 2115 3100 senemque.
2152 3032 2380 3086 Romani
2406 3053 2517 3087 non

1503 3108 1603 3161 nisi
1623 3120 1725 3162 tres
1739 3108 1995 3163 faciebant
2012 3122 2104 3165 aeta
2111 3120 2184 3164 tes
2199 3151 2213 3176 ,
2221 3119 2489 3178 pueritiam
2500 3154 2515 3175 ,

1492 3186 1812 3253 juventutem,
1830 3195 2211 3241 senectutem.—
2219 3192 2514 3253 Variabant,

1507 3265 1628 3334 quia
1656 3264 1815 3333 nigris
1843 3264 2067 3333 adspersi
2093 3266 2224 3319 ca'ni.

1573 3341 1684 3407 466.
1708 3344 1911 3393 Sanina
1933 3342 2075 3394 hasta
2100 3342 2305 3412 longior
2325 3343 2517 3397 Mace-

1507 3414 1709 3469 donum
1746 3438 1759 3479 ;
1799 3417 1917 3470 vide
1953 3418 2233 3470 Heinsium
2275 3430 2329 3472 et
2369 3420 2519 3472 Bur·—

1508 3496 1990 3548 mannum.—Nota
2012 3495 2296 3550 secundam
2317 3497 2371 3549 in
2397 3500 2520 3550 Ma-

1507 3575 1720 3624 cedonia
1745 3572 1991 3642 syllabam
2020 3610 2036 3637 ,
2064 3571 2273 3640 longam
2299 3573 2519 3641 positam

1509 3667 1538 3701 a
1566 3659 1719 3718 poeta
1744 3667 1838 3717 per
1862 3653 2044 3703 ’ίκτασιν
2063 3667 2074 3698 :
2095 3667 2221 3700 nam
2244 3650 2298 3700 in
2326 3650 2519 3719 primi-

1511 3727 1617 3779 tivo
1642 3725 1762 3777 alias
1785 3724 2095 3796 corripitur,
2117 3736 2179 3778 ut
2199 3726 2334 3795 apud
2360 3726 2524 3780 Clau-

1508 3803 1647 3856 diau.
1664 3800 1727 3854 de
1747 3801 1881 3855 bello
1898 3801 2086 3854 Getico
2105 3821 2117 3855 ε
2137 3824 2163 3848 κ
2181 3803 2419 3857 Nubibus
2437 3805 2524 3858 in·-

1507 3888 1705 3933 tactum
1718 3876 1940 3930 Macedo
1957 3878 2177 3934 miratur
2190 3879 2476 3951 olympum.
2492 3904 2520 3928 u

1507 3959 1814 4010 Macedonia
1853 3960 2050 4010 sarissa
2074 3973 2093 4021 ,⁰
2141 3956 2357 4011 Curtius
2379 3998 2394 4025 ,
2434 3959 2520 4012 lib.

1510 4037 1590 4089 lx
1609 4074 1625 4099 ,
1642 4054 1668 4079 κ
1686 4032 1912 4086 Macedo
1924 4034 2059 4102 justa
2077 4053 2221 4087 arma
2236 4048 2491 4091 sumserat
2504 4077 2519 4103 ,

1511 4133 1540 4158 a·
1565 4128 1760 4164 aereum
1785 4109 2023 4182 clypeum
2042 4149 2056 4176 ,
2088 4110 2288 4164 hastam
2306 4151 2321 4177 ,
2363 4133 2521 4182 quam

1511 4210 1540 4236 κ
1563 4187 1800 4240 sarissam
1840 4196 2028 4240 vocant
2054 4226 2090 4254 ,.
2119 4188 2244 4240 loeva
2288 4199 2471 4242 tenens
2501 4229 2518 4255 ,

1511 4286 1540 4314 n
1567 4263 1778 4318 dextera
1797 4263 2047 4318 lanceam.
2067 4286 2095 4313 ν
2110 4267 2211 4319 Ed.
2227 4292 2291 4306 —
2310 4267 2521 4335 Conspi-
