3185 5138
680 566 812 628 330

1223 563 1301 627 Ρ.
1366 561 1734 630 OVIDII
1794 562 2259 629 NASONIS

678 696 971 774 Perculit
1003 698 1308 773 adversos
1345 730 1361 773 :
1397 698 1743 774 adversum
1782 718 1853 774 tu
1893 731 2161 802 quoqne
2184 757 2203 789 ,
2237 699 2533 803 quamvis

673 818 888 910 Terga
919 813 1090 908 fugae
1123 814 1416 901 dederis,
1458 813 1701 891 vulnus
1722 872 1742 903 ‚
1782 817 2045 891 Crenaee
2069 874 2088 906 ,
2127 814 2382 892 tulisti:

675 935 846 1005 Nam
881 959 1112 1027 grave,
1151 931 1549 1032 respiciens,
1594 933 1768 1006 inter
1801 931 1935 1006 dno
1966 930 2216 1006 lumina
2249 931 2532 1021 ferrum,

676 1046 831 1144 Qua
863 1046 1042 1119 naris
1074 1044 1280 1119 fronti
1320 1047 1797 1135 committitur,
1837 1046 2081 1147 accipis
2103 1102 2121 1133 ,
2157 1045 2320 1119 imae.

2705 1067 2802 1119 315

675 1163 755 1235 In
794 1177 978 1233 tanto
1015 1160 1278 1234 fremitu
1316 1161 1535 1236 ductis
1572 1163 1713 1237 sine
1743 1162 1874 1236 fine
1901 1162 2158 1262 jacebat

677 1278 952 1381 Sopitus
985 1278 1153 1351 vinis
1176 1335 1194 1364 ‚
1232 1295 1298 1351 et
1322 1278 1810 1379 inexperrectus
1846 1278 2188 1378 Aphidas;

676 1397 1183 1497 Languentique
1216 1426 1415 1470 manu
1449 1398 1775 1472 carchesia
1812 1398 2013 1470 mixta
2046 1395 2347 1484 tenebat,

675 1515 893 1588 Fusus
926 1512 995 1584 in
1033 1513 1276 1587 Ossaeae
1306 1512 1564 1589 villosis
1592 1513 1880 1615 pellibus
1911 1543 2097 1588 nrsae.

682 1632 903 1726 Quem
939 1630 1174 1731 procul
1209 1648 1288 1704 ut
1321 1631 1488 1704 vidit
1520 1632 1766 1706 frustra
1799 1630 1984 1705 nulla
2019 1659 2197 1705 arma
2231 1647 2644 1718 moventem,
2708 1652 2807 1703 320

680 1746 923 1818 Inserit
954 1764 1217 1821 amento
1251 1746 1498 1842 digitos
1531 1777 1545 1820 ε
1581 1781 1616 1812 «
1652 1748 2166 1849 Miscendaque,
2201 1745 2405 1834 dixit,
2478 1793 2484 1805 ·

685 1893 719 1924 »
766 1861 936 1934 Cum
974 1862 1173 1962 Styge
1208 1863 1360 1935 vina
1391 1863 1626 1950 bibas,
1667 1896 1701 1928 »
1739 1863 2045 1937 Phorbas
2074 1893 2089 1935 ε
2122 1889 2245 1936 nec
2278 1860 2474 1963 plura
2508 1879 2806 1935 moratus

743 2057 857 2109 312.
879 2056 1156 2110 Adversum
1172 2069 1227 2111 tu
1242 2078 1431 2127 quoque
1449 2069 1545 2111 etc.
1562 2059 1694 2113 Haec

679 2133 939 2186 sententia
956 2133 1091 2187 sorte
1108 2134 1255 2188 fluxit
1273 2155 1301 2188 e
1320 2136 1430 2189 loco
1443 2135 1662 2189 Coesaris
1675 2175 1689 2201 ,

678 2212 768 2281 qui
780 2212 956 2266 militis
969 2216 1052 2282 cuj
1061 2213 1241 2268 usdam
1252 2215 1468 2269 vulnera
1481 2219 1694 2270 adversa

676 2290 986 2343 ostentantis
1014 2291 1317 2359 jactantiam
1353 2292 1451 2347 hoc
1477 2293 1694 2346 consilio

677 2368 872 2420 minuit
886 2406 900 2433 ,
916 2370 1182 2437 Nunquam
1177 2371 1388 2439 fugiens
1400 2377 1694 2440 cespes-criu·

682 2444 910 2513 Quintil.
937 2447 1065 2500 Inst.
1089 2448 1167 2502 Vl
1190 2487 1205 2514 ,
1232 2465 1330 2515 111,
1360 2454 1437 2519 75.
1454 2478 1521 2490 —
1537 2453 1697 2503 Com-

676 2532 817 2582 miue’
843 2527 1130 2597 elegantius
1158 2569 1172 2597 ,
1212 2549 1372 2601 quam
1406 2530 1694 2601 conjungi,

678 2606 838 2659 etiam
866 2626 993 2660 vers.
1019 2611 1142 2675 4783
1169 2620 1222 2663 et
1249 2611 1347 2677 IV,
1380 2612 1477 2683 359
1504 2622 1558 2663 et
1584 2610 1697 2681 576.

678 2713 743 2725 -
766 2687 981 2757 Acce'ptlr
999 2730 1014 2752 ,
1054 2698 1113 2740 ut
1145 2693 1329 2757 recipe}
1348 2729 1364 2752 ‚
1408 2687 1699 2741 vulneraris

679 2762 838 2816 ferro.

746 2841 857 2894 316.
881 2843 1066 2895 Daclae's
1086 2846 1329 2914 sinefine.
1348 2884 1359 2895 .
1371 2847 1533 2895 „m'm‘s
1556 2853 1698 2895 recte

685 2916 871 2970 Heius.
890 2920 1144 2986 correxit,
1166 2939 1329 2988 quum
1346 2930 1497 2973 antea
1515 2919 1701 2972 edere-

681 3007 769 3048 tur
789 2997 935 3050 nullo
950 3018 1104 3051 sensu
1120 3038 1134 3064 ,
1152 3005 1348 3052 cunctis
1358 3005 1500 3052 vem?
1512 3042 1525 3061 ,
1549 2999 1700 3052 Basi-

681 3075 694 3126 l
700 3076 867 3127 eensis
887 3073 1084 3144 primus
1101 3082 1295 3129 cunctae
1313 3082 1461 3130 curzlr.
1478 3080 1689 3138 Ducere,

681 3151 914 3219 haurire,
927 3152 1107 3206 bibere
1122 3174 1135 3216 ς
1153 3152 1243 3207 sed
1260 3152 1375 3207 vide
1389 3155 1698 3208 Heinsium:

680 3234 912 3302 sz'nefine,
931 3232 1571 3303 immodice.—Ingeniosa
1590 3234 1700 3302 qui·

683 3309 805 3362 dem
824 3319 929 3377 est,
953 3309 1042 3362 sed
1062 3308 1204 3362 nulla
1221 3311 1524 3363 auctoritate
1539 3310 1667 3364 fulta
1680 3350 1696 3378 ,

683 3396 742 3440 ut
772 3406 886 3441 mos
913 3397 1018 3455 est,
1053 3388 1257 3442 Heinsii
1286 3387 1601 3441 emendatio.
1634 3391 1699 3444 In

683 3467 862 3538 Regiis
883 3468 1076 3522 nostris
1094 3468 1346 3522 ambobus
1359 3468 1549 3537 legitur
1573 3490 1701 3523 cun-

678 3550 780 3598 ctis
800 3550 912 3598 seire
921 3550 1040 3616 fine
1056 3547 1275 3614 jacebat
1303 3553 1497 3616 sopitus
1525 3555 1697 3616 vaenis5

681 3622 824 3693 quod
858 3644 1013 3677 sensu
1051 3645 1206 3695 egere
1245 3626 1316 3679 ait
1359 3627 1560 3695 Ge'en'g,
1601 3647 1700 3699 ego

682 3720 809 3754 vero
854 3700 993 3754 haud
1030 3703 1487 3757 contemnendum
1536 3715 1698 3774 puto:

677 3780 886 3850 sanguis
910 3782 1055 3835 enim
1080 3782 1219 3836 inter
1234 3803 1481 3837 somnum
1502 3804 1597 3854 per
1613 3805 1702 3838 ve·

677 3878 773 3913 nas
797 3860 989 3912 lentior
1012 3859 1160 3927 fluit,
1187 3860 1328 3915 unde
1358 3862 1507 3916 liceat
1533 3863 1702 3932 poetis

680 3937 853 3992 dicere
874 3937 937 3992 de
958 3939 1173 3995 homine
1194 3940 1339 3994 ebrio
1357 3953 1409 3995 et
1427 3940 1701 3995 dormien-

679 4027 732 4070 te
749 4037 762 4070 ι
782 4023 978 4086 sopitus
991 4028 1073 4072 es!
1087 4024 1208 4072 totis
1221 4025 1376 4072 venis.
1395 4019 1699 4074 Ed.—Lan·

674 4117 823 4164 ‘uere
842 4096 1090 4151 dicuntur
1114 4099 1244 4153 ebrii
1264 4121 1278 4163 ;
1306 4099 1496 4153 Cicero
1511 4141 1526 4168 ,
1544 4098 1699 4155 Catil.

679 4174 734 4228 11
753 4213 767 4239 ,
799 4179 828 4227 5
841 4215 856 4240 ,
882 4183 1000 4230 vino
1026 4181 1283 4246 languidi.
1320 4178 1546 4247 consecti
1570 4184 1700 4233 cibo.

679 4279 745 4291 -
761 4250 844 4304 De
859 4257 1135 4307 carchesiis
1150 4254 1268 4309 vide
1284 4254 1345 4307 ad
1365 4257 1474 4310 v11
1489 4296 1504 4323 ,
1524 4260 1702 4327 247.—

681 4328 856 4382 Hitm
864 4369 878 4393 ‚
897 4329 952 4382 in
967 4331 1155 4399 quibus
1165 4333 1348 4386 vinum
1361 4350 1492 4402 aqua
1505 4345 1611 4387 tem
1618 4353 1702 4402 pe-

1792 2071 1983 2113 ratum.
2017 2059 2135 2112 Hoc
2161 2075 2371 2126 quoque
2391 2054 2459 2109 ad
2479 2073 2654 2109 mores
2676 2055 2808 2108 ebrii

1791 2138 2051 2207 pertinet,
2081 2135 2224 2205 quod
2252 2133 2497 2205 poculum
2525 2153 2688 2186 manu
2711 2132 2809 2185 ad-

1792 2216 1893 2269 buc
1906 2215 2135 2269 tenebat.
2154 2242 2220 2254 —
2239 2215 2424 2266 Ossae
2437 2230 2600 2276 ursae,·
2630 2211 2807 2264 Oxou.

1790 2307 1844 2349 et
1860 2295 2091 2364 quinque
2108 2293 2191 2346 alii
2207 2297 2470 2353 obscene,
2495 2289 2639 2359 quod
2654 2330 2668 2356 ,
2694 2309 2810 2342 mo·

1789 2384 1952 2427 nente
1993 2371 2215 2425 Heinsio
2242 2411 2256 2435 ,
2293 2368 2503 2423 defendi
2541 2379 2712 2439 posset
2746 2390 2808 2421 ex

1792 2449 2033 2514 Lucano,
2055 2448 2161 2501 Vll
2180 2487 2194 2514 ,
2222 2448 2319 2501 828
2335 2486 2350 2513 ,
2370 2446 2459 2499 ubi
2476 2466 2605 2513 urse
2619 2450 2809 2499 obsce-

1791 2547 1889 2590 ne,
1920 2538 1973 2581 et
1996 2525 2165 2580 Statio
2184 2563 2199 2591 ,
2226 2523 2395 2578 Theb.
2424 2525 2500 2579 v1
2522 2563 2536 2590 ‚
2565 2524 2661 2578 865
2681 2563 2697 2591 ,
2721 2523 2809 2578 ubi

1792 2613 1954 2672 turpes
1963 2601 2365 2657 ursae:similiter
2380 2601 2516 2670 apud
2536 2602 2808 2667 Nostrum,

1795 2683 1874 2736 111
1903 2682 2061 2736 Trist.
2081 2701 2130 2732 v.
2147 2682 2225 2734 35.
2253 2680 2406 2733 Idem
2434 2679 2683 2733 Heinsius
2698 2679 2812 2731 lau-

1792 2758 1882 2811 dat
1896 2769 2074 2811 tamen
2092 2758 2295 2808 Osse-as
2308 2760 2480 2828 lynces
2493 2756 2667 2819 Statii,
2680 2755 2792 2808 Ach
2802 2797 2813 2807 .

1794 2840 1866 2903 V,
1889 2857 1982 2891 no
1994 2878 2009 2903 ,
2027 2849 2081 2890 et
2097 2839 2367 2890 Samnium
2380 2856 2547 2888 ursam
2561 2836 2693 2900 Silii,
2708 2837 2732 2889 1
2742 2838 2811 2902 V,

1796 2916 1909 2968 550.
1939 2919 2145 2977 Ossaea,
2180 2914 2343 2983 qualis
2368 2915 2420 2966 in
2459 2917 2594 2965 Ossa
2626 2924 2812 2965 monte

1793 3007 2164 3050 commoratur.
2177 3023 2243 3036 -
2256 2995 2405 3065 Regii
2424 2993 2583 3047 nostri
2603 2995 2804 3054 Ossaee,

1795 3073 1937 3143 quod
1961 3072 2297 3127 servandum.
2319 3075 2415 3125 Ed.

1860 3158 1974 3210 320.
1989 3161 2199 3211 Frustra
2214 3159 2353 3209 nulla
2366 3174 2506 3207 arma
2522 3162 2806 3205 moventem.

1794 3236 1916 3290 Non
1961 3234 2152 3305 profuit
2190 3235 2238 3288 ei
2264 3274 2279 3300 ,
2313 3231 2451 3303 quod
2485 3230 2626 3284 nulla
2661 3249 2807 3283 arma

1794 3313 2038 3366 movebat
2056 3304 2075 3378 ς’
2098 3312 2179 3379 V,
2206 3333 2266 3385 9¹
2288 3353 2303 3378 ,
2330 3314 2594 3380 Expertem
2608 3309 2810 3378 frustra

1794 3396 1939 3454 belli,
1973 3400 2025 3445 el
2048 3402 2221 3445 neutra
2245 3413 2389 3444 anna
2414 3403 2631 3444 secutum
2660 3409 2675 3440 .·
2709 3388 2811 3441 hoc

1794 3471 1908 3526 loco
1929 3471 2143 3541 qnidam
2164 3482 2441 3540 sequentem
2458 3512 2471 3534 ,
2500 3489 2597 3540 pro
2619 3488 2811 3520 moven-

1794 3556 1891 3601 tem
1906 3566 1923 3614 ,⁸
1942 3558 1995 3602 et
2017 3545 2267 3603 Heinsius
2290 3548 2526 3600 mutabat
2538 3557 2711 3599 neutra
2725 3564 2812 3595 ar-

1795 3647 1879 3680 ma
1894 3625 2407 3695 sequentem—Regii
2432 3625 2597 3677 nostri
2612 3621 2812 3675 codices

1795 3717 2096 3770 mouentum·
2129 3726 2225 3759 nec
2247 3705 2365 3758 felix
2392 3703 2595 3758 Heinsii
2621 3722 2807 3755 emen·

1797 3783 1939 3836 datio
1962 3795 2073 3849 est,
2101 3802 2261 3853 quum
2283 3786 2585 3849 sequiarma
2609 3778 2811 3832 dicatur

1796 3863 2002 3933 proprie
2020 3861 2083 3914 de
2099 3860 2448 3924 bellatoribus,
2469 3856 2633 3923 ducis,
2650 3876 2807 3927 quem

1796 3940 1890 4011 ipsi
1918 3940 2057 3994 ultro
2081 3938 2360 4008 selegerint
2378 3976 2392 4004 ,
2430 3947 2599 4006 partes
2616 3936 2811 3988 ineun-

1799 4021 1962 4084 tibus3
1990 4021 2041 4072 in
2073 4020 2173 4073 hoc
2196 4030 2369 4072 autem
2395 4016 2681 4069 certamine
2706 4015 2810 4067 La-

1798 4099 1941 4170 pitha
1956 4099 2173 4168 quisque
2190 4117 2310 4151 cum
2324 4094 2555 4165 Lapithis
2568 4135 2582 4162 ,
2598 4106 2650 4148 et
2669 4093 2810 4147 Ceu·

1798 4187 1978 4229 taurus
1998 4195 2121 4228 cum
2145 4173 2428 4229 Centauris
2445 4213 2461 4240 ,
2500 4189 2732 4243 pugnare
2764 4179 2819 4221 et

1798 4273 1987 4306 movere
2001 4274 2144 4306 arma
2157 4253 2392 4306 debebat.
2413 4254 2509 4305 Ed.
2524 4280 2589 4291 -
2600 4253 2818 4304 Miscen-

1798 4337 1963 4402 daque
1985 4343 2083 4387 etc.
2110 4334 2413 4389 Sat-casinus
2438 4333 2492 4387 in
2522 4326 2817 4399 Aphidamn
