3185 5138
704 507 839 577 525

1282 505 1363 572 P.
1417 504 1778 574 OVIDII
1829 502 2296 574 NASONIS

706 643 963 749 Assyrii
994 640 1312 721 Phoenica
1346 662 1587 719 vocant
1615 674 1631 719 τ
1660 673 1798 719 non
1833 644 2060 741 fruge,
2095 674 2218 719 nec
2252 644 2520 736 herbis,

703 765 837 839 Sed
876 761 1041 837 turis
1070 760 1379 863 lacrymis
1398 816 1419 850 ‚
1455 779 1525 835 et
1556 789 1756 835 succo
1788 759 1950 834 vivit
1976 760 2244 834 amomi.

705 883 868 956 Haec
903 878 1023 955 ubi
1059 878 1356 981 quinque
1388 906 1525 952 suae
1556 875 1914 980 complevit
1943 876 2166 952 secula
2203 876 2351 950 vitaz
2372 932 2391 966 ,

709 998 900 1074 Ilicet
929 998 998 1071 in
1031 997 1230 1073 ramis
1252 1054 1271 1087 ‚
1313 993 1683 1070 tremulaeve
1715 993 2049 1070 cacumine
2084 992 2318 1095 palmae
2338 1048 2358 1080 ‚

710 1112 1104 1208 Unguibus,
1144 1130 1212 1186 et
1246 1110 1469 1214 pando
1500 1109 1737 1184 nidum
1771 1109 1906 1185 sibi
1937 1107 2269 1184 construit
2294 1133 2427 1180 ore.

704 1300 943 1353 Phaem'ce
979 1317 1070 1351 ave
1090 1336 1105 1362 ,
1139 1295 1290 1364 cuius
1322 1295 1432 1364 iam
1465 1295 1733 1351 Hesiodus

706 1380 1036 1432 mentionem
1062 1375 1257 1431 fecerat
1278 1415 1295 1442 ,
1323 1385 1441 1444 post
1467 1376 1735 1430 Herodo-

708 1469 821 1511 tum
842 1496 857 1522 ,
893 1457 944 1509 ll
971 1495 986 1520 ,
1024 1457 1116 1524 73,
1151 1454 1304 1508 multi
1344 1467 1726 1524 exposuerunt,

703 1539 754 1585 (r.
769 1553 812 1585 c.
829 1532 1042 1586 Tacitus
1056 1573 1071 1597 ,
1098 1534 1235 1586 Anu.
1252 1533 1336 1590 Vl
1356 1572 1371 1598 ,
1389 1533 1481 1595 28;
1503 1531 1702 1586 Plinius
1717 1573 1733 1600 ,

709 1613 795 1677 X,
831 1631 871 1663 ι.
911 1612 1130 1665 Exstant
1168 1611 1327 1665 etiam
1362 1611 1469 1665 duo
1501 1611 1559 1665 in
1599 1611 1736 1665 banc

707 1710 857 1755 avem
901 1690 1136 1743 carmina
1169 1728 1186 1756 ,
1239 1708 1468 1759 quorum
1508 1691 1734 1744 alterum

714 1766 1009 1822 Claudiano
1027 1807 1042 1834 ,
1077 1766 1304 1821 alterum
1333 1769 1607 1822 Lactantio
1639 1767 1737 1821 tri-

707 1848 902 1901 buitur.
930 1844 1126 1900 Fabula
1148 1844 1287 1898 sorte
1308 1846 1432 1899 inde
1448 1858 1562 1900 orta
1580 1886 1595 1913 ‚
1614 1848 1737 1915 quia

711 1940 861 1998 φοῖνιξ
880 1924 1105 1996 palmam
1127 1925 1413 1996 significan
1440 1925 1738 1997 palmarum

707 2015 887 2059 autem
911 2024 1101 2075 genera
1130 2002 1369 2073 quedam
1396 2025 1457 2058 ea
1488 2016 1613 2058 sunt
1638 2025 1737 2060 na-

709 2096 827 2138 tura
842 2124 857 2150 ,
874 2093 933 2137 ut
946 2102 975 2136 e
992 2093 1181 2136 trunco
1194 2083 1426 2152 ipsarum
1445 2082 1738 2152 putrefacto

710 2173 847 2217 nova
858 2163 1014 2216 arhor
1022 2161 1400 2232 progerminet.
1419 2162 1499 2215 lta
1512 2162 1738 2217 Bochar-

712 2250 795 2293 tus
815 2239 869 2292 in
887 2240 1199 2293 Hierozoico
1220 2279 1235 2305 ,
1254 2239 1333 2293 vl
1351 2280 1367 2307 ,
1390 2243 1420 2292 5
1437 2279 1452 2305 ,
1467 2251 1740 2309 praeeunte

710 2317 887 2372 Plinio
904 2358 920 2385 ,
943 2318 1081 2372 XIII
1099 2358 1114 2385 ,
1136 2321 1184 2386 4.
1210 2318 1314 2371 Alii
1337 2328 1555 2388 putant,
1583 2318 1744 2387 liujus

709 2398 816 2451 avis
841 2396 1065 2467 figuram
1088 2396 1388 2470 symbolum
1410 2397 1567 2451 fuisse
1586 2397 1744 2467 AEgi-

713 2476 946 2546 ptiorum
968 2514 984 2540 ,
1010 2494 1116 2543 quo
1144 2478 1241 2528 500
1268 2493 1530 2527 annorum
1562 2474 1741 2544 perio-

713 2553 845 2608 dum
866 2552 1231 2623 expresserint.
1251 2551 1377 2605 vid.
1395 2550 1659 2606 Gatterer.
1676 2550 1744 2606 de

714 2632 917 2702 Theog.
945 2631 1157 2703 AEgypt.
1189 2631 1244 2684 in
1283 2628 1588 2683 Comment
1624 2630 1744 2683 Soc.

713 2712 953 2787 Gottin'g.
978 2720 1107 2766 tom.
1126 2709 1270 2775 vn,
1296 2729 1346 2778 p.
1375 2710 1436 2763 53
1461 2730 1501 2762 s.
1530 2710 1603 2763 Et
1626 2710 1747 2763 He-

712 2782 932 2844 rodotus
945 2789 1137 2844 diserte
1153 2749 1422 2854 adli'rmat,
1429 2807 1484 2841 se
1497 2806 1616 2841 eam
1632 2806 1744 2841 non

713 2887 896 2932 nosse,
923 2867 1025 2926 nisi
1054 2886 1084 2920 e
1116 2866 1290 2919 tabula
1316 2865 1453 2936 picta
1475 2866 1745 2936 Heliopo-

709 2906 1358 2998 litarum.-Resemiaare
1386 2962 1585 2997 novum
1614 2963 1746 2997 ver-

713 3022 843 3074 bum
866 3018 929 3071 ad
951 3037 1069 3071 rem
1094 3018 1414 3089 singularem
1439 3022 1743 3089 exprimen-

715 3099 842 3152 dam
855 3098 1123 3168 signatum
1136 3135 1153 3163 ,
1172 3117 1200 3150 e
1221 3116 1441 3167 corpore
1458 3117 1555 3151 suo
1568 3137 1582 3164 ‚
1607 3109 1747 3151 tam-

717 3196 877 3247 quam
897 3198 926 3230 e
949 3176 1151 3230 semine
1171 3215 1186 3243 ,
1217 3174 1396 3231 denuo
1415 3195 1469 3229 se
1495 3177 1709 3248 gignere
1731 3197 1745 3232 ς

719 3254 1045 3310 Claudianus
1062 3295 1077 3321 ,
1103 3273 1235 3308 vers.
1259 3257 1325 3321 ²4
1338 3264 1515 3321 ,pater
1531 3264 1613 3308 est
1622 3275 1750 3323 pto-

711 3337 882 3404 lesque
901 3337 1034 3399 siu,-
1060 3332 1364 3386 Lactantius
1379 3370 1394 3397 ,
1422 3351 1552 3385 vers.
1576 3334 1668 3401 78,
1691 3351 1750 3385 se

717 3423 890 3466 tamen
911 3418 1029 3479 ipsa
1046 3417 1217 3477 cma13
1241 3409 1331 3463 sed
1348 3429 1479 3463 vers.
1510 3410 1598 3479 167
1617 3429 1712 3480 sqq
1728 3448 1745 3476 ,

714 3489 846 3544 ludit
871 3490 929 3543 in
951 3490 1069 3544 hoc.
1094 3517 1161 3529 —
1187 3492 1315 3542 Ales
1349 3498 1529 3542 autem
1564 3486 1750 3558 aquila

715 3569 898 3624 similis
944 3581 997 3623 et
1040 3569 1405 3642 magnitudine
1444 3579 1499 3622 et
1535 3568 1710 3621 forma
1730 3607 1747 3635 ,

718 3668 921 3725 pennas
932 3647 1132 3702 habens
1152 3667 1335 3702 aureas
1351 3648 1614 3701 etrubras.
1631 3648 1752 3700 He-

718 3726 891 3781 rodot.
912 3753 980 3766 —
998 3728 1233 3797 Assyrii,
1264 3726 1486 3780 omnino
1511 3725 1750 3780 Orientis

718 3805 924 3861 incolae.
949 3804 1120 3857 Aliter
1144 3804 1446 3859 Lactantius
1463 3843 1480 3872 ,
1506 3824 1638 3858 vers.
1654 3806 1748 3859 65:

721 3908 751 3934 «
775 3883 1007 3957 Dirigit·
992 3903 1049 3939 m
1070 3876 1282 3956 Syriam
1301 3882 1494 3938 celeres
1517 3883 1754 3954 longaeva

726 3988 753 4011 »o
779 3965 1012 4030 volatus,
1038 3961 1313 4017 Phoenices
1330 3980 1529 4017 nomen
1550 3962 1751 4017 cuide-

725 4064 752 4089 »
778 4041 857 4103 dit
894 4041 1003 4111 ipsa
1039 4042 1238 4096 Venus.
1273 4062 1301 4089 ν
1346 4040 1530 4095 Venus
1570 4050 1751 4095 autem

723 4118 863 4172 culta
901 4120 958 4173 in
994 4117 1391 4192 Syrophoenice.
1438 4118 1510 4173 Et
1545 4122 1760 4189 Assyrii

724 4216 858 4266 saepe
896 4218 994 4267 pro
1025 4199 1207 4273 Syris3
1248 4199 1388 4270 apud
1425 4199 1745 4264 Horatium,

1834 1291 1999 1365 Syriae
2016 1290 2264 1361 emporiis
2277 1290 2491 1343 advecta
2508 1309 2524 1352 ς
2544 1308 2685 1361 saepe
2707 1290 2880 1346 etiam

1832 1372 1970 1442 apud
1998 1373 2228 1443 optimos
2256 1382 2495 1425 auctores
2520 1374 2774 1426 occurrit.

1898 1452 2012 1523 393.
2037 1450 2342 1519 Νοπίημ,
2372 1468 2465 1502 nec
2485 1452 2671 1503 herbis.
2701 1450 2882 1506 Clan-

1832 1528 2051 1594 dianus,
2072 1548 2204 1582 vers.
2235 1528 2292 1580 13
2309 1547 2321 1580 ς
2339 1549 2365 1572 «
2389 1527 2514 1580 Non
2541 1527 2712 1596 epulis
2730 1541 2881 1584 satu·

1837 1630 1865 1656 n
1894 1626 2011 1661 rare
2046 1606 2248 1660 famem
2271 1646 2286 1670 ,
2330 1625 2443 1658 non
2474 1605 2720 1660 sontibus
2755 1609 2882 1661 ullis

1837 1709 1865 1734 n
1892 1685 2159 1740 Adsuetus
2174 1685 2454 1754 prohibere
2474 1684 2647 1748 sitim3
2665 1686 2762 1738 sed
2781 1706 2879 1756 pn-

1826 1785 1865 1827 νιο
1890 1764 2000 1817 rior
2019 1763 2164 1816 illum
2186 1762 2322 1817 Solis
2344 1761 2524 1815 servor
2539 1761 2630 1815 alit
2649 1774 2755 1816 etc.
2777 1787 2879 1809 »—

1836 1843 1920 1897 De
1942 1861 2140 1896 amomo
2159 1840 2278 1893 vide
2299 1840 2365 1892 ad
2391 1842 2472 1904 X,
2500 1843 2616 1910 307.

1900 1924 2171 1994 395.1{aec
2197 1925 2292 1973 ube
2317 1926 2528 1990 quinque
2553 1932 2653 1974 etc.
2684 1922 2875 1974 Hero—

1836 2001 2026 2055 dotus:
2043 2003 2163 2053 xri-1
2144 2024 2231 2061 ιος
2249 2003 2457 2072 farefort?
2484 2025 2596 2071 σει,
2645 1999 2754 2054 δῗε

1838 2083 1935 2149 (ὧς
1957 2070 2127 2138 Ηλιουπ
2131 2088 2278 2136 ola-en
2301 2083 2521 2148 ὶέγουσι)
2547 2107 2736 2137 erma
2715 2107 2768 2135 ν
2774 2092 2871 2136 inv·

1835 2172 1999 2238 §oa-jv
2021 2168 2069 2214 δι’
2050 2186 2188 2215 ern-1
2172 2167 2358 2231 Ufens}
2387 2162 2517 2213 {stain
2534 2159 2599 2215 δι
2618 2161 2873 2234 &esini-⁴33

1836 2246 2000 2315 πατήρ.
2027 2238 2281 2292 Tacitus:
2317 2238 2468 2291 «De
2502 2257 2730 2292 numero
2764 2260 2872 2293 an-

1837 2337 1866 2364 »
1890 2334 2087 2369 norum
2113 2316 2253 2368 varia
2289 2313 2608 2382 traduntur,
2641 2316 2866 2369 maxime

1839 2396 2159 2464 »vulgatum
2185 2395 2603 2465 quingentorum
2625 2398 2868 2465 spatium.

1837 2494 1865 2518 »
1897 2472 2038 2525 Sunt
2060 2473 2146 2540 qui
2176 2471 2521 2539 adseverent,
2550 2475 2694 2526 mille
2726 2492 2867 2542 qua-

1839 2574 1867 2603 n
1896 2549 2202 2619 dringentos
2213 2551 2492 2618 sexaginta.
2509 2574 2537 2597 ›-
2560 2551 2871 2609 Hincw‘n:

1839 2628 2064 2683 Phoenix
2081 2629 2285 2698 passim.
2307 2630 2374 2683 ln
2397 2630 2573 2683 nuruis
2597 2630 2872 2684 interdum

1837 2717 1916 2765 est
1951 2706 2251 2779 symbolum
2297 2706 2378 2761 vel
2413 2708 2721 2764 aternitatis
2741 2748 2756 2774 ‚
2787 2710 2870 2762 vel

1837 2783 2000 2838 felicis
2027 2796 2332 2854 temporum
2355 2784 2737 2851 restitutionis;
2765 2784 2871 2839 vid.

1840 2862 2131 2932 Spanhem.
2156 2863 2222 2917 de
2247 2881 2343 2917 usu
2361 2873 2417 2917 et
2439 2864 2738 2933 praestantia
2756 2865 2874 2921 Nu-

1840 2941 2012 2993 mism.
2038 2960 2088 3010 p.
2117 2943 2228 2995 285.
2265 2940 2562 3008 Quomodo
2595 2943 2778 2996 Patres
2807 2960 2873 2994 ea

1839 3020 1918 3073 usi
1940 3031 2065 3073 sunt
2081 3020 2144 3072 ad
2166 3021 2610 3079 resurrectionem
2630 3033 2874 3075 mortno—

1839 3117 1963 3152 rum
2002 3097 2364 3153 illustrandam
2386 3138 2402 3166 ,
2433 3098 2589 3155 docet
2626 3098 2873 3154 Gataker.

1841 3178 2042 3233 Miscet.
2059 3197 2108 3247 p.
2137 3179 2460 3250 179³-Mox
2477 3189 2620 3233 recte
2647 3179 2873 3231 miratur

1844 3254 2097 3310 Heinsius
2119 3261 2257 3309 meis
2280 3256 2362 3310 hic.
2387 3257 2721 3310 mentionem
2739 3255 2873 3309 fieri.

1842 3336 1958 3403 Ipse
1975 3334 2190 3404 prefert
2203 3338 2367 3395 ilicet.
2389 3333 2534 3404 quod
2550 3335 2797 3389 Bar-thius
2812 3335 2870 3388 in

1841 3413 2058 3467 vetustis
2088 3406 2469 3482 exemplaribus
2504 3414 2715 3481 reperit.
2749 3413 2872 3467 Hoc

1844 3489 2004 3561 igitur
2031 3490 2340 3561 recepimus.
2376 3491 2518 3544 Nam
2547 3511 2648 3544 nec
2672 3490 2872 3545 Oriens

1841 3575 1985 3631 Hei-es
2001 3570 2157 3625 habet
2172 3609 2189 3636 ,
2214 3588 2313 3623 nec
2327 3608 2343 3634 ,
2369 3570 2412 3624 si
2430 3569 2727 3636 habuisset,
2755 3571 2870 3641 pla-

1844 3649 2070 3703 cuissent
2094 3647 2215 3701 huic
2232 3648 2314 3700 avi
2333 3670 2346 3710 ς
2366 3668 2466 3702 nec
2483 3648 2710 3717 denique
2723 3667 2875 3701 com-

1845 3727 2002 3780 mode
2023 3725 2142 3778 due
2162 3724 2374 3780 arbores
2398 3730 2506 3780 iles
2532 3738 2586 3779 et
2597 3729 2775 3794 palu
2796 3726 2874 3778 si-

1844 3806 1960 3859 mul
1998 3817 2499 3860 commemorantur.
2532 3805 2832 3860 lactantius
2852 3845 2874 3871 ,

1844 3903 1978 3939 vers.
2001 3885 2069 3956 69
2086 3922 2103 3950 ,
2137 3886 2262 3937 Tm
2288 3888 2416 3955 legit
2442 3890 2583 3938 aenio
2613 3887 2875 3938 sublimen

1844 3968 2026 4017 wrlt‘oe
2042 3966 2287 4030 palmam.

1910 4044 2022 4113 397.
2045 4043 2227 4096 Panda
2244 4062 2418 4096 ..om
2450 4045 2539 4097 An
2565 4042 2818 4097 Heinsius
2837 4062 2872 4096 e

1843 4120 2011 4176 tribus
2029 4120 2204 4188 MSS,
2224 4120 2399 4192 primo
2411 4121 2744 4176 Gronovian.
2765 4141 2873 4175 uno

1845 4201 2128 4258 Basileens.
2144 4211 2200 4255 et
2220 4202 2436 4270 Norico,
2456 4213 2597 4265 recte
2618 4203 2874 4271 receperit

728 4277 786 4330 11
806 4313 823 4345 ,
858 4274 966 4331 Od-
988 4293 1075 4347 ιι,
1108 4279 1198 4347 16,
1227 4283 1449 4352 Assyria
1470 4281 1684 4343 nardus,
1716 4296 1748 4332 e
1836 4281 2043 4347 pando,
2084 4277 2315 4335 dubitari
2341 4289 2527 4349 potest.
2560 4279 2707 4349 Apro
2728 4287 2874 4333 recte
