3185 5138
621 532 1706 602 METAMORPHOSEON
1755 537 1951 603 LIB.
2005 538 2143 603 IX.

2344 562 2460 605 121

335 666 533 739 Dicta
564 666 608 736 J
612 665 751 738 ovis
783 693 1046 740 movere
1070 667 1250 740 Deos
1284 696 1299 739 ε
1335 696 1457 740 nec
1493 668 1778 743 sustinet
1812 669 2022 758 ullus,
2208 753 2215 760 .

334 783 566 878 Quum
590 781 857 855 videant
883 781 1095 856 fessos
1125 783 1682 859 Rhadamanthon
1701 843 1719 874 ‚
1750 804 1818 860 et
1845 788 2098 860 AEacon
2127 787 2350 875 anniS,

335 900 424 971 Et
456 899 722 987 Minoa,
764 898 952 998 queri
982 929 996 971 ε
1030 900 1145 1000 qui
1166 957 1184 988 ‚
1225 901 1382 974 dum
1414 901 1543 973 suit
1574 902 1830 998 integer
1861 904 2017 990 aevi,

2367 924 2475 993 440

336 1014 689 1087 Terruerat
716 1025 988 1108 magnas
1011 1072 1030 1103 ‚
1064 1015 1213 1117 ipso
1252 1044 1520 1116 quoque
1553 1015 1827 1089 nomine
1848 1071 1867 1104 ‚
1907 1029 2155 1111 gentes,

336 1130 527 1202 Tunc
558 1147 697 1203 erat
725 1130 1053 1205 invalidus
1073 1187 1092 1219 ‚
1129 1132 1641 1232 Deionidenque
1671 1131 1954 1230 juventae

338 1246 617 1319 Robore
645 1246 957 1321 Miletum
982 1305 1001 1336 ‚
1035 1246 1427 1348 Phoeboque
1459 1265 1731 1348 parente
1765 1248 2164 1348 superbum,

337 1362 689 1436 Pertimuit
714 1393 730 1450 ;
755 1364 1175 1464 credensque
1211 1364 1350 1436 suis
1387 1363 1725 1458 insurgere
1761 1364 2023 1457 regnis,

337 1478 536 1551 Hand
569 1497 788 1553 tamen
823 1497 926 1554 est
960 1480 1195 1580 patriis
1227 1508 1444 1554 arcere
1478 1479 1836 1581 penatibus
1870 1509 2091 1555 ausus,

334 1593 589 1694 Sponte
624 1595 834 1690 tugis,
869 1595 1102 1670 Milete
1125 1653 1144 1685 ,
1184 1614 1334 1684 tua,
1374 1595 1701 1696 celerique
1734 1596 1956 1671 carina

336 1711 595 1805 AEgaeas
628 1713 881 1787 metiris
914 1743 1118 1814 aquas
1138 1770 1156 1802 ,
1196 1732 1262 1788 et
1292 1714 1361 1787 in
1390 1712 1596 1787 Aside
1628 1731 1803 1787 terra

339 1827 589 1901 Moenia
622 1829 972 1903 constituis
995 1886 1013 1918 ,
1051 1830 1366 1931 positoris
1398 1830 1712 1904 habentia
1744 1858 2011 1904 nomen.

339 1939 465 2013 Hic
500 1942 628 2015 tibi
648 1998 666 2029 ‚
707 1942 864 2016 dum
897 1944 1201 2043 sequitur
1233 1943 1461 2046 patriae
1495 1946 1872 2020 curvamina
1906 1947 2066 2048 ripae

337 2058 504 2132 Filia
540 2058 863 2132 Maeandri
897 2059 1098 2132 toties
1133 2060 1471 2135 redeuntis
1506 2062 1776 2152 eodem,

344 2258 489 2316 Cort.
513 2258 578 2312 ad
601 2258 806 2313 Sallust.
836 2258 954 2313 Cat.
989 2260 1060 2314 LI
1079 2300 1095 2327 ,
1120 2264 1165 2315 5.
1185 2261 1355 2326 (Vide

340 2339 496 2392 etiam
512 2357 627 2408 quae
642 2338 708 2392 ad
723 2339 972 2392 eumdem
988 2339 1160 2393 locum
1173 2339 1359 2393 dixerit

340 2417 401 2470 cl.
439 2419 722 2471 Bonnour
755 2417 811 2469 in
850 2428 1031 2470 nostro
1071 2417 1315 2471 Sallustio
1340 2457 1355 2484 ,

342 2513 390 2562 p.
412 2495 471 2547 81
494 2493 520 2555 )
541 2515 554 2557 ;
579 2512 810 2562 namque
839 2495 1094 2564 sapientia
1125 2495 1360 2547 cernitur

340 2572 392 2625 in
409 2572 593 2625 ordine
614 2591 793 2625 rerum
812 2571 1150 2643 agendarum.
1175 2574 1357 2641 Itaque

339 2649 465 2702 eth.
487 2651 519 2703 l.
548 2650 621 2705 sic
647 2650 796 2719 capio
813 2690 827 2716 ,
866 2670 973 2703 non
1007 2670 1071 2704 eo
1104 2650 1319 2704 consilio
1341 2690 1357 2717 ,

340 2748 446 2783 non
473 2750 534 2784 ea
555 2731 806 2799 sapientia
832 2770 848 2797 ,
884 2736 984 2801 qnia
1017 2743 1136 2785 ante
1168 2751 1361 2801 regna-

339 2808 440 2861 bat.
465 2807 742 2861 Claudian.
764 2808 925 2863 Cous.
946 2809 1104 2883 Olyb.
1128 2813 1187 2878 57
1205 2850 1220 2877 ,
1244 2820 1367 2878 quot

340 2893 393 2940 in
415 2891 590 2942 ordine
612 2900 785 2956 gemes
804 2896 1002 2944 rexerit.
1034 2891 1218 2959 ltaque
1248 2908 1359 2943 non

343 2986 472 3037 opus
503 2979 584 3021 est
615 2968 823 3022 Heinsii
848 2970 1150 3037 conjectura
1184 2975 1361 3021 omt‘ire.

342 3073 407 3084 —
425 3049 532 3099 Nec
562 3052 813 3111 susliact;
846 3047 1046 3118 Regius
1067 3058 1247 3101 noster
1276 3047 1323 3099 A
1344 3086 1357 3109 ,

344 3141 463 3174 cum
500 3121 753 3176 Cantabr.
793 3123 1010 3176 Junian.
1044 3135 1098 3177 et
1137 3135 1363 3193 quatuor

347 3198 453 3253 aliis
472 3240 487 3264 ‚
516 3200 674 3254 habet
696 3221 787 3254 aec
807 3219 867 3253 se
886 3212 1033 3256 tenet.

411 3283 523 3345 440.
543 3282 743 3348 Integer
760 3284 879 3341 aeee'.
919 3281 1008 3349 qui
1030 3290 1109 3333 est
1139 3279 1362 3335 florente

347 3358 515 3419 adhuc
550 3370 716 3413 atate.
743 3359 884 3429 Opp.
917 3363 1202 3421 thealdus,
1238 3379 1364 3413 con·

347 3437 507 3491 sectus
536 3438 701 3490 senio.
723 3466 790 3477 —
813 3440 933 3504 Ipso
963 3444 1160 3491 nomine
1191 3450 1368 3492 terrete

341 3526 511 3583 gentes
533 3556 548 3577 ,
589 3517 784 3569 summi
818 3516 1071 3571 etinvicti
1104 3516 1366 3570 bellatoris

348 3594 581 3657 notatio;
616 3595 833 3661 Florus,
861 3595 977 3661 111,
1005 3612 1037 3646 x
1058 3634 1073 3661 ,
1106 3612 1202 3659 203
1229 3596 1367 3649 Jus-

347 3672 520 3738 tinus,
555 3675 667 3739 xl,
708 3691 801 3740 vx,
845 3680 935 3738 15;
967 3676 1117 3729 XLII
1142 3715 1156 3740 ,
1181 3694 1250 3741 v,
1291 3675 1366 3728 13.

348 3750 453 3804 Sed
489 3752 682 3805 Noster
725 3748 901 3806 rursus
939 3752 1146 3807 videtur
1181 3754 1368 3807 Minoa

349 3827 656 3883 Secundum
683 3850 807 3884 cum
833 3830 1006 3901 primo
1039 3832 1332 3885 confudisse
1350 3870 1365 3897 ,

349 3906 507 3978 (vide
545 3908 609 3962 ad
636 3909 813 3976 vul,
852 3923 1023 3979 120),
1060 3912 1159 3965 nisi
1199 3931 1368 3965 unum

349 3995 556 4038 tantum
576 3988 764 4041 Minoa
783 3988 936 4042 fuisse
957 3988 1232 4043 credamus
1247 4008 1371 4043 cum

351 4065 631 4119 Aristotele
658 4066 814 4119 Polit.
842 4066 928 4134 11,
955 4087 987 4140 9
1009 4077 1063 4121 et
1092 4072 1373 4131 xor—Me·-

348 4144 474 4194 Ictus
495 4183 508 4205 ,
560 4144 813 4212 Apollinis
841 4144 976 4197 filius
998 4184 1012 4210 ‚
1042 4146 1319 4196 Deionides
1341 4163 1371 4197 a

351 4220 557 4275 Deione
577 4236 745 4276 matre
765 4223 933 4277 dictus
950 4223 1182 4283 videtur.
1201 4242 1372 4293 quan-

352 4316 509 4365 quam
528 4319 590 4354 ea
609 4300 667 4354 in
686 4321 743 4358 re
765 4301 963 4355 mirum
978 4303 1034 4355 in
1051 4299 1273 4356 modum
1285 4306 1373 4358 ira·

2369 2083 2473 2151 450

1453 2263 1595 2316 riant
1627 2264 1849 2316 Veteres
1875 2282 1887 2315 :
1912 2261 2028 2315 vide
2059 2263 2378 2330 Interpretes
2409 2261 2475 2314 ad

1455 2340 1507 2393 h.
1527 2341 1560 2393 l.
1582 2351 1637 2393 et
1658 2341 1986 2393 Munkerum
2009 2339 2073 2392 ad
2101 2339 2355 2392 Lactantii
2374 2339 2477 2392 Ar·-

1457 2418 1656 2488 gusz
1665 2437 1831 2486 quum
1844 2418 1896 2470 in
1909 2417 2147 2471 adsectati
2162 2418 2307 2487 regni
2318 2418 2477 2486 suspi-

1456 2496 1662 2548 cionem
1682 2495 1943 2550 incidisset
1957 2536 1970 2561 ,
1989 2494 2235 2548 Minoem
2252 2505 2310 2547 ut
2328 2504 2477 2547 metu

1455 2573 1701 2627 liberaret
1721 2614 1736 2640 ‚
1763 2592 1883 2626 cum
1907 2575 2174 2627 sanctione
2199 2593 2290 2627 sua
2310 2573 2443 2643 sugit
2460 2612 2475 2638 ,

1455 2651 1706 2721 venitque
1731 2652 1787 2704 in
1811 2670 1959 2705 oram
1987 2651 2326 2705 Anactoriam
2343 2691 2358 2717 ,
2386 2651 2477 2703 ubi

1458 2729 1709 2784 Miletum
1735 2730 1984 2786 condidit.
2011 2731 2141 2784 Haec
2163 2732 2258 2801 ipsi
2282 2730 2479 2784 Milesii

1458 2808 1523 2862 de
1555 2809 1842 2879 originibus
1870 2810 1975 2863 suis
2009 2809 2299 2863 tradebant.
2324 2810 2479 2863 Pau-

1457 2908 1568 2941 san.
1589 2887 1796 2942 Achaic.
1811 2909 1859 2959 p.
1881 2892 1991 2956 524.
2014 2887 2215 2942 Confer
2236 2887 2477 2959 Apollod.

1460 2967 1576 3033 111,
1597 2985 1635 3030 1,
1656 2988 1699 3019 2.
1715 2967 1797 3020 De
1815 2968 1996 3019 Mileto
2009 2967 2127 3020 vide
2143 2978 2196 3020 et
2210 2965 2482 3042 verheyk.

1459 3042 1524 3095 ad
1548 3044 1749 3096 Anton.
1774 3044 1886 3097 Lib.
1906 3063 2017 3113 cap.
2041 3044 2122 3096 30.
2137 3071 2204 3084 -
2226 3045 2475 3107 Credens,·

1460 3121 1661 3192 Tanaq.
1705 3123 1874 3175 Faber
1908 3122 2153 3175 censebat
2195 3120 2481 3192 legendum

1458 3209 1713 3251 certus.—
1729 3200 1879 3269 Regii
1902 3200 2066 3252 nostri
2088 3200 2375 3253 credens.—
2389 3199 2484 3249 In-

1457 3283 1623 3345 surgit
1650 3282 1814 3345 :egnit
1832 3317 1845 3340 ,
1889 3277 1977 3346 qui
1998 3316 2014 3343 ,
2046 3276 2271 3330 factione
2310 3276 2441 3327 sacta
2465 3313 2481 3341 ,

1459 3376 1687 3427 regnum
1727 3358 1928 3427 eripere
1965 3368 2185 3410 conatur
2226 3354 2390 3408 alteri.
2417 3381 2483 3394 —

1461 3427 1844 3506 Patri'e’peaeates
1854 3438 1973 3490 alibi
1990 3436 2054 3489 de
2069 3436 2229 3488 domo
2246 3443 2482 3503 paterna,

1461 3534 1608 3568 nunc
1629 3515 1694 3569 de
1713 3516 1877 3585 patria
1892 3554 1907 3581 ,
1934 3532 2113 3583 regno.
2128 3513 2483 3577 Arcerepenae·

1461 3596 1623 3653 ubas,
1649 3593 1838 3661 ejicere
1854 3632 1869 3659 ,
1898 3592 2153 3660 expellere
2169 3608 2350 3659 regno.

1531 3673 1643 3738 447.
1657 3671 1838 3723 Metiri
1846 3688 2007 3737 aquas
2023 3708 2036 3730 ‚
2057 3687 2366 3738 percurrere
2383 3687 2489 3721 ma·

1462 3769 1519 3802 re
1538 3748 1689 3813 navi,
1711 3747 1952 3818 navigare
1970 3766 2065 3816 per
2078 3765 2239 3799 mare.
2260 3748 2485 3800 Homer.

1463 3849 1510 3879 v.
1536 3846 1578 3880 c.
1607 3825 1712 3880 Od.
1737 3836 1772 3880 Γ
1793 3865 1807 3892 ,
1845 3845 1937 3897 179
1954 3865 1968 3891 ,
2000 3829 2187 3893 πίληος
2209 3836 2401 3899 μετρεῖν.
2419 3851 2488 3864 -—

1464 3906 1659 3959 Moem'a
1695 3923 1803 3957 non
1830 3913 1954 3957 sunt
1986 3922 2189 3955 manem
2209 3943 2221 3964 ,
2260 3912 2317 3954 ut
2351 3901 2488 3955 Rod.

1463 3984 1648 4049 vertit,
1667 3982 1757 4036 sed
1776 3982 1917 4037 urbs.
1935 3984 2126 4034 Ponere
2139 3984 2325 4033 mania
2341 3978 2490 4048 phra-

1464 4064 1530 4116 sis
1553 4063 1704 4116 obvia
1724 4102 1739 4130 ,
1763 4061 1851 4115 sed
1878 4061 1977 4115 hoc
1998 4061 2112 4114 loco
2128 4078 2263 4112 nove
2276 4065 2489 4126 positor,

1465 4141 1730 4207 conditor,
1749 4152 1807 4193 ut
1826 4141 1961 4193 Fast.
1982 4139 2063 4206 11,
2085 4139 2150 4192 63
2164 4180 2179 4207 ,
2203 4142 2490 4205 templorum

1459 4224 1737 4290 pose'tor.-
1748 4222 1876 4280 Hic,
1904 4237 2067 4288 prope
2094 4217 2339 4271 Miletum
2357 4256 2372 4283 ,
2402 4217 2494 4270 ubi

1468 4302 1758 4355 Maeaudros
1793 4297 1820 4369 (
1844 4297 1913 4355 de
1952 4297 2100 4367 cujus
2131 4299 2498 4354 curvamim'bus
