3185 5138
660 562 789 630 290

1199 543 1276 606 Ρ.
1345 541 1706 609 ovum
1770 494 2223 613 NAsoNis

651 675 772 752 llle
807 676 1019 765 volat,
1051 658 1277 761 nullos
1310 678 1628 780 strepitus
1659 680 2053 759 facientibus
2084 679 2241 770 alis,

2680 711 2784 762 65«

648 795 776 867 Per
810 794 1109 879 tenebras
1130 851 1148 884 ,
1182 792 1490 897 intraque
1523 824 1727 875 morae
1759 796 1955 877 breve
1993 814 2255 899 tempus
2289 797 2362 877 in
2396 801 2633 879 urbem

649 910 950 985 Pervenit
982 911 1390 987 Haemoniam
1430 942 1445 985 :
1482 912 1852 1015 positisque
1888 941 1924 987 e
1957 942 2237 1015 corpore
2273 918 2511 1016 pennis

645 1028 726 1099 In
758 1026 988 1100 faciem
1020 1026 1251 1129 Ceycis
1288 1028 1466 1116 abit,
1501 1029 1842 1130 formaque
1874 1028 2001 1101 sub
2037 1025 2152 1102 illa

643 1142 967 1232 Luridus,
1005 1146 1321 1242 exsangui
1355 1143 1627 1232 similis,
1662 1144 1802 1219 sine
1833 1143 2132 1219 vestibus
2164 1142 2358 1233 ullis,

642 1261 965 1361 Coniugis
998 1279 1149 1336 ante
1186 1280 1403 1338 torum
1440 1261 1691 1337 miserae
1723 1261 1911 1336 stetit
1943 1291 1958 1333 :
1996 1260 2127 1333 uda
2158 1260 2418 1335 videtur

2668 1290 2770 1342 655

637 1378 857 1453 Barba
889 1379 1047 1467 viri,
1079 1378 1495 1479 madidisque
1531 1377 1745 1473 gravis
1779 1376 1980 1451 fluere
2010 1377 2191 1451 unda
2224 1376 2498 1479 capillis.

635 1498 811 1570 Tum
844 1494 1016 1568 lecto
1049 1494 1441 1571 incumbens
1460 1549 1480 1582 ,
1515 1493 1677 1569 fletu
1712 1521 1914 1594 super
1945 1521 2061 1569 ora
2089 1494 2312 1569 refuso
2331 1551 2351 1584 ,

638 1617 796 1689 Haec
826 1614 919 1687 ait
954 1643 970 1686 ε
1013 1645 1048 1678 «
1087 1613 1418 1709 Agnoscis
1451 1613 1696 1711 Ceyca,
1728 1610 2090 1685 miserrima
2126 1613 2414 1711 conjux?

639 1764 674 1796 »
718 1732 826 1805 An
859 1756 1003 1803 mea
1035 1747 1288 1802 mutata
1321 1745 1421 1802 est
1451 1727 1647 1829 facies
1681 1729 1888 1802 nece?
1916 1729 2201 1830 respice3
2235 1758 2510 1821 nosceS,

633 1880 667 1911 υ
707 1844 1148 1946 Inveniesque
1184 1861 1301 1919 tuo
1337 1872 1464 1945 pro
1498 1843 1780 1941 conjuge
1812 1844 2121 1942 conjugis
2160 1847 2483 1922 umbram.

2665 1874 2763 1925 66st

635 1998 670 2028 »
710 1963 824 2038 Nil
860 1964 1043 2064 opiS,
1081 1959 1455 2062 Halcyone,
1487 1960 1687 2034 nobis
1724 1979 1836 2034 tua
1869 1978 2023 2045 vota
2057 1960 2353 2036 tulerunt
2387 1994 2403 2037 ε

636 2116 669 2146 »
715 2079 1099 2155 Occidimus
1136 2107 1151 2151 :
1185 2075 1364 2152 salsae
1398 2075 1522 2150 tibi
1557 2104 1662 2150 me
1691 2076 2081 2178 promittere
2115 2077 2272 2151 noli.

629 2229 665 2262 »
705 2195 999 2270 Nubilus
1036 2195 1265 2291 AEgaeo
1301 2193 1655 2295 deprendit
1684 2194 1755 2267 in
1788 2221 2054 2296 aequore
2088 2195 2309 2269 navim

687 2369 805 2422 650.
817 2370 915 2420 Ille
921 2370 1168 2419 volatetc.
1176 2364 1298 2419 Non
1314 2361 1478 2416 modo
1489 2360 1642 2415 Som-

621 2466 747 2512 nus,
775 2445 868 2499 sed
889 2443 1051 2497 etiam
1079 2440 1301 2495 Somnia
1326 2445 1444 2495 alas
1467 2439 1642 2493 habe-

621 2529 776 2592 bant;
795 2523 1034 2595 Euripid.
1059 2522 1194 2578 Hec.
1216 2542 1271 2612 7¹
1289 2561 1305 2589 ,
1331 2526 1501 2580 nbrm
1517 2527 1642 2590 χθών

618 2611 1010 2681 μελανοπτερύγων
1030 2612 1175 2679 μᾶτερ
1196 2611 1407 2679 Ouelpa-v.
1432 2601 1641 2656 Secun-

621 2687 750 2739 dum
777 2685 988 2738 Lucian.
1011 2682 1061 2736 d.
1085 2682 1118 2734 l.
1141 2682 1196 2735 in
1226 2681 1460 2736 Somniis
1487 2690 1641 2734 erant

619 2766 777 2818 etiam
801 2770 1019 2832 crepunt
1033 2784 1163 2822 τινες.
1182 2789 1248 2802 -—
1263 2762 1446 2813 Nullos
1462 2765 1641 2826 strepi-

616 2857 700 2897 lus
716 2885 728 2907 ,
746 2862 816 2896 ne
830 2842 1077 2896 excitaret
1089 2839 1462 2894 dormientem.
1477 2839 1639 2909 Apud

551 2915 556 2920 .
618 2925 810 2980 Silium
834 2941 968 2975 vers.
990 2922 1089 2987 354
1103 2959 1118 2985 ,
1137 2939 1232 2985 per
1252 2925 1461 2974 tacitum
1487 2924 1636 2972 alla—

615 3008 753 3056 bitur
767 3017 1001 3053 somnus.
1019 3024 1086 3037 -·
1101 2997 1259 3056 Hora
1279 2999 1420 3050 breve
1443 3006 1639 3064 tempus

617 3100 742 3151 pro,
765 3077 937 3131 brevis
961 3074 1216 3145 temporis
1235 3092 1386 3126 mora
1400 3112 1414 3140 ,
1439 3074 1494 3126 id
1517 3085 1596 3128 est
1616 3114 1631 3140 ,

548 3186 552 3190 ·
613 3163 772 3213 breve
803 3165 1041 3224 tempus;
1067 3151 1185 3206 vide
1211 3151 1276 3204 ad
1301 3150 1410 3216 lx,
1444 3151 1639 3217 134.—

617 3237 796 3288 Urbem
812 3273 826 3286 .
843 3271 855 3281 .
873 3270 886 3283 .
905 3233 1232 3283 Harmoniam.
1253 3227 1483 3297 Scaliger
1504 3246 1633 3281 ma-

611 3317 749 3369 lebat
761 3317 948 3367 urbem.
964 3351 974 3364 .
988 3349 1000 3361 .
1018 3303 1448 3379 &eitun—Regii
1465 3310 1632 3362 nostri

612 3397 925 3449 Hemoniam.
951 3388 1052 3442 Ed.

672 3472 787 3526 653.
811 3471 870 3522 In
879 3468 1074 3534 factem
1099 3465 1291 3536 Ceycaelr.
1317 3462 1473 3519 cons.
1493 3465 1633 3517 Vir-

607 3549 786 3619 gilius,
815 3545 938 3599 AEn.
965 3542 1053 3612 ll',
1082 3543 1177 3597 268
1199 3562 1294 3612 sqq
1311 3582 1326 3609 ,
1354 3542 1441 3595 ubi
1466 3543 1625 3595 etiam

609 3627 814 3680 Hector
848 3636 956 3677 tam
988 3622 1129 3676 soedo
1158 3620 1339 3674 habitu
1377 3631 1623 3690 apparet,

605 3725 712 3777 quo
735 3725 764 3757 e
790 3705 894 3757 vita
918 3711 1201 3756 excesserat
1230 3722 1244 3764 ς
1284 3701 1401 3754 vide
1437 3700 1501 3753 ad
1531 3701 1581 3753 X
1607 3740 1621 3767 ,

605 3786 698 3856 49:
727 3779 859 3834 adde
885 3778 1157 3832 Tibullum
1178 3818 1193 3845 ,
1222 3778 1276 3832 11
1294 3816 1309 3843 ,
1334 3794 1394 3830 vx
1412 3817 1427 3844 ,
1456 3778 1535 3852 39.
1557 3805 1626 3820 -

601 3861 762 3913 Abire
777 3859 842 3911 de
860 3854 1340 3920 transformatione,
1357 3865 1416 3907 ut
1433 3856 1459 3907 1
1475 3895 1491 3920 ,
1510 3854 1622 3907 236.

600 3937 951 4001 -Fotmaqne
973 3936 1064 3985 sub
1086 3936 1183 3986 illa
1204 3931 1350 3985 dedit
1371 3931 1623 3985 Heinsius

601 4033 661 4066 ex
674 4013 847 4082 primo
863 4010 1166 4077 Basileensi,
1184 4009 1430 4063 Arondel.
1446 4010 1620 4079 primo

603 4090 799 4144 Moreti
828 4100 883 4143 et
906 4088 1088 4142 decem
1111 4087 1250 4141 aliis:
1273 4090 1440 4142 nostri
1466 4089 1621 4158 Regii*

599 4163 796 4219 habent
815 4176 1110 4235 sumptaque
1110 4170 1303 4235 figura,
1331 4184 1446 4235 que
1465 4166 1619 4219 lectio

600 4254 817 4316 propter
834 4244 1216 4312 simplicitatem
1239 4244 1617 4297 recentioribus

599 4321 857 4393 displicuit
879 4344 892 4388 ς
919 4341 1080 4390 quare
1098 4321 1450 4381 emendarunt
1469 4334 1518 4375 et
1539 4323 1615 4374 al-

1739 2371 1908 2414 teram
1945 2359 2227 2415 dederunt.
2246 2360 2345 2414 Ed.
2382 2390 2449 2402 —
2476 2365 2752 2431 Exsaengnet

1742 2436 1924 2491 Codex
1948 2438 1995 2492 B
2017 2443 2265 2501 exanimi,
2306 2438 2450 2509 prius
2472 2450 2692 2509 prutat.

1800 2516 1915 2571 655.
1941 2517 2072 2571 Uda.
2088 2516 2298 2571 Mitsch.
2316 2518 2755 2589 tandm—Proprie

1736 2593 1904 2664 capilli
1914 2613 2091 2663 graves
2101 2595 2284 2648 referti
2299 2599 2439 2648 unda
2448 2615 2467 2662 ,·
2481 2595 2607 2649 hinc
2625 2617 2754 2667 aqua

1734 2672 1843 2743 ipsa
1864 2672 1989 2726 inde
2008 2672 2247 2726 defluens
2260 2680 2446 2741 smack,
2471 2676 2692 2746 copiosa.

1800 2750 1913 2805 658.
1946 2752 2076 2803 Hoc
2104 2756 2197 2803 ait.
2241 2751 2494 2806 Heinsius
2529 2754 2753 2807 malebat

1732 2829 2086 2889 huncnefas't,
2112 2833 2379 2896 agnoscis,
2413 2840 2473 2882 ut
2487 2831 2567 2884 VI
2587 2869 2602 2896 ,
2628 2833 2747 2900 273,

1731 2905 1841 2958 lec
1854 2907 2029 2960 Niobe.
2054 2906 2220 2959 Paulo
2246 2917 2366 2960 ante
2390 2906 2598 2976 plurimi
2612 2928 2747 2976 pm-

1718 2983 1948 3050 suso.—-
1972 2985 2124 3055 Regii
2152 2987 2317 3039 nostri
2342 2986 2495 3039 ambo
2509 2987 2740 3052 profuso,

1731 3065 1857 3117 Hoc
1887 3071 2009 3129 ac't,·
2054 3065 2145 3119 sed
2188 3065 2346 3120 codex
2382 3067 2426 3119 B
2459 3085 2489 3118 a
2516 3067 2743 3120 secunda

1730 3151 1894 3195 manu
1918 3143 2077 3197 habet
2097 3144 2278 3212 refuso.
2556 3167 2561 3168 ⁷

1792 3220 1907 3274 660.
1954 3223 2063 3274 Tuo
2090 3242 2188 3289 pm
2225 3222 2449 3290 conjuge.
2491 3220 2743 3277 Arondel.

1725 3309 1832 3353 toto
1854 3320 1950 3368 pro
1975 3322 2190 3369 corpore.
2228 3302 2479 3356 Heinsius
2510 3312 2625 3357 noto
2651 3325 2747 3372 pro

1724 3395 1960 3446 carpum
1989 3379 2286 3433 Burmann.
2309 3382 2619 3451 conjiciebat
2641 3394 2741 3438 tolo

1714 3477 1811 3526 pm
1832 3477 2035 3527 corpore
2053 3466 2274 3528 corporis
2290 3465 2528 3515 umbram.

1788 3537 1903 3590 662.
1941 3539 2109 3591 Falsa
2149 3538 2454 3592 emendavit
2492 3541 2741 3594 Heinsius

1721 3634 1820 3686 pro
1819 3617 1971 3684 salso
1988 3618 2118 3685 (hoc
2134 3618 2330 3672 babent
2345 3619 2510 3673 nostri
2535 3620 2685 3690 Regii
2702 3623 2737 3686 ).

1729 3697 1832 3756 Tu,
1861 3714 1977 3764 quae
1993 3696 2180 3750 falleris
2197 3699 2332 3750 votis
2352 3698 2455 3751 tuis
2468 3737 2483 3764 ,
2500 3698 2610 3752 noli
2629 3719 2738 3768 spe·

1720 3794 1836 3828 rare
1862 3794 1949 3829 me
1971 3777 2064 3831 tibi
2091 3776 2405 3830 rediturum.
2420 3805 2486 3819 --
2502 3782 2739 3847 Depren-

1719 3856 1833 3905 dere
1853 3856 2064 3924 proprie
2097 3855 2164 3907 de
2193 3856 2363 3909 subita
2397 3866 2703 3925 tempestate
2721 3896 2736 3923 ,

1719 3952 1835 4002 quae
1865 3935 2167 4005 navigantes
2192 3936 2455 4004 opprimit.
2479 3964 2546 3976 —
2566 3938 2738 4004 AEgaeo

1715 4016 1770 4063 in
1791 4031 2008 4079 aquom.
2051 4013 2103 4066 in
2135 4013 2267 4065 mari
2294 4012 2506 4083 AEgaeO,
2541 4013 2681 4082 quod
2706 4035 2735 4066 e

1713 4088 1831 4142 sinu
1852 4088 2073 4144 Maliaco
2084 4091 2179 4143 sub
2200 4091 2474 4156 Heraclea,
2495 4108 2586 4143 seu
2604 4091 2731 4142 Tra-

1713 4165 1866 4219 chine
1904 4167 2124 4220 solventi
2167 4166 2533 4236 trajiciendum
2569 4177 2645 4219 est
2675 4165 2728 4217 in

1712 4243 1921 4296 Ioniam
1942 4246 2207 4315 naviganti
2229 4267 2242 4309 3
2268 4265 2424 4316 supra
2458 4263 2587 4297 vers.
2619 4242 2727 4310 478.

1713 4322 1956 4391 Namque
1992 4324 2235 4394 AEgaeum
2261 4345 2407 4379 unare
2444 4324 2551 4377 duo
2586 4319 2727 4376 alluit
