3185 5138
724 540 1412 610 METAMORPH
1434 540 1784 611 OSEON
1829 545 2020 612 LIB.
2075 547 2211 613 IX.

2462 520 2627 615 θεῖ’

409 714 448 747 »
491 678 680 779 Quid
712 681 854 755 fore
894 698 957 754 te
985 680 1199 755 credis
1220 736 1239 770 ‚
1275 680 1517 755 falsum
1552 683 1670 783 qui
1700 710 1928 756 versus
1963 683 2034 757 in
2070 713 2353 781 anguem
2489 708 2555 779 75

410 830 450 863 ³>
491 800 696 872 Arma
729 796 943 872 aliena
976 826 1241 884 moves»,
1281 828 1478 900 quem
1514 798 1727 874 forma
1757 801 2052 901 precaria
2086 801 2304 876 celat?
2340 835 2376 869 >2

403 913 684 988 Dixerat
713 943 729 1001 ;
765 932 833 989 et
864 942 1127 989 summo
1166 916 1529 1012 digitorum
1559 917 1824 993 vincula
1854 917 2034 993 collo

404 1031 671 1128 Injicit:
706 1033 1000 1128 angebar
1022 1089 1041 1120 ,
1073 1061 1194 1107 ceu
1229 1049 1498 1128 guttura
1531 1032 1786 1136 forcipe
1819 1063 2128 1136 pressus»,

403 1144 915 1248 Pollicibusque
949 1178 1128 1223 meas
1158 1149 1541 1251 pugnabam
1577 1149 1852 1225 evellere
1891 1150 2132 1226 fauces.

505 1262 616 1335 Sic
654 1257 927 1364 quo'que
962 1264 1221 1339 devicto
1260 1265 1555 1340 restabat
1587 1266 1780 1344 tertia
1813 1266 1984 1342 tauri
2491 1291 2559 1344 8ο

403 1377 646 1452 Forma
679 1380 886 1453 trucis
919 1410 935 1453 :
969 1397 1160 1455 tauro
1193 1399 1490 1457 mutatus
1518 1383 1818 1457 membra
1851 1382 2129 1458 rebello.

402 1559 631 1632 hydram
664 1561 961 1618 Lernaeam.
993 1565 1130 1619 Eam
1152 1564 1312 1637 igitur
1335 1566 1428 1620 de·-

401 1639 613 1707 scribit,
640 1652 695 1696 et
716 1643 884 1712 capita
915 1645 1028 1714 ejus
1055 1657 1273 1700 centum
1302 1646 1424 1699 vul-

402 1719 621 1773 neribus
637 1721 862 1775 secunda
873 1724 979 1776 suis
994 1724 1291 1791 commode,
1313 1724 1426 1796 opi-

401 1816 521 1864 nor,
545 1817 668 1852 cum
687 1798 786 1854 hoc
800 1819 910 1854 uno
929 1803 1299 1857 transformato
1315 1823 1425 1858 ser-

402 1887 564 1945 pente
600 1888 883 1948 comparat.
919 1880 1107 1950 Neque
1140 1901 1298 1952 porro
1328 1902 1424 1953 ego

400 1965 586 2025 putem
612 1995 628 2023 ,
666 1957 918 2028 frigidum
942 1979 1051 2014 esse
1072 1960 1247 2014 lusum
1269 1962 1426 2015 Her-

398 2033 620 2103 culeque
644 2034 926 2106 indignum
947 2036 1003 2090 in
1028 2038 1228 2105 verbis,
1256 2040 1434 2092 domui

397 2115 736 2184 domitamque
748 2122 965 2183 peremi.
1001 2117 1108 2185 (sic
1127 2137 1263 2170 vers.
1293 2123 1386 2190 ¹95
1405 2156 1422 2186 ,

388 2197 640 2259 presepia
657 2196 782 2256 vidi,
804 2199 1011 2264 visaque
1024 2196 1203 2262 dejeci,
1223 2206 1423 2266 etsaepe

285 2303 300 2322 t
400 2271 541 2341 apud
558 2272 879 2340 Nostrum),
911 2274 1425 2345 autimprobandum

399 2371 721 2422 magnopere
742 2353 799 2407 in
824 2353 922 2407 hac
944 2357 1178 2409 oratione
1203 2357 1427 2409 vocabu·

400 2430 513 2482 lum
533 2450 800 2486 ramosam.
827 2432 1037 2501 Quidni
1056 2435 1216 2487 etiam
1244 2435 1299 2486 in
1316 2455 1427 2488 ser-

400 2531 560 2566 mone
585 2511 890 2583 quotidiano
906 2525 1206 2569 monstrum
1229 2520 1428 2571 πολυκί-

401 2600 539 2665 qula·
561 2612 684 2646 cum
717 2594 877 2648 ramis
898 2595 1096 2648 arboris
1118 2615 1424 2665 comparare

395 2667 592 2722 liceat?
615 2670 865 2742 Virgilius
881 2710 898 2739 ,
923 2671 1137 2726 AEneid.
1162 2673 1304 2737 Vll,
1323 2673 1421 2739 30,

394 2769 601 2803 ramosa
624 2770 840 2816 cornua,
883 2762 940 2806 et
968 2754 1063 2825 189
1077 2791 1093 2820 ,
1124 2771 1314 2807 cornua
1335 2774 1423 2806 ae*-

397 2831 551 2881 borea
585 2834 732 2883 cervi.

471 2910 549 2975 75.
601 2912 744 2975 Quid
751 2908 866 2975 son·
885 2920 935 2964 te
957 2914 1135 2964 credis.
1172 2910 1424 2966 Heinsius

400 3004 463 3039 ex
504 2985 815 3042 Florentino
841 2988 1025 3043 Sancti
1060 2988 1232 3042 Marci
1257 3028 1274 3055 ,
1316 3008 1424 3042 uno

397 3063 680 3132 Leidensi,
719 3064 1000 3120 Graeviano
1019 3104 1033 3131 ,
1075 3066 1248 3135 primo
1273 3066 1425 3119 Pala-

400 3143 514 3197 tino
526 3154 582 3197 et
597 3142 888 3198 Oxoniensi
907 3144 1105 3214 recepit
1119 3146 1314 3205 credas,
1331 3142 1423 3196 sed

399 3219 547 3273 nullo
580 3222 696 3290 jure
721 3243 735 3286 ;
781 3222 1091 3275 indicativus
1113 3222 1259 3274 enim
1284 3222 1422 3275 bene

398 3320 452 3352 se
478 3299 635 3354 habet
651 3321 664 3363 ;
683 3300 816 3367 duo,
835 3304 1020 3354 credes.
1034 3330 1102 3341 —
1117 3301 1314 3372 Regius
1337 3301 1385 3354 A
1403 3338 1419 3367 ,

396 3381 569 3432 credes
587 3396 606 3443 ‚·
635 3378 834 3450 Regius
854 3378 899 3431 B
915 3416 932 3446 ,
954 3382 1424 3433 credaekoe-Falsum

400 3457 632 3511 duorum
648 3457 814 3512 MSS.
829 3458 1135 3512 auctoritate
1147 3496 1163 3523 ,
1192 3455 1423 3509 Medicei

399 3549 454 3590 et
484 3537 835 3608 Langerman.
871 3536 1214 3590 Burmannus
1237 3546 1422 3589 muta-

399 3617 478 3671 vit
509 3618 564 3671 in
588 3621 751 3671 solum
771 3657 787 3681 ‚
828 3627 890 3670 ut
913 3637 1032 3686 opp.
1067 3616 1250 3687 hydrae
1273 3614 1425 3669 mul-

400 3706 578 3749 torum
599 3697 830 3764 capitum
848 3704 904 3748 et
918 3696 1053 3750 natis
1069 3715 1098 3749 e
1118 3695 1260 3749 caede
1281 3694 1425 3749 colu-

400 3772 523 3827 bris.
547 3773 661 3844 Ego
674 3772 1009 3840 verofitlsum
1026 3773 1278 3827 revocavi.
1297 3772 1426 3826 Ete-

401 3852 516 3905 nim
538 3851 643 3904 duo
656 3862 812 3922 urget
833 3850 1110 3917 Achelous,
1137 3860 1195 3903 tu
1220 3860 1273 3904 et
1295 3869 1426 3903 unus

400 3947 456 3981 es
489 3938 542 3981 et
559 3927 741 3995 salsus
769 3946 1002 3998 serpens.
1052 3930 1164 3982 Um·
1185 3927 1425 3997 opposuit

400 4006 568 4076 capita
592 4006 826 4061 Lerna-,a
851 4007 1051 4080 hydrae.
1076 4007 1235 4061 Nunc
1259 4005 1323 4060 ad
1351 4007 1425 4060 al-

403 4098 577 4141 terum
601 4126 616 4153 ,
643 4088 705 4141 ad
712 4088 944 4157 filmer,
976 4086 1178 4141 transit.
1202 4086 1268 4139 Ei
1293 4084 1426 4140 nihil

400 4166 639 4235 opponit,
659 4165 750 4220 sed
768 4166 963 4237 premit
979 4166 1252 4221 notionem
1250 4165 1428 4233 salsi,

402 4245 535 4301 dum
556 4268 701 4300 arma
726 4252 901 4301 aliena
924 4258 978 4301 et
986 4248 1214 4316 sormam
1229 4263 1424 4315 preca-

400 4328 530 4379 riam
555 4325 701 4380 addit
714 4365 731 4396 ‚
749 4325 806 4381 in
822 4326 1007 4398 quibus
1024 4346 1139 4381 non
1156 4334 1236 4383 est
1250 4334 1421 4380 tauto·

1521 1567 1656 1638 logia
1671 1567 1866 1622 vitiosa.
1884 1567 2214 1622 Vocabulum
2217 1570 2400 1639 salsus
2421 1571 2552 1625 Nos·

1523 1656 1607 1700 ter
1621 1657 1760 1699 amat
1777 1647 1828 1699 in
1849 1646 2206 1702 describendis
2217 1651 2549 1704 transforma·

1522 1726 1792 1788 tionibusz
1833 1726 1952 1780 vide
1979 1726 2045 1779 ad
2074 1728 2188 1794 Vl,
2225 1729 2304 1781 26.
2340 1729 2409 1782 Et
2444 1729 2553 1783 vidi

1521 1803 1682 1855 etiam
1708 1822 1737 1855 a
1768 1803 2059 1857 Mitscherl.
2096 1804 2340 1859 eamdem
2366 1806 2548 1860 lectio-

1521 1898 1648 1933 nem
1664 1900 1773 1935 esse
1798 1894 2083 1952 receptam.
2098 1912 2165 1925 —
2176 1886 2340 1938 Arma
2354 1906 2538 1947 moves,

1522 1959 1759 2028 linguam
1793 1960 1966 2014 vibras
1986 2001 2001 2027 ‚
2049 1972 2109 2015 ut
2145 1983 2298 2017 versu
2323 1964 2423 2030 65,
2457 1975 2549 2018 aut

1523 2038 1745 2093 omnino
1769 2077 1785 2105 ‚
1832 2059 2067 2110 pugnam
2096 2041 2391 2105 minitaris;
2419 2043 2551 2096 Vir-

1522 2116 1674 2186 gilius
1698 2156 1714 2184 ‚
1764 2117 1890 2171 AEn.
1919 2119 2028 2173 ΧΠ
2048 2157 2063 2185 ,
2101 2119 2135 2171 6
2160 2159 2176 2186 ,
2222 2129 2385 2174 movet
2405 2139 2552 2173 ama

1519 2199 1616 2250 leo.
1638 2223 1707 2236 -
1731 2199 1975 2251 Precatio
2000 2239 2013 2259 ,
2062 2197 2244 2251 aliena.
2268 2227 2336 2237 —
2365 2201 2552 2252 Forma

1521 2277 1659 2328 cela!
1680 2293 1805 2328 eum
1829 2315 1845 2342 ,
1890 2276 1981 2344 qui
2017 2276 2071 2328 in
2099 2296 2215 2329 eam
2248 2277 2466 2342 transit,
2495 2287 2549 2331 et

1521 2355 1731 2424 proprie
1757 2354 1973 2423 quidem
1998 2373 2061 2408 eo
2081 2355 2294 2409 consilio
2315 2394 2330 2421 ,
2369 2364 2430 2409 ut
2461 2355 2549 2407 la·-

1522 2443 1663 2496 teatz
1688 2432 1762 2488 sic
1784 2431 1854 2498 V,
1879 2433 1978 2486 326
1992 2472 2007 2499 ,
2033 2436 2111 2487 Et
2124 2452 2182 2485 se
2205 2437 2427 2486 mentitis
2448 2435 2548 2486 Su·-

1512 2530 1664 2581 pems
1695 2515 1890 2566 celasse
1891 2515 2097 2581 figuris.
2136 2511 2314 2566 Multo
2336 2511 2548 2567 suavius

1520 2592 1683 2646 verbo
1694 2595 2014 2646 deksehularc
2030 2611 2153 2647 usus
2174 2592 2324 2647 estin
2346 2591 2444 2646 hac
2462 2612 2542 2657 re,

1523 2675 1578 2729 11
1601 2714 1617 2741 ,
1651 2675 1750 2744 374
1773 2714 1789 2741 ,
1819 2684 1874 2729 et
1899 2674 2119 2729 Her-oid.
2146 2674 2246 2741 lv,
2272 2677 2365 2742 ¹04
2389 2713 2406 2743 ,
2451 2675 2543 2729 ubi

1519 2763 1667 2807 tanto
1696 2756 2052 2807 daezesebmlante
2085 2756 2266 2808 Deum.

1588 2853 1667 2903 77.
1691 2835 1981 2900 Digitorum
2014 2836 2225 2886 wincela
2246 2832 2498 2901 exquisite
2524 2872 2540 2900 ‚

1518 2909 1666 2981 digiti
1689 2949 1704 2976 ,
1747 2921 2006 2980 quatenus
2033 2911 2094 2965 iis
2126 2911 2382 2965 tenaciter
2410 2930 2536 2981 pre-

1519 2989 1697 3042 mebat
1737 3008 1965 3059 anguem
1992 2990 2186 3044 :etiam
2218 3009 2373 3044 versu
2399 2991 2496 3044 315
2526 3029 2542 3056 ,

1518 3070 1693 3119 w‘ncla
1708 3107 1722 3129 ‚
1763 3066 1910 3137 digiti
1933 3067 2067 3120 nexi.
2080 3095 2148 3107 —
2166 3069 2366 3120 Summo
2380 3071 2514 3121 collo
2528 3108 2542 3127 .

1517 3163 1587 3198 ne
1613 3144 1857 3199 mordere
1881 3156 2065 3215 posset.
2091 3145 2224 3200 Rod.
2246 3146 2373 3198 :den
2401 3148 2542 3197 Παίς

1516 3227 1613 3275 mit
1631 3225 1729 3275 den
1752 3225 2140 3292 ffihgerspt'tten.
2167 3223 2312 3291 quasi
2338 3221 2544 3291 legisset

1516 3320 1832 3356 summorum.
1860 3330 1927 3342 —
1950 3305 2097 3369 Angi
2114 3300 2322 3371 proprie
2349 3299 2414 3353 de
2440 3300 2501 3353 iis
2526 3338 2542 3365 ,

1519 3398 1746 3450 quorum
1770 3388 1980 3449 guttura
2000 3379 2426 3449 comprimuntur
2442 3418 2457 3446 ,
2483 3388 2549 3432 ut

1516 3459 1759 3530 spiritum
1777 3458 1974 3515 ducere
1985 3467 2269 3527 nequeant.
2291 3458 2416 3511 Mox
2435 3457 2541 3512 Ca·

1518 3539 1789 3608 poserreus
1819 3536 2106 3607 legendum
2140 3546 2319 3591 censet
2358 3535 2544 3590 ordine

1517 3615 1799 3669 verborum
1809 3625 2013 3668 mutato
2030 3614 2326 3682 censorctgoe
2335 3622 2544 3682 guttura

1507 3713 1720 3763 pressus
1736 3735 1750 3757 ‚
1790 3692 1911 3764 quia
1943 3694 2388 3764 comparationem
2426 3712 2536 3746 non

1517 3773 1681 3827 sumit
1702 3792 1729 3825 a
1752 3791 1928 3842 presso
1962 3782 2170 3842 gutture
2193 3810 2209 3839 ,
2257 3772 2349 3826 sed
2383 3791 2541 3841 pres-

1520 3850 1679 3904 sionis
1705 3869 1733 3903 a
1755 3850 1966 3919 forcipe.

1585 3932 1666 3982 80.
1691 3932 1903 3983 Devicta
1925 3932 2152 3982 restabat
2165 3932 2316 3981 tertia
2335 3938 2433 3981 etc.
2461 3926 2541 3980 Ex

1518 4006 1718 4075 legibus
1735 4007 1857 4060 artis
1880 4008 2165 4061 luctatoriae
2187 4024 2350 4059 nemo
2375 4004 2541 4061 victor

1517 4086 1705 4152 exibat,
1723 4085 1820 4139 nisi
1842 4096 1922 4139 ter
1938 4086 2293 4139 adversarium
2312 4095 2541 4155 prostra-

1518 4163 1687 4218 visset.
1707 4165 1905 4218 BURDI-
1921 4165 2054 4239 {nde
2077 4168 2264 4241 τριάξοιι
2279 4176 2331 4217 et
2354 4166 2541 4242 ἀποτρι-

1519 4257 1633 4311 αξαι
1655 4242 1924 4296 victoriam
1951 4242 2320 4313 deportare.—
2346 4246 2539 4305 Taum,

1517 4323 1573 4378 in
1592 4326 2136 4390 taurum—Hebrum
2159 4323 2410 4378 Heinsius
2424 4340 2547 4377 con·
