3185 5138
618 493 623 496 ’
673 506 808 592 540
1235 508 1316 573 P.
1370 505 1728 575 ovum
1779 504 2246 576 NASONIS

672 651 1023 723 Murmura
1056 646 1305 748 pinetis
1331 647 1545 735 fiunt;
1579 665 1699 721 aut
1730 646 1951 747 qualia
1986 647 2225 721 fluctus
2821 751 2824 752 γ

673 765 999 865 AEquorei
1034 766 1324 853 faciunt,
1362 766 1418 838 si
1455 764 1608 865 quis
1644 764 1880 865 procul
1911 764 2134 838 audiat
2164 761 2366 850 illos3
2735 787 2848 839 605

675 882 837 958 Tale
875 902 1067 960 sonat
1096 883 1394 986 populus
1425 913 1441 957 ε
1475 883 1592 956 sed
1622 911 1744 984 per
1778 883 2051 956 confusa
2085 880 2429 956 frementis
2538 911 2542 916 ·

674 999 902 1072 Verba
941 1016 1153 1072 tamen
1194 995 1376 1092 vulgi
1410 1025 1537 1070 vox
1573 998 1819 1071 eminet
1850 1026 2020 1086 una,
2067 1031 2104 1062 «
2146 998 2323 1095 Quis
2355 994 2521 1071 ille?
2551 1029 2589 1062 υ

676 1117 771 1190 Et
806 1134 1106 1217 spectant
1138 1115 1433 1201 fronteS‚
1471 1114 1919 1215 praedictaque
1950 1143 2199 1188 cornua
2235 1131 2561 1214 quaerunt.

677 1233 943 1306 Rursus
968 1232 1052 1305 ad
1077 1231 1207 1305 bos
1230 1230 1478 1332 Cipus;
1519 1263 1554 1295 «
1589 1232 1810 1327 Quem
1831 1231 2108 1330 poscitis
2126 1286 2146 1318 ‚
2182 1230 2436 1330 inquit,
2461 1229 2762 1319 habetis,
2790 1265 2830 1298 u
2863 1281 2870 1285 -

677 1351 805 1435 Et,
843 1345 1061 1422 demta
1095 1346 1339 1447 capiti,
1370 1345 1632 1447 populo
1664 1346 2067 1446 probibente
2089 1404 2108 1436 ‚
2143 1374 2422 1436 corona,
2730 1372 2837 1424 διο

676 1464 1006 1538 Exhibuit
1039 1463 1301 1560 gemino
1327 1463 1682 1564 praesignia
1719 1480 2019 1563 tempora
2051 1490 2280 1536 cornu.

673 1578 1017 1652 Demisere
1052 1577 1285 1652 oculos
1321 1605 1586 1664 omne8‚
1627 1577 2077 1677 gemitumque
2113 1576 2347 1651 dedere
2367 1632 2386 1666 ,

673 1694 903 1793 Atque
938 1691 1106 1766 illud
1140 1692 1391 1768 meritis
1422 1691 1673 1767 clarum
1709 1692 1915 1795 (quis
1951 1693 2210 1769 credere
2247 1694 2562 1796 possit?)

681 1809 887 1882 Inviti
923 1808 1145 1881 videre
1178 1824 1379 1908 caput
1408 1837 1423 1880 :
1451 1837 1575 1881 nec
1606 1808 1866 1884 honore
1894 1839 2110 1885 carere

684 1921 986 1997 Ulterius
1023 1924 1243 2026 passi,
1279 1922 1514 1999 festam
1549 1924 1922 2027 imposuere
1960 1955 2296 2003 coronam.

2517 1993 2550 2016 s
2732 1949 2837 2002 615

682 2043 780 2116 At
808 2069 1157 2143 procere5‚
1196 2039 1511 2142 quoniam
1546 2070 1776 2117 muros
1810 2044 2055 2119 intrare
2089 2043 2371 2136 reseris,
2436 2029 2494 2109 1²
2552 2103 2568 2117 .

684 2159 891 2232 Ruris
924 2157 1240 2232 honorati
1278 2175 1533 2231 tantum
1570 2159 1738 2248 tibi,
1772 2160 1976 2260 Cipe,
2014 2158 2289 2248 dedere,

646 2321 647 2324 π
686 2276 1036 2372 Quantum
1071 2276 1386 2377 depresso
1418 2275 1740 2375 subjectis
1770 2275 1998 2350 bubus
2031 2294 2251 2351 aratro

689 2390 1066 2493 Complecti
1101 2421 1334 2493 posses
1372 2392 1455 2465 ad
1487 2393 1683 2467 finem
1717 2392 1880 2467 solis
1916 2393 2000 2467 ab
2038 2410 2190 2467 ortu
2220 2422 2238 2465 ε

696 2509 1101 2610 Cornuaque
1134 2509 1349 2584 aeratis
1369 2566 1388 2598 ‚
1423 2509 1656 2585 miram
1690 2510 2039 2587 referentia
2069 2510 2381 2600 formam,
2738 2536 2846 2589 620

689 2626 1018 2700 Postibus
1048 2624 1438 2727 insculpunt
1459 2682 1478 2715 ‚
1516 2625 1795 2722 longum
1823 2656 2129 2703 mansura
2163 2657 2285 2730 per
2320 2656 2549 2703 aevum.

789 2747 941 2818 vll.
982 2744 1264 2819 Pandite
1296 2773 1514 2833 nunc,
1549 2746 1802 2835 Musae,
1850 2747 2201 2847 praesentia
2238 2744 2513 2820 numina
2540 2763 2766 2820 vatum
2792 2803 2815 2836 ,

693 2940 786 2995 sed
803 2960 903 2995 nec
919 2941 1189 3012 vulgatum
1205 2942 1441 2996 damnat.
1457 2945 1556 2998 Ed.
1568 2942 1720 2997 —De

693 3019 971 3073 succinctis
994 3018 1113 3072 vide
1142 3019 1204 3072 ad
1234 3022 1283 3072 X
1303 3058 1318 3085 ,
1350 3021 1459 3073 103.

760 3099 876 3153 610.
900 3102 1092 3166 Populo
1106 3102 1409 3166 probibente.
1435 3099 1538 3152 Hic
1555 3099 1724 3154 haese-

697 3186 827 3229 runt
861 3176 1176 3247 interpretes
1212 3195 1225 3229 :
1271 3195 1436 3245 quum
1477 3177 1534 3229 in
1574 3176 1721 3230 MSS

699 3255 845 3310 nulla
866 3256 934 3309 sit
958 3255 1177 3311 varietas
1194 3296 1209 3323 ,
1237 3257 1579 3310 Burmannus
1602 3274 1726 3309 con·

698 3333 811 3402 jicit
826 3338 1015 3403 populo
1038 3339 1277 3397 mirante,
1318 3342 1604 3402 spectante,
1643 3332 1726 3386 vel

699 3413 869 3467 simile
899 3412 1093 3483 aliquid
1115 3435 1129 3478 ;
1155 3413 1290 3467 male
1308 3433 1322 3467 ι
1335 3415 1628 3480 prohibente
1647 3421 1728 3465 est

703 3490 983 3559 prohibere
1024 3491 1265 3557 volente,
1298 3510 1492 3561 nempe
1519 3491 1730 3544 clamo-

702 3569 847 3622 ribus
873 3569 977 3623 suis
1003 3608 1019 3635 ,
1053 3569 1222 3622 invito
1260 3568 1471 3639 populo.
1503 3568 1730 3623 Nolebat

704 3646 926 3717 populus
966 3658 1074 3701 tam
1107 3647 1308 3703 clarum
1338 3647 1540 3702 meritis
1573 3656 1731 3716 caput

701 3744 897 3779 corona
920 3725 1128 3794 privari.
1148 3727 1331 3795 Itaque
1361 3745 1541 3779 rursus
1562 3726 1611 3778 ei
1633 3730 1733 3776 im-

697 3804 1097 3873 ponuntseslam
1122 3823 1374 3856 coronam.
1400 3803 1561 3857 Plane
1583 3802 1658 3856 sic
1677 3822 1734 3857 se

697 3885 993 3949 prohibente
1006 3882 1193 3951 legitur
1211 3884 1282 3948 V,
1302 3885 1382 3949 45.
1408 3879 1595 3950 Populi
1609 3901 1735 3935 sen-

707 3982 793 4017 sus
813 3982 936 4016 mox
953 3963 1088 4016 bene
1107 3950 1376 4032 expressus
1392 4001 1408 4028 ‚
1436 3962 1527 4016 sed
1554 3962 1733 4032 inepte

712 4039 948 4094 additum
967 4081 982 4108 ,
1007 4046 1120 4110 quis
1142 4044 1338 4095 credere
1349 4046 1521 4109 possit
1537 4042 1568 4094 ?

774 4117 891 4171 620.
905 4123 1386 4189 AEates...postibus.
1408 4117 1492 4171 An
1500 4129 1549 4172 te
1569 4117 1735 4172 Hein-

711 4194 851 4248 sium
866 4197 1120 4251 edebatur
1138 4203 1360 4262 auratt's,
1378 4196 1521 4267 quod
1540 4196 1737 4250 babent

714 4295 900 4333 omnes
916 4277 1034 4334 libri
1048 4281 1223 4350 scripti
1240 4303 1255 4350 ς
1280 4281 1380 4337 hoc
1397 4280 1620 4334 mutavit
1636 4278 1740 4334 du·

1818 2954 1931 2998 ctus
1946 2983 1960 3009 ,
1979 2953 2038 2997 ut
2054 2943 2152 3009 ait,
2170 2943 2374 2996 ratione
2395 2952 2448 2997 et
2461 2942 2568 2996 fide
2580 2942 2814 3009 historiae
2827 2978 2845 3007 ,

1819 3041 1980 3092 quam
2013 3022 2172 3075 habes
2211 3022 2266 3074 in
2306 3021 2420 3076 loco
2449 3022 2649 3075 Valerii
2684 3042 2850 3091 quem

1819 3100 1961 3153 infra
1987 3100 2153 3154 refert
2176 3100 2378 3153 doctiss.
2412 3099 2687 3169 Gierigius.
2719 3102 2846 3153 Non

1821 3177 2169 3246 improbanda
2211 3189 2354 3232 certe
2402 3189 2479 3231 est
2525 3176 2848 3232 emendatio.

1822 3259 1923 3309 Ed.
1942 3284 2010 3296 —
2031 3256 2276 3309 Valerius
2296 3295 2311 3320 ,
2336 3256 2386 3309 d.
2415 3256 2445 3309 l.
2472 3255 2536 3309 de
2559 3255 2660 3310 boc
2688 3258 2847 3324 Cipo.-

1825 3355 1853 3381 α
1884 3333 2082 3403 Capitis
2115 3333 2316 3404 effigies
2341 3353 2490 3388 aereae
2513 3346 2705 3404 portae,
2742 3353 2847 3404 qua

1826 3434 1856 3461 υ
1881 3424 2198 3480 excesserat,
2239 3412 2436 3466 inclusa
2458 3424 2567 3479 est,
2604 3414 2847 3481 dictaque

1825 3512 1857 3539 ν
1883 3488 2224 3554 rauduscula;
2259 3509 2386 3543 nam
2417 3489 2545 3544 olim
2572 3508 2674 3544 aera
2710 3509 2848 3542 rau-

1828 3595 1858 3620 »
1885 3572 2012 3625 dera
2054 3572 2380 3625 dicebantur.
2418 3593 2446 3617 ›-
2495 3572 2575 3624 M.
2620 3572 2794 3623 Varro
2833 3589 2851 3622 x

1829 3673 1858 3698 κ
1885 3649 2098 3704 Deinde
2134 3660 2286 3718 porta
2319 3647 2630 3703 rauduscula
2651 3688 2666 3713 ,
2706 3647 2853 3716 quod

1830 3751 1860 3778 κ
1888 3740 2042 3785 erata
2063 3729 2195 3795 suit,
2238 3749 2307 3782 ιε
2328 3728 2556 3781 randum
2580 3727 2791 3780 dictum.
2821 3746 2853 3772 κ

1828 3837 1896 3850 -
1911 3809 2018 3861 Pro
2031 3811 2208 3859 miram
2224 3846 2237 3858 .
2252 3846 2265 3860 .
2284 3806 2554 3874 .sormaen,
2580 3824 2718 3857 unus
2735 3802 2858 3856 Lei·-

1831 3885 2007 3939 densis
2044 3884 2202 3938 habet
2237 3904 2402 3937 veram
2435 3895 2533 3938 etc.
2562 3882 2704 3952 quod
2743 3901 2859 3936 non

1831 3962 2062 4017 omnino
2092 3960 2458 4014 damnandum
2492 3972 2671 4017 censet
2705 3961 2861 4013 Bur-

1832 4059 2062 4099 mannus
2080 4078 2096 4105 ,
2121 4040 2220 4093 nisi
2238 4042 2352 4109 quis
2375 4039 2525 4093 malit
2546 4048 2773 4093 teter-ea.

1898 4120 2151 4189 Gan-744.
2189 4122 2517 4187 AEscuIape‘us
2549 4125 2605 4172 la
2641 4112 2887 4171 :insultus

1844 4200 2042 4252 Tiberis
2061 4203 2351 4252 arcessitus.
2381 4197 2545 4249 Anno
2570 4196 2684 4249 urb.
2705 4194 2864 4248 cond.

1834 4280 1934 4345 462
1955 4317 1971 4347 ,
2012 4277 2085 4349 Q.
2111 4277 2275 4333 Fabio
2299 4276 2520 4348 Gurgite
2539 4317 2556 4346 ,
2594 4276 2664 4332 D.
2693 4274 2870 4330 Junio
