3185 5138
631 578 720 663 84

1212 572 1293 638 Ρ.
1349 569 1709 641 OVIDII
1763 564 2223 635 NASONIS

636 759 670 790 »
709 725 812 797 De
850 736 1115 794 centum
1147 743 1427 789 numero
1463 729 1664 813 caput
1696 728 1798 785 est
1829 710 2102 809 impune
2136 704 2417 780 recisum
2442 760 2461 795 ,

637 876 672 910 »
715 839 903 938 Quin
935 836 1197 934 gemino
1234 832 1453 907 cervix
1490 828 1749 902 haerede
1788 824 2115 898 valentior
2141 839 2334 896 esset.

639 993 676 1026 »
717 960 908 1031 Hanc
942 983 1067 1050 ego
1100 976 1430 1025 ramosam
1461 945 1637 1019 natis
1669 972 1703 1018 e
1738 941 1909 1017 caede
1939 940 2274 1026 colubriS,

636 1110 672 1144 a>
718 1076 1271 1167 Crescentemque
1308 1061 1483 1137 malo
1509 1119 1528 1151 ,
1568 1060 1796 1134 domui
1818 1116 1836 1149 ,
1875 1057 2328 1157 domitamque
2361 1053 2627 1154 peremi.

632 1239 1004 1298 vetustioribus
1023 1276 1038 1302 ,
1062 1242 1286 1288 testante
1318 1228 1571 1291 Heinsio,
1606 1237 1661 1280 et

636 1322 791 1393 Regii
823 1317 990 1374 nostri
1010 1355 1025 1382 ,
1057 1309 1299 1366 CodexB
1326 1327 1355 1360 a
1379 1325 1543 1359 manu
1563 1324 1659 1359 se-

636 1401 813 1458 cunda
845 1395 1095 1467 quidem,
1150 1389 1348 1442 habent
1381 1388 1465 1438 De
1500 1388 1661 1437 comi-

633 1495 739 1538 tum
765 1491 999 1537 aumem5
1035 1470 1234 1541 primus
1263 1461 1573 1518 Basileensis
1605 1469 1661 1512 et

639 1557 922 1615 duodecim
950 1550 1032 1605 alii
1054 1589 1068 1616 ,
1096 1546 1284 1601 eodem
1307 1542 1531 1596 Heinsio
1566 1550 1661 1593 te-

635 1647 806 1696 stante
832 1675 846 1700 ,
882 1632 1011 1685 dant
1049 1629 1131 1679 De
1165 1627 1390 1691 capilum
1422 1635 1625 1672 numero
1641 1654 1659 1680 ,

637 1715 779 1789 quod
810 1715 850 1766 is
874 1728 985 1763 non
1019 1702 1282 1774 improbat
1318 1708 1533 1768 propter
1562 1713 1662 1746 re-

638 1796 949 1871 petitionem
978 1809 991 1842 :
1022 1797 1201 1839 tamen
1237 1779 1429 1833 rectius
1466 1773 1663 1844 judicat

636 1873 977 1935 scribendum
1000 1872 1204 1921 centeno
1225 1880 1255 1913 e
1277 1872 1509 1915 names-05
1533 1870 1663 1905 nam

636 1961 679 2015 si
712 1957 778 2010 de
804 1966 1032 2007 numero
1067 1943 1299 2013 capitum
1333 1935 1516 2008 hydrae
1550 1951 1662 1985 non

638 2031 890 2092 convenit
915 2069 929 2096 ,
956 2033 1179 2080 centena
1201 2029 1382 2072 tamen
1406 2012 1476 2065 illi
1501 2031 1530 2064 a
1554 2011 1665 2080 ple-

637 2117 814 2184 risque
840 2107 1196 2176 assignantur:
1217 2094 1497 2149 redeamus
1520 2088 1585 2142 ad
1603 2087 1665 2141 cl.

537 2182 544 2188 ⁴
643 2198 851 2260 Gierig.
896 2186 1046 2254 cujus
1086 2181 1150 2233 de
1175 2176 1422 2231 hocloco
1454 2169 1666 2238 disqui-

642 2274 890 2329 sitionem
927 2261 1144 2319 clariore
1170 2254 1358 2310 ordine
1384 2250 1664 2319 disponere

641 2355 881 2426 cogimur
900 2388 916 2415 ‚
961 2341 1198 2413 religiose
1233 2346 1415 2389 tamen
1451 2325 1669 2383 servatis

637 2432 825 2489 verbis.
849 2428 948 2480 Ed.
966 2450 1032 2463 -
1047 2422 1130 2472 De
1148 2432 1350 2470 numero
1368 2413 1591 2475 capitum
1614 2404 1669 2458 il-

638 2514 740 2568 lius
751 2507 934 2581 hydrae
948 2519 1060 2555 non
1078 2488 1669 2552 consentiuntVeteres,

643 2592 735 2663 qui
749 2607 873 2642 mox
888 2592 1100 2640 centum,
1122 2595 1245 2630 mox
1266 2562 1669 2654 quinquaginta,

642 2686 842 2726 novem
858 2705 873 2731 ‚
900 2672 1019 2715 octo
1035 2661 1341 2711 numerant.
1358 2646 1483 2700 Vid.
1503 2641 1673 2694 Hem·

643 2753 749 2806 sius
774 2757 828 2800 et
851 2739 1096 2813 Heynius
1136 2733 1201 2787 ad
1243 2728 1631 2801 Apollodorum
1653 2765 1669 2793 ,

645 2853 697 2902 p.
734 2829 847 2893 345.
887 2818 1094 2875 Sufficit
1128 2822 1431 2866 monstrum
1475 2811 1673 2862 πολυκί-

648 2915 786 2981 ᾳαλου
808 2899 1052 2970 cogitare.
1077 2889 1435 2959 Palaephatus,
1451 2886 1670 2957 cap.39,
1698 2955 1708 2962 ι

648 2981 880 3039 fabulam
903 2994 998 3030 suo
1017 2970 1180 3025 modo
1199 2969 1595 3035 interpretatur.
1609 2991 1676 3004 —

648 3064 767 3117 Non
789 3057 1007 3124 impune
1030 3049 1096 3101 de
1119 3045 1279 3101 auctis
1300 3041 1550 3096 molestiis
1576 3040 1675 3094 de-

646 3133 912 3194 bellatoris
959 3124 1291 3199 capiendum.
1335 3149 1402 3162 —
1444 3122 1675 3173 Gemino.

649 3216 877 3276 Noricus
899 3253 914 3280 ,
951 3221 1003 3265 et
1028 3209 1196 3279 prima
1219 3203 1381 3289 editio
1408 3200 1529 3256 Aldi
1548 3240 1563 3267 ,
1582 3218 1676 3268 ge-

650 3306 819 3356 mina.
841 3306 898 3349 ut
925 3291 988 3346 ad
1012 3290 1270 3345 cervicem
1292 3282 1544 3352 respiciat.
1562 3279 1676 3333 Re-

651 3378 718 3449 gii
745 3371 942 3437 nostri,
983 3371 1199 3437 gemino.
1222 3391 1288 3402 —
1311 3363 1484 3414 Heres
1517 3356 1674 3428 paulo

651 3455 908 3517 audacius.
945 3446 1147 3503 Laudat
1187 3444 1528 3497 Burmannus
1562 3437 1677 3491 Pli-

649 3537 802 3590 nium
818 3572 831 3598 ,
854 3532 971 3601 qui,
992 3528 1130 3580 Hist.
1147 3519 1416 3578 Nat.xV1
1434 3560 1448 3584 ,
1466 3518 1530 3572 33
1549 3557 1563 3584 ,
1580 3520 1677 3568 he-

647 3616 814 3668 redem
837 3618 987 3662 vorat
1008 3605 1270 3660 stolonem
1303 3620 1365 3654 ex
1387 3597 1538 3652 salice
1577 3613 1677 3648 re-

649 3691 1013 3763 pullulantem.
1057 3685 1301 3736 Geminus
1342 3681 1497 3730 hares
1515 3715 1529 3735 ‚
1568 3672 1677 3725 duo

650 3770 819 3840 capita
844 3784 960 3836 quoe
993 3758 1387 3817 succrescebant
1411 3755 1465 3807 in
1499 3753 1678 3806 locum

652 3850 813 3903 unius
848 3842 1000 3898 excisi
1025 3861 1037 3893 ε
1061 3840 1133 3893 sic
1156 3838 1241 3891 illa
1263 3836 1550 3889 vulneribus
1572 3831 1679 3899 se-

652 3928 820 3981 cunda
842 3928 985 3984 suis,·
1018 3920 1090 3973 sic
1116 3917 1263 3968 haud
1287 3919 1487 3981 impune
1523 3918 1680 3978 caput

653 4002 1020 4061 recidebatur;
1059 3997 1134 4050 sic
1163 3993 1394 4061 denique
1433 3991 1685 4042 valentior

652 4081 837 4153 quovis
857 4080 1075 4131 vulnere
1094 4072 1267 4128 cervix
1288 4069 1460 4123 fiebat.
1490 4070 1680 4119 Valens

655 4159 810 4224 alibi,
842 4156 1037 4209 viribus
1073 4163 1127 4206 et
1165 4151 1356 4204 robore
1387 4156 1639 4217 praestans
1662 4183 1678 4210 ,

653 4237 895 4294 hocloco
926 4234 989 4289 ad
1015 4247 1303 4285 numerum
1325 4226 1555 4296 capitum
1581 4241 1681 4275 re-

655 4314 955 4373 ferendum.
981 4312 1059 4365 De
1074 4310 1154 4363 his
1172 4308 1405 4377 quinque
1424 4302 1681 4367 versibus,

660 4396 828 4468 70-74
850 4432 866 4461 ,
906 4390 1023 4445 vide
1062 4388 1118 4451 in
1157 4385 1265 4441 fine
1295 4393 1435 4438 notae
1474 4381 1679 4447 subseq.

1826 1225 1903 1294 73.
1932 1227 2238 1284 Ramosam.
2282 1220 2482 1275 arboris
2505 1218 2732 1273 similem
2760 1257 2776 1283 ,

1757 1322 1786 1357 e
1809 1322 1911 1372 qua
1936 1303 2104 1372 capita
2123 1342 2139 1368 ‚
2166 1299 2418 1368 tanquam
2454 1298 2587 1351 rami
2611 1309 2783 1350 exsta-

1756 1382 1885 1435 bant
1908 1401 1922 1434 :
1943 1399 2195 1433 ramosam
2207 1381 2449 1438 colubris,
2479 1386 2566 1442 ut,
2592 1376 2670 1441 X,
2693 1395 2779 1440 ιιι,

1756 1463 1944 1513 villosa
1962 1462 2183 1511 colubris
2194 1499 2206 1518 ,
2235 1468 2289 1510 et
2305 1458 2404 1528 349
2423 1495 2437 1520 ,
2463 1458 2676 1507 crinitas
2692 1471 2783 1504 aa·

1754 1558 1866 1607 gae.
1899 1565 1965 1576 —
1997 1538 2168 1596 Mala,
2210 1535 2424 1587 damno.
2448 1560 2514 1571 —
2543 1534 2773 1591 Domui,

1759 1634 1954 1684 nempe
1993 1612 2275 1682 adjuvante
2320 1611 2468 1679 Iolao
2493 1634 2507 1672 ;
2557 1608 2781 1679 Apollo-

1761 1694 1920 1747 dorus
1945 1733 1960 1759 ,
1997 1693 2053 1747 11
2078 1733 2093 1758 ,
2134 1709 2168 1744 v
2186 1731 2201 1757 ,
2228 1712 2275 1744 2.
2298 1718 2365 1730 —
2384 1692 2584 1742 Peremi
2607 1698 2686 1742 est
2721 1707 2785 1741 ex

1761 1770 1966 1824 duobus
1988 1768 2197 1823 Heinsii
2220 1767 2384 1821 MSS.
2409 1785 2576 1836 quum
2609 1763 2787 1818 caeteri

1760 1850 1816 1902 in
1835 1849 1930 1903 alia
1943 1848 2124 1901 omnia
2139 1846 2441 1911 discedant,
2457 1848 2673 1902 revinxi,
2692 1861 2787 1895 re—

1761 1931 1914 1988 duxi,
1939 1931 2135 1993 subegi,
2152 1929 2344 1993 reliqui,
2368 1927 2594 1990 repressi.
2608 1920 2788 1973 Hein-

1761 2006 1866 2060 sius
1887 2015 2064 2058 tamen
2088 2003 2236 2056 malit
2242 2007 2450 2069 perussi
2459 2002 2784 2066 autpraeussi,

1764 2083 1886 2152 quia
1923 2081 2059 2152 apud
2102 2078 2413 2148 Euripidem
2434 2117 2448 2144 ,
2474 2077 2637 2130 Herc.
2660 2076 2790 2128 Fur.

1762 2164 1860 2229 422
1886 2201 1900 2229 ,
1933 2165 2071 2236 ὕδραν
2094 2165 2381 2234 ἔξεκύρωσεν.
2410 2157 2601 2210 Avien.
2636 2155 2787 2208 Arai.

1764 2241 1856 2294 381
1882 2279 1896 2307 ,
1937 2243 2148 2311 hydram
2186 2240 2363 2292 Ureret
2401 2237 2617 2290 Alcides
2638 2254 2788 2304 quum

1748 2320 2070 2387 flammigen·
2106 2325 2157 2370 at
2181 2316 2292 2371 haec
2312 2315 2423 2368 loca
2442 2313 2578 2366 male
2606 2324 2789 2366 trans-

1762 2397 2011 2450 seruntur
2022 2394 2085 2449 ad
2094 2404 2352 2449 nostrum.
2366 2392 2623 2446 Hercules
2639 2391 2789 2444 enim

1766 2474 1991 2544 hydram
2010 2492 2118 2527 non
2144 2472 2288 2542 prius
2313 2470 2517 2525 domuit
2540 2480 2595 2525 et
2618 2469 2790 2522 domi-

1767 2565 1877 2609 tam
1900 2554 2117 2610 demum
2143 2551 2396 2623 praeussit.
2443 2550 2641 2621 Regius
2667 2568 2792 2604 nos-

1769 2644 1850 2687 ter
1881 2634 1961 2700 A,
2002 2636 2213 2693 reduxi,
2258 2650 2383 2684 cum
2420 2629 2582 2700 glossa
2602 2668 2618 2696 ,
2660 2650 2687 2675 «
2721 2628 2788 2681 ad

1768 2711 1995 2766 nihilum
2024 2732 2079 2774 »3
2116 2709 2314 2779 Regius
2336 2708 2381 2761 B
2397 2747 2413 2775 ,
2442 2727 2472 2761 a
2495 2727 2659 2760 manu
2683 2706 2791 2777 pri-

1768 2810 1886 2856 ma,
1912 2793 2132 2852 revt‘aaei,
2165 2806 2290 2841 cum
2315 2786 2508 2856 glossa,
2538 2807 2564 2831 κ
2592 2785 2648 2839 in
2673 2784 2792 2854 pul-

1769 2891 1967 2925 verem.
1997 2893 2027 2918 ι»
2063 2900 2130 2911 -
2172 2868 2443 2922 Ceterum
2487 2866 2793 2921 Schirachio

1769 2950 1917 3004 valde
1957 2949 2191 3019 displicet
2227 2946 2399 3001 omnis
2437 2945 2549 2999 haec
2584 2945 2749 2999 oratio
2774 2985 2791 3012 ,

1771 3049 1874 3099 qua
1892 3028 2149 3083 Hercules
2166 3028 2306 3081 inter
2319 3024 2668 3096 pugnandum
2685 3044 2794 3078 cer-

1771 3119 1953 3164 tamen
1984 3106 2112 3160 illud
2136 3146 2152 3173 ,
2192 3115 2446 3174 tanquam
2473 3103 2746 3156 historicus
2774 3143 2790 3170 ,

1771 3196 2008 3240 accurate
2031 3183 2376 3253 descripserit.
2406 3179 2558 3235 Idem
2583 3190 2791 3246 censet,

1770 3264 1930 3318 verba
1954 3268 2152 3331 gemino
2177 3263 2369 3313 herede
2384 3266 2439 3312 et
2461 3276 2711 3311 ramosam
2736 3256 2794 3309 in

1772 3341 1874 3396 oda
1915 3353 2004 3396 aut
2036 3341 2092 3394 in
2124 3338 2361 3394 carmine
2406 3339 2553 3407 epico
2594 3336 2794 3389 facilius

1771 3422 1898 3476 serri
1916 3462 1931 3488 ,
1955 3440 2114 3490 quam
2137 3421 2190 3473 in
2218 3418 2316 3471 hac
2336 3418 2572 3470 oratione
2593 3455 2609 3483 ‚
2635 3425 2792 3484 atque

1772 3502 1934 3554 etiam
1954 3500 2127 3553 lusum
2150 3498 2298 3551 illum
2322 3499 2499 3548 domui
2513 3498 2795 3548 domitam-—

1773 3600 1868 3650 que
1888 3583 2085 3647 peremi
2109 3575 2365 3630 dedecere
2390 3574 2682 3627 Herculem
2699 3611 2715 3638 ,
2742 3583 2796 3626 et

1775 3683 1884 3717 esse
1895 3660 2145 3732 frigidum
2160 3682 2174 3723 3
2192 3678 2245 3713 se
2257 3678 2382 3728 ergo
2394 3654 2543 3709 valde
2555 3654 2586 3707 d
2595 3653 2796 3707 ubitare

1776 3742 1843 3794 de
1867 3740 2125 3809 elegantia
2150 3737 2307 3806 hujus
2326 3736 2447 3801 loci,
2472 3752 2630 3803 quem
2649 3731 2799 3785 Ovi-

1775 3820 1909 3886 dius,
1934 3819 1974 3873 si
1996 3839 2090 3889 per
2103 3818 2208 3871 sata
2223 3816 2466 3880 licuisset,
2483 3811 2621 3864 haud
2639 3810 2797 3863 dubie

1777 3897 2155 3955 emendaturus
2175 3894 2371 3948 suisset.
2409 3892 2542 3944 Haec
2563 3889 2666 3942 ille.
2690 3887 2801 3940 Vi-

1777 3978 1996 4032 deamus
2026 3987 2204 4029 tamen
2228 4011 2242 4039 ,
2281 3969 2406 4040 quid
2439 3968 2501 4021 ad
2539 3985 2801 4021 excusan-

1779 4057 1909 4110 dum
1947 4065 2156 4126 poetam
2195 4050 2295 4103 dici
2332 4057 2504 4117 queat.
2552 4046 2803 4099 Primum

1778 4135 2037 4190 Hercules
2069 4150 2178 4185 non
2224 4146 2466 4198 pugnans
2498 4125 2610 4178 haec
2634 4122 2758 4174 dicit
2785 4160 2800 4186 ,

1778 4215 1869 4272 sed
1907 4224 2177 4284 spectans,
2218 4219 2272 4264 et
2302 4206 2484 4260 ridens
2519 4203 2641 4258 novi
2679 4220 2803 4255 ser-

1779 4295 1950 4366 pentis
1963 4291 2242 4347 stridorem
2256 4328 2271 4354 ,
2297 4287 2447 4354 cujus
2464 4283 2735 4353 adspectus
2753 4281 2802 4333 ei

1781 4373 2072 4431 necessario
2102 4371 2159 4425 in
2188 4368 2504 4424 memoriam
2528 4360 2800 4418 revocabat
