3185 5138
716 534 1759 606 METAMORPHOSEON
1815 537 2012 606 LIB.
2066 542 2253 610 XII.

2427 546 2561 639 317

421 678 513 748 Et
541 676 670 749 Dis
703 692 1011 776 acceptus
1045 674 1416 774 penetravit
1444 677 1514 748 in
1540 676 1780 749 aethera
1811 674 2046 766 nidor;

424 795 621 867 Sacra
657 792 863 866 tulere
900 819 1086 865 suam
1106 846 1125 878 ‚
1156 820 1310 891 pars
1342 809 1445 867 est
1478 791 1630 865 data
1665 809 1894 866 caetera
1925 797 2192 871 mensis.

425 909 839 983 Discubuere
877 907 1039 981 toris
1074 935 1423 1007 procoma,
1462 926 1525 981 et
1558 934 1841 1009 corpora
1876 926 2053 984 tosta

2468 938 2564 993 155

428 1026 653 1111 Carne<
673 1023 973 1125 replent,
1013 1022 1300 1124 vinoque
1333 1022 1555 1098 levant
1583 1053 1905 1126 curasque
1943 1026 2270 1128 sitimque.

426 1143 584 1213 Non
619 1138 773 1213 illos
812 1139 1077 1213 citharae
1099 1195 1118 1226 ‚
1152 1168 1292 1213 non
1325 1139 1478 1215 illos
1510 1139 1800 1213 carmina
1827 1169 2062 1215 vocum
2083 1198 2105 1230 ‚

427 1259 739 1350 Longave
770 1251 1099 1328 multifori
1131 1252 1409 1328 delectat
1443 1253 1608 1326 tibia
1643 1252 1807 1326 buxi
1839 1283 1853 1325 :

432 1371 563 1445 Sed
597 1388 861 1444 noctem
898 1398 1201 1445 sermone
1238 1371 1549 1453 trahunt3
1589 1370 1928 1470 virtusque
1961 1369 2276 1471 loquendi

434 1488 715 1561 Materia
749 1506 850 1561 est
880 1517 895 1561 z
925 1516 1216 1588 pugnam
1249 1486 1546 1561 referunt
1576 1486 1925 1585 hostisque
1945 1541 1963 1572 ,
2003 1514 2361 1589 suamque;

2478 1516 2573 1568 160

435 1606 645 1703 Inque
681 1604 853 1678 vices
888 1603 1103 1690 adita,
1138 1619 1337 1703 atque
1369 1601 1685 1675 exhausta
1713 1600 2004 1702 pericula
2039 1630 2210 1705 saepe

439 1722 969 1795 Commemorare
1000 1721 1229 1819 juvat:
1260 1717 1429 1819 quid
1468 1717 1645 1791 enim
1679 1716 2062 1819 loqueretur
2083 1720 2430 1796 Achilles?
2540 1738 2547 1751 ’

436 1840 580 1912 Aut
611 1837 772 1940 quid
806 1837 987 1938 apud
1020 1865 1335 1932 magnum
1366 1835 1596 1937 potius
1633 1831 2067 1936 loquerentur
2095 1836 2478 1913 Achillem?

440 2020 662 2074 modum
705 2020 1099 2076 delectabantur
1138 2021 1327 2075 heroes
1351 2061 1365 2088 ‚
1407 2031 1461 2075 et

442 2119 557 2169 quae
584 2098 806 2157 subinde
838 2119 899 2154 ex
926 2119 1076 2154 more
1106 2121 1136 2153 a
1160 2100 1462 2170 proceribus

440 2178 865 2232 instituebantur.
886 2182 1157 2232 Pmsecan'
1177 2178 1338 2233 verbo
1363 2197 1458 2233 sa-

1559 2017 1879 2073 Oxoniensis
1905 2029 1959 2072 et
1986 2038 2122 2073 unus
2147 2021 2353 2075 Heinsii
2379 2022 2575 2078 babent

1554 2101 1729 2150 levant
1761 2101 2076 2166 umbramque
2123 2103 2355 2165 sitimque
2381 2118 2400 2164 ,-
2448 2102 2576 2155 alius

1557 2175 1829 2230 Leidensis
1853 2188 1905 2229 et
1928 2176 2127 2246 Sprotii
2149 2197 2390 2247 curasque
2410 2184 2579 2234 leven!

441 2255 542 2308 cris
565 2255 782 2325 proprio
807 2254 1118 2309 dicebantur
1151 2266 1266 2308 exta
1300 2265 1462 2309 cocta.
1551 2261 1768 2324 vinoque
1776 2256 2105 2325 J’oce‘sque.--
2121 2257 2271 2325 Regii
2296 2259 2460 2312 nostri
2483 2280 2583 2313 cet—f

443 2334 613 2384 a-Dts
627 2344 877 2400 acceptus.
895 2332 985 2386 Un
994 2353 1053 2385 us
1071 2332 1267 2401 Regius
1282 2351 1467 2400 excep-

444 2418 550 2470 tus,
574 2409 716 2480 quod
739 2412 876 2463 bene
896 2410 1197 2463 aviditatem
1221 2408 1463 2463 Deorum

446 2498 630 2540 notare
667 2498 818 2557 putat
854 2488 1197 2541 Burmannus
1217 2509 1230 2550 ;
1275 2486 1462 2539 nidore

446 2565 592 2618 enim
628 2566 764 2635 pasci
796 2565 940 2620 Deos
968 2564 1229 2620 creditum
1259 2585 1466 2619 esse.—

448 2642 645 2714 Regius
663 2656 842 2699 noster
855 2645 904 2697 A
919 2654 1188 2712 exceptus,-
1211 2644 1405 2713 Regius
1419 2644 1463 2697 B

447 2735 696 2792 acceptus,
720 2724 862 2794 quod
880 2724 1118 2795 praesero.
1130 2724 1466 2778 Ede—Tem-

450 2820 577 2870 pore
589 2800 813 2854 heroum
827 2820 965 2856 coxae
979 2801 1003 2872 (
1013 2810 1155 2878 μηροὶ
1168 2803 1188 2869 )
1203 2800 1466 2871 adopertae

452 2880 600 2950 adipe
626 2881 824 2956 (mico-3
844 2880 868 2951 )
892 2882 1256 2935 adolebantur.
1283 2879 1466 2934 Adde-

452 2959 643 3014 bantur
669 2960 932 3030 particule
954 2981 1015 3013 ex
1035 2961 1281 3015 omnibus
1297 2979 1468 3013 mem-

452 3038 556 3092 bris
579 3038 763 3094 decisae
792 3078 807 3106 ,
850 3038 989 3106 quod
1023 3039 1293 3092 Homerus
1318 3049 1468 3092 vocat

455 3121 706 3185 ὠμοθετεῖν.
726 3120 854 3173 Pars
872 3118 1073 3188 reliqua
1089 3120 1144 3172 in
1159 3140 1312 3173 usum
1335 3139 1468 3189 epu·

454 3195 624 3249 larum
649 3196 1023 3262 adhibebatur3
1050 3198 1109 3251 ll.
1133 3198 1177 3251 A
1197 3238 1213 3264 ,
1242 3201 1340 3270 459
1356 3216 1469 3266 sqq.

458 3274 536 3327 Ut
559 3274 659 3329 boc
680 3275 794 3331 loco
818 3296 999 3331 carnes
1022 3317 1037 3343 ‚
1070 3279 1140 3331 ita
1165 3277 1320 3343 alibi,
1354 3297 1403 3329 v.
1425 3298 1468 3331 c.

461 3350 508 3400 V
515 3354 569 3406 11
586 3393 601 3421 ,
624 3355 719 3407 662
738 3395 754 3421 ,
780 3367 985 3425 tempus
1003 3356 1472 3410 diciturdan'men-

458 3436 548 3483 se's.
564 3459 628 3470 —
644 3434 752 3486 Pro
764 3454 891 3500 pars
917 3445 1095 3487 catera
1120 3434 1389 3488 Leidensis
1418 3445 1472 3488 et

460 3506 657 3577 Sprotii
680 3510 841 3563 codex
854 3531 981 3578 pars
1002 3518 1310 3563 maz-imau—
1320 3509 1473 3580 Regii

459 3585 664 3642 codices
681 3599 873 3642 cetera.

433 3711 434 3714 η
534 3672 642 3722 155.
663 3672 1129 3738 Camereplentetc.
1145 3670 1373 3737 Ornate,
1389 3670 1474 3723 hi-

460 3742 640 3798 lariter
660 3745 948 3801 admodum
969 3768 1171 3803 coeuam
1188 3749 1327 3802 illam
1349 3767 1476 3818 pro-

463 3825 1118 3880 duxerunt—Discubuere
1134 3846 1150 3890 ;
1164 3826 1441 3880 contvul
1455 3866 1471 3894 ‚

466 3905 646 3957 565.—-
654 3906 705 3956 Τ
696 3912 864 3969 omri,
879 3904 1070 3958 scilicet
1089 3905 1240 3957 assari
1260 3924 1441 3957 carnes
1455 3943 1472 3970 ,

465 4001 575 4035 non
606 3982 782 4036 elixari
808 3982 1045 4037 solebant
1076 3980 1284 4035 heroica
1308 3993 1475 4035 aetate.

464 4062 730 4114 -Lemnt
743 4101 756 4124 ‚
772 4060 989 4132 pellunt.
1007 4059 1257 4130 Virgilius
1267 4064 1478 4113 eximere

447 4140 666 4207 samem,
688 4146 854 4206 sitiam
880 4140 1148 4192 Homerus
1164 4141 1312 4206 ἔξίντο
1327 4144 1480 4200 κὸσιος

462 4223 570 4292 ἔρον.
598 4217 754 4287 Apud
783 4218 1084 4270 Homerum
1116 4234 1223 4270 non
1256 4220 1479 4269 deli-cum·-

461 4301 658 4361 beales,
695 4295 785 4349 sed
817 4294 1060 4350 sedentes
1093 4294 1389 4365 epulantur.
1412 4322 1479 4336 ·-

1551 2351 1734 2401 rusque
1754 2337 2000 2402 sitimque.

1627 2429 1648 2463 ι
1657 2412 1735 2479 57.
1749 2412 1862 2462 Non
1875 2413 1994 2462 illos
2007 2413 2217 2464 cuhara
2230 2422 2326 2465 etc.
2346 2411 2576 2468 Cithara».

1557 2488 1801 2557 vocisque
1816 2500 2001 2543 cantus
2018 2489 2139 2544 alias
2152 2502 2435 2560 perpetuus
2447 2514 2582 2547 con·-

1561 2565 1821 2620 viviorum
1849 2586 2027 2622 comes
2043 2589 2056 2632 ;
2085 2568 2355 2624 Homerus
2372 2610 2389 2637 ‚
2413 2572 2474 2626 ll.
2498 2576 2545 2625 A
2561 2613 2579 2640 ,

1559 2644 1658 2698 603
1674 2684 1689 2711 ‚
1706 2657 1759 2699 et
1771 2643 1877 2698 od.
1896 2647 1938 2698 A
1956 2686 1970 2711 ,
1992 2649 2081 2698 152
2099 2685 2113 2713 ,
2130 2646 2219 2700 ubi
2237 2646 2413 2703 Clark.
2426 2649 2578 2720 plura

1530 2759 1538 2765 -
1558 2726 1778 2796 collegit.
1818 2725 1927 2779 Sed
1948 2745 2094 2781 nunc
2115 2728 2391 2782 consilium
2413 2742 2585 2799 poeto
2643 2771 2647 2775 »

1561 2802 1714 2855 illum
1745 2821 1854 2856 non
1893 2801 2217 2857 admittebat.
2241 2832 2306 2846 -
2329 2805 2415 2860 De
2452 2811 2584 2861 tt'be'a

1560 2878 1956 2946 multison'.bnaei
1968 2880 2086 2935 vide
2104 2881 2169 2942 ad
2187 2882 2287 2949 IV,
2303 2884 2394 2938 30:
2407 2884 2585 2939 Hein-

1560 2958 1664 3011 sius
1696 2969 1877 3027 putat,
1908 2978 2026 3012 eam
2058 2963 2263 3027 longam
2290 2960 2389 3015 dici
2409 3002 2425 3030 ‚
2461 2966 2582 3033 quia

1564 3037 1844 3105 gracanica
1868 3035 2028 3090 fuerit
2042 3077 2058 3104 ‚
2079 3057 2245 3106 quum
2266 3039 2484 3110 phrygia
2505 3062 2585 3096 es-

1561 3125 1642 3167 set
1665 3116 1907 3178 incur-vm
1930 3114 2049 3181 111,
2077 3116 2189 3168 533.
2212 3116 2319 3175 Sed
2337 3137 2482 3171 nunc
2499 3119 2587 3172 di-
2671 3115 2678 3123 ⁶

1564 3194 1713 3247 xisset
1730 3192 1870 3246 haud
1887 3192 2043 3246 dubie
2061 3203 2212 3247 tecta.
2230 3195 2398 3264 Igitur
2408 3200 2579 3265 longa,

1565 3271 1687 3339 quia
1718 3269 1876 3324 habet
1910 3270 2077 3323 multa
2107 3270 2391 3338 foramina,
2416 3292 2584 3341 quum

1563 3353 1731 3421 prisca
1757 3353 2124 3406 Romanorum
2157 3354 2281 3406 tibia
2305 3356 2482 3422 paucis
2500 3355 2586 3408 so·

1565 3435 1858 3488 ramiuibus
1876 3445 2011 3488 esset
2022 3435 2208 3488 brevis.
2232 3435 2353 3488 Hoc
2370 3436 2485 3489 loco
2500 3437 2586 3490 alii

1569 3513 1595 3583 (
1616 3526 1667 3567 at
1690 3533 1797 3566 non
1828 3515 1993 3566 nostri
2011 3511 2230 3583 Regii),
2250 3519 2520 3569 multisoni.

1642 3611 1658 3642 ι
1670 3593 1748 3661 59.
1772 3593 1979 3642 Noctem
2001 3608 2224 3643 sermone
2239 3595 2443 3647 trahunt
2462 3593 2590 3649 dixit

1569 3686 1694 3720 cum
1719 3666 1941 3736 Virgilio
1960 3704 1974 3731 ‚
1999 3666 2167 3720 AEn.1
2191 3706 2206 3732 ,
2233 3672 2326 3738 748
2343 3709 2357 3735 ,
2385 3671 2587 3737 poetice

1568 3765 1666 3815 pro
1691 3744 1923 3813 vulgari,
1948 3763 2251 3798 sermonem
2278 3747 2495 3801 trahunt
2529 3750 2588 3804 in

1571 3832 1802 3875 noctem.
1829 3822 2119 3890 Sequentia
2147 3843 2209 3875 ex
2233 3824 2466 3880 moribus
2493 3823 2592 3878 be·-

1572 3921 1730 3954 roum
1748 3910 1901 3969 atque
1919 3901 1972 3951 in
1992 3899 2201 3952 laudem
2218 3900 2430 3955 Achillis
2441 3900 2592 3957 dicta.

1569 4007 1638 4019 -—
1669 3983 1864 4040 Virtus,
1885 3977 2141 4031 fortitudo
2161 3979 2357 4033 bellica.
2376 4008 2444 4021 --
2462 3985 2590 4034 Ea·-

1571 4059 1757 4110 bausta
1776 4061 2032 4123 peris-ula,
2072 4056 2279 4110 fortiter
2308 4069 2550 4127 superata
2573 4100 2589 4127 ,

1575 4136 1640 4190 ad
1654 4135 1818 4188 tinem
1834 4135 2064 4212 tolerata.
2077 4135 2313 4188 Gronov.
2324 4147 2378 4190 et
2391 4137 2496 4192 duo
2509 4139 2596 4194 alii

1571 4225 1757 4270 exacta
1764 4219 2008 4285 pere'cula,
2030 4216 2182 4286 Regii
2200 4218 2362 4270 nostri
2379 4222 2592 4272 exhaus-

1574 4299 1934 4365 ta.—-Magnus
1957 4307 2011 4351 et
2033 4317 2191 4370 supra
2214 4299 2294 4353 xl
2314 4339 2329 4365 ‚
2358 4302 2452 4354 265
2473 4341 2487 4367 ,
2515 4307 2599 4354 in-
