<?xml version="1.0" encoding="UTF-8"?>
<!DOCTYPE html PUBLIC "-//W3C//DTD XHTML 1.0 Transitional//EN"
    "http://www.w3.org/TR/xhtml1/DTD/xhtml1-transitional.dtd">
<html xmlns="http://www.w3.org/1999/xhtml" xml:lang="en" lang="en">
 <head>
  <title>
</title>
<meta http-equiv="Content-Type" content="text/html;charset=utf-8" />
  <meta name='ocr-system' content='tesseract 3.04.00' />
  <meta name='ocr-capabilities' content='ocr_page ocr_carea ocr_par ocr_line ocrx_word'/>
</head>
<body>
  <div class='ocr_page' id='page_1' title='image "./publiusovidiusn02giergoog_0310.png"; bbox 0 0 3185 5138; ppageno 0'>
   <div class='ocr_carea' id='block_1_1' title="bbox 622 552 751 642">
    <p class='ocr_par' dir='ltr' id='par_1_1' title="bbox 622 552 751 642">
     <span class='ocr_line' id='line_1_1' title="bbox 622 552 751 642; baseline 0 -25"><span class='ocrx_word' id='word_1_1' title='bbox 622 552 751 642; x_wconf 84' lang='lat'>298</span> 
     </span>
    </p>
   </div>
   <div class='ocr_carea' id='block_1_2' title="bbox 1185 550 2190 622">
    <p class='ocr_par' dir='ltr' id='par_1_2' title="bbox 1185 550 2190 622">
     <span class='ocr_line' id='line_1_2' title="bbox 1185 550 2190 622; baseline 0.006 -6"><span class='ocrx_word' id='word_1_2' title='bbox 1185 550 1262 617; x_wconf 90' lang='lat' dir='ltr'>P.</span> <span class='ocrx_word' id='word_1_3' title='bbox 1323 552 1579 620; x_wconf 88' lang='lat' dir='ltr'>OVID</span> <span class='ocrx_word' id='word_1_4' title='bbox 1604 554 1685 620; x_wconf 92' lang='lat'>11</span> <span class='ocrx_word' id='word_1_5' title='bbox 1734 551 2190 622; x_wconf 87' lang='lat' dir='ltr'><strong>NASONIS</strong></span> 
     </span>
    </p>
   </div>
   <div class='ocr_carea' id='block_1_3' title="bbox 622 688 2292 793">
    <p class='ocr_par' dir='ltr' id='par_1_3' title="bbox 622 688 2292 793">
     <span class='ocr_line' id='line_1_3' title="bbox 622 688 2292 793; baseline 0.002 -31"><span class='ocrx_word' id='word_1_6' title='bbox 622 688 879 763; x_wconf 83' lang='lat' dir='ltr'><strong>Oderat</strong></span> <span class='ocrx_word' id='word_1_7' title='bbox 911 688 1018 762; x_wconf 87' lang='lat' dir='ltr'>hic</span> <span class='ocrx_word' id='word_1_8' title='bbox 1055 689 1289 777; x_wconf 85' lang='lat' dir='ltr'>urbes;</span> <span class='ocrx_word' id='word_1_9' title='bbox 1322 690 1667 793; x_wconf 83' lang='lat' dir='ltr'>nitidaque</span> <span class='ocrx_word' id='word_1_10' title='bbox 1700 711 1994 767; x_wconf 85' lang='lat' dir='ltr'>remotus</span> <span class='ocrx_word' id='word_1_11' title='bbox 2024 693 2109 765; x_wconf 89' lang='lat' dir='ltr'>ab</span> <span class='ocrx_word' id='word_1_12' title='bbox 2142 690 2292 766; x_wconf 88' lang='lat' dir='ltr'>aula</span> 
     </span>
    </p>
   </div>
   <div class='ocr_carea' id='block_1_4' title="bbox 623 808 2103 897">
    <p class='ocr_par' dir='ltr' id='par_1_4' title="bbox 623 808 2103 897">
     <span class='ocr_line' id='line_1_4' title="bbox 623 808 2103 897; baseline 0.001 -16"><span class='ocrx_word' id='word_1_13' title='bbox 623 808 924 882; x_wconf 83' lang='lat' dir='ltr'>Secretos</span> <span class='ocrx_word' id='word_1_14' title='bbox 958 826 1251 897; x_wconf 85' lang='lat' dir='ltr'>montes,</span> <span class='ocrx_word' id='word_1_15' title='bbox 1286 827 1353 883; x_wconf 89' lang='lat' dir='ltr'>et</span> <span class='ocrx_word' id='word_1_16' title='bbox 1383 810 1810 885; x_wconf 79' lang='lat' dir='ltr'>inambitiosa</span> <span class='ocrx_word' id='word_1_17' title='bbox 1843 810 2103 885; x_wconf 86' lang='lat' dir='ltr'>colebat</span> 
     </span>
    </p>
   </div>
   <div class='ocr_carea' id='block_1_5' title="bbox 2656 837 2751 906">
    <p class='ocr_par' dir='ltr' id='par_1_5' title="bbox 2656 837 2751 906">
     <span class='ocr_line' id='line_1_5' title="bbox 2656 837 2751 906; baseline -0.011 -18"><span class='ocrx_word' id='word_1_18' title='bbox 2656 837 2751 906; x_wconf 81' lang='lat'>765</span> 
     </span>
    </p>
   </div>
   <div class='ocr_carea' id='block_1_6' title="bbox 621 926 2241 1018">
    <p class='ocr_par' dir='ltr' id='par_1_6' title="bbox 621 926 2241 1018">
     <span class='ocr_line' id='line_1_6' title="bbox 621 926 2241 1018; baseline 0.001 -19"><span class='ocrx_word' id='word_1_19' title='bbox 621 928 841 1013; x_wconf 85' lang='lat' dir='ltr'>Rura;</span> <span class='ocrx_word' id='word_1_20' title='bbox 870 954 991 1000; x_wconf 88' lang='lat' dir='ltr'>nec</span> <span class='ocrx_word' id='word_1_21' title='bbox 1028 926 1265 1001; x_wconf 80' lang='lat' dir='ltr'>Iliacos</span> <span class='ocrx_word' id='word_1_22' title='bbox 1298 947 1547 1018; x_wconf 68' lang='lat' dir='ltr'>coetuS,</span> <span class='ocrx_word' id='word_1_23' title='bbox 1576 928 1706 1004; x_wconf 84' lang='lat' dir='ltr'>nisi</span> <span class='ocrx_word' id='word_1_24' title='bbox 1737 957 1961 1017; x_wconf 76' lang='lat' dir='ltr'>rama,</span> <span class='ocrx_word' id='word_1_25' title='bbox 1995 928 2241 1002; x_wconf 86' lang='lat' dir='ltr'>adibat.</span> 
     </span>
    </p>
   </div>
   <div class='ocr_carea' id='block_1_7' title="bbox 559 1105 1650 4398">
    <p class='ocr_par' dir='ltr' id='par_1_7' title="bbox 559 1105 1650 4398">
     <span class='ocr_line' id='line_1_7' title="bbox 620 1105 1638 1183; baseline 0.004 -25"><span class='ocrx_word' id='word_1_26' title='bbox 620 1105 889 1176; x_wconf 66' lang='lat' dir='ltr'>epitheton</span> <span class='ocrx_word' id='word_1_27' title='bbox 910 1146 925 1173; x_wconf 87' lang='lat'>,</span> <span class='ocrx_word' id='word_1_28' title='bbox 958 1115 1085 1183; x_wconf 60' lang='grc' dir='ltr'><strong><em>οὔρεα</em></strong></span> <span class='ocrx_word' id='word_1_29' title='bbox 1110 1113 1314 1163; x_wconf 74' lang='grc' dir='ltr'>σκιᾶωτα</span> <span class='ocrx_word' id='word_1_30' title='bbox 1341 1129 1474 1178; x_wconf 76' lang='lat' dir='ltr'>saepe</span> <span class='ocrx_word' id='word_1_31' title='bbox 1501 1110 1638 1179; x_wconf 77' lang='lat' dir='ltr'>apud</span> 
     </span>
     <span class='ocr_line' id='line_1_8' title="bbox 626 1184 1642 1254; baseline 0.003 -17"><span class='ocrx_word' id='word_1_32' title='bbox 626 1184 945 1237; x_wconf 82' lang='lat' dir='ltr'>Homerum.</span> <span class='ocrx_word' id='word_1_33' title='bbox 970 1184 1187 1238; x_wconf 80' lang='lat' dir='ltr'><strong>Accedit</strong></span> <span class='ocrx_word' id='word_1_34' title='bbox 1205 1224 1219 1249; x_wconf 89' lang='lat'>,</span> <span class='ocrx_word' id='word_1_35' title='bbox 1245 1186 1386 1254; x_wconf 86' lang='lat' dir='ltr'>quod</span> <span class='ocrx_word' id='word_1_36' title='bbox 1408 1186 1500 1239; x_wconf 90' lang='lat' dir='ltr'>Ida</span> <span class='ocrx_word' id='word_1_37' title='bbox 1523 1206 1642 1240; x_wconf 88' lang='lat' dir='ltr'>ma-</span> 
     </span>
     <span class='ocr_line' id='line_1_9' title="bbox 618 1263 1639 1332; baseline 0.005 -17"><span class='ocrx_word' id='word_1_38' title='bbox 618 1281 744 1332; x_wconf 87' lang='lat' dir='ltr'>gnas</span> <span class='ocrx_word' id='word_1_39' title='bbox 776 1263 925 1316; x_wconf 84' lang='lat' dir='ltr'>silvas</span> <span class='ocrx_word' id='word_1_40' title='bbox 964 1263 1202 1317; x_wconf 84' lang='lat' dir='ltr'>habuisse</span> <span class='ocrx_word' id='word_1_41' title='bbox 1239 1264 1461 1318; x_wconf 74' lang='lat' dir='ltr'><strong>traditur</strong></span> <span class='ocrx_word' id='word_1_42' title='bbox 1485 1265 1639 1320; x_wconf 80' lang='lat' dir='ltr'>:vide</span> 
     </span>
     <span class='ocr_line' id='line_1_10' title="bbox 617 1338 1637 1408; baseline 0.003 -17"><span class='ocrx_word' id='word_1_43' title='bbox 617 1338 1016 1405; x_wconf 88' lang='lat' dir='ltr'>Burmannum,</span> <span class='ocrx_word' id='word_1_44' title='bbox 1037 1350 1092 1392; x_wconf 91' lang='lat' dir='ltr'>et</span> <span class='ocrx_word' id='word_1_45' title='bbox 1105 1339 1241 1394; x_wconf 85' lang='lat' dir='ltr'>cons.</span> <span class='ocrx_word' id='word_1_46' title='bbox 1256 1351 1365 1395; x_wconf 90' lang='lat' dir='ltr'>not.</span> <span class='ocrx_word' id='word_1_47' title='bbox 1382 1342 1447 1394; x_wconf 89' lang='lat' dir='ltr'>ad</span> <span class='ocrx_word' id='word_1_48' title='bbox 1467 1342 1637 1408; x_wconf 86' lang='lat' dir='ltr'>XIII,</span> 
     </span>
     <span class='ocr_line' id='line_1_11' title="bbox 620 1415 1639 1486; baseline 0.005 -19"><span class='ocrx_word' id='word_1_49' title='bbox 620 1415 934 1480; x_wconf 78' lang='lat' dir='ltr'>324.-—Mox</span> <span class='ocrx_word' id='word_1_50' title='bbox 954 1417 1228 1486; x_wconf 74' lang='lat' dir='ltr'>negotium</span> <span class='ocrx_word' id='word_1_51' title='bbox 1248 1418 1510 1472; x_wconf 84' lang='lat' dir='ltr'>facessunt</span> <span class='ocrx_word' id='word_1_52' title='bbox 1524 1439 1639 1472; x_wconf 80' lang='lat' dir='ltr'>ver-</span> 
     </span>
     <span class='ocr_line' id='line_1_12' title="bbox 616 1493 1641 1568; baseline 0.005 -23"><span class='ocrx_word' id='word_1_53' title='bbox 616 1493 682 1545; x_wconf 82' lang='lat' dir='ltr'>ba</span> <span class='ocrx_word' id='word_1_54' title='bbox 703 1497 929 1548; x_wconf 76' lang='lat' dir='ltr'><em>Granico</em></span> <span class='ocrx_word' id='word_1_55' title='bbox 944 1505 1071 1548; x_wconf 77' lang='lat' dir='ltr'><em>nota</em></span> <span class='ocrx_word' id='word_1_56' title='bbox 1086 1501 1290 1550; x_wconf 77' lang='lat' dir='ltr'><em>bicorni.</em></span> <span class='ocrx_word' id='word_1_57' title='bbox 1310 1498 1457 1552; x_wconf 88' lang='lat' dir='ltr'>MSS</span> <span class='ocrx_word' id='word_1_58' title='bbox 1480 1498 1641 1568; x_wconf 87' lang='lat' dir='ltr'>pleri-</span> 
     </span>
     <span class='ocr_line' id='line_1_13' title="bbox 617 1574 1637 1646; baseline 0.006 -23"><span class='ocrx_word' id='word_1_59' title='bbox 617 1589 719 1639; x_wconf 87' lang='lat' dir='ltr'>que</span> <span class='ocrx_word' id='word_1_60' title='bbox 737 1610 752 1637; x_wconf 94' lang='lat'>,</span> <span class='ocrx_word' id='word_1_61' title='bbox 792 1574 997 1626; x_wconf 72' lang='lat' dir='ltr'>Gracia</span> <span class='ocrx_word' id='word_1_62' title='bbox 1015 1586 1202 1628; x_wconf 80' lang='lat' dir='ltr'><em>conala</em></span> <span class='ocrx_word' id='word_1_63' title='bbox 1228 1579 1432 1629; x_wconf 76' lang='lat' dir='ltr'><em>bicorni.</em></span> <span class='ocrx_word' id='word_1_64' title='bbox 1468 1574 1637 1646; x_wconf 78' lang='lat' dir='ltr'>Raph.</span> 
     </span>
     <span class='ocr_line' id='line_1_14' title="bbox 619 1648 1641 1718; baseline 0.006 -17"><span class='ocrx_word' id='word_1_65' title='bbox 619 1648 815 1718; x_wconf 86' lang='lat' dir='ltr'>Regius</span> <span class='ocrx_word' id='word_1_66' title='bbox 834 1662 1018 1704; x_wconf 88' lang='lat' dir='ltr'>monet</span> <span class='ocrx_word' id='word_1_67' title='bbox 1037 1691 1052 1718; x_wconf 98' lang='lat'>,</span> <span class='ocrx_word' id='word_1_68' title='bbox 1077 1655 1276 1706; x_wconf 59' lang='lat' dir='ltr'>bri-orne</span> <span class='ocrx_word' id='word_1_69' title='bbox 1303 1674 1412 1708; x_wconf 85' lang='lat' dir='ltr'>esse</span> <span class='ocrx_word' id='word_1_70' title='bbox 1440 1656 1641 1709; x_wconf 88' lang='lat' dir='ltr'>instru-</span> 
     </span>
     <span class='ocr_line' id='line_1_15' title="bbox 620 1732 1638 1804; baseline 0.007 -24"><span class='ocrx_word' id='word_1_71' title='bbox 620 1739 864 1783; x_wconf 79' lang='lat' dir='ltr'>mentum</span> <span class='ocrx_word' id='word_1_72' title='bbox 906 1732 1173 1785; x_wconf 76' lang='lat' dir='ltr'>rusticum.</span> <span class='ocrx_word' id='word_1_73' title='bbox 1226 1734 1405 1787; x_wconf 82' lang='lat' dir='ltr'>Audio</span> <span class='ocrx_word' id='word_1_74' title='bbox 1441 1756 1455 1796; x_wconf 86' lang='lat'><strong>;</strong></span> <span class='ocrx_word' id='word_1_75' title='bbox 1502 1754 1638 1804; x_wconf 79' lang='lat' dir='ltr'>saepe</span> 
     </span>
     <span class='ocr_line' id='line_1_16' title="bbox 618 1805 1639 1881; baseline 0.007 -24"><span class='ocrx_word' id='word_1_76' title='bbox 618 1805 763 1858; x_wconf 90' lang='lat' dir='ltr'>enim</span> <span class='ocrx_word' id='word_1_77' title='bbox 777 1808 947 1875; x_wconf 79' lang='lat' dir='ltr'>surcae</span> <span class='ocrx_word' id='word_1_78' title='bbox 979 1812 1207 1862; x_wconf 58' lang='lat' dir='ltr'>bei-ornes</span> <span class='ocrx_word' id='word_1_79' title='bbox 1238 1811 1293 1863; x_wconf 89' lang='lat' dir='ltr'>in</span> <span class='ocrx_word' id='word_1_80' title='bbox 1323 1811 1639 1881; x_wconf 73' lang='lat' dir='ltr'>supellectile</span> 
     </span>
     <span class='ocr_line' id='line_1_17' title="bbox 617 1885 1636 1956; baseline 0.008 -19"><span class='ocrx_word' id='word_1_81' title='bbox 617 1885 809 1939; x_wconf 89' lang='lat' dir='ltr'>rustica</span> <span class='ocrx_word' id='word_1_82' title='bbox 831 1898 1322 1941; x_wconf 88' lang='lat' dir='ltr'>commemorantur</span> <span class='ocrx_word' id='word_1_83' title='bbox 1338 1928 1353 1953; x_wconf 90' lang='lat'>,</span> <span class='ocrx_word' id='word_1_84' title='bbox 1387 1900 1446 1942; x_wconf 89' lang='lat' dir='ltr'>ut</span> <span class='ocrx_word' id='word_1_85' title='bbox 1471 1889 1636 1956; x_wconf 83' lang='lat' dir='ltr'>VIII,</span> 
     </span>
     <span class='ocr_line' id='line_1_18' title="bbox 619 1963 1642 2035; baseline 0.007 -20"><span class='ocrx_word' id='word_1_86' title='bbox 619 1964 734 2016; x_wconf 74' lang='lat'><strong>550.</strong></span> <span class='ocrx_word' id='word_1_87' title='bbox 754 1963 898 2017; x_wconf 86' lang='lat' dir='ltr'>Hinc</span> <span class='ocrx_word' id='word_1_88' title='bbox 916 1965 1089 2035; x_wconf 88' lang='lat' dir='ltr'>potuit</span> <span class='ocrx_word' id='word_1_89' title='bbox 1104 1966 1295 2020; x_wconf 81' lang='lat' dir='ltr'>Noster</span> <span class='ocrx_word' id='word_1_90' title='bbox 1309 1972 1507 2021; x_wconf 84' lang='lat' dir='ltr'>bicorne</span> <span class='ocrx_word' id='word_1_91' title='bbox 1518 1968 1642 2022; x_wconf 86' lang='lat' dir='ltr'>sub-</span> 
     </span>
     <span class='ocr_line' id='line_1_19' title="bbox 617 2042 1638 2115; baseline 0.008 -21"><span class='ocrx_word' id='word_1_92' title='bbox 617 2043 839 2096; x_wconf 77' lang='lat' dir='ltr'>stantive</span> <span class='ocrx_word' id='word_1_93' title='bbox 878 2042 1049 2098; x_wconf 79' lang='lat' dir='ltr'>dicere</span> <span class='ocrx_word' id='word_1_94' title='bbox 1069 2084 1084 2110; x_wconf 92' lang='lat'>,</span> <span class='ocrx_word' id='word_1_95' title='bbox 1120 2056 1180 2098; x_wconf 89' lang='lat' dir='ltr'>ut</span> <span class='ocrx_word' id='word_1_96' title='bbox 1213 2049 1406 2099; x_wconf 73' lang='lat' dir='ltr'>crinale</span> <span class='ocrx_word' id='word_1_97' title='bbox 1441 2048 1527 2115; x_wconf 84' lang='lat' dir='ltr'>V,</span> <span class='ocrx_word' id='word_1_98' title='bbox 1559 2049 1638 2102; x_wconf 87' lang='lat'>53.</span> 
     </span>
     <span class='ocr_line' id='line_1_20' title="bbox 621 2119 1642 2193; baseline 0.006 -20"><span class='ocrx_word' id='word_1_99' title='bbox 621 2119 789 2173; x_wconf 86' lang='lat' dir='ltr'>Addit</span> <span class='ocrx_word' id='word_1_100' title='bbox 816 2120 1108 2177; x_wconf 74' lang='lat' dir='ltr'>Glareanus</span> <span class='ocrx_word' id='word_1_101' title='bbox 1132 2124 1483 2193; x_wconf 85' lang='lat' dir='ltr'>parturientes</span> <span class='ocrx_word' id='word_1_102' title='bbox 1502 2125 1642 2179; x_wconf 85' lang='lat' dir='ltr'>sole-</span> 
     </span>
     <span class='ocr_line' id='line_1_21' title="bbox 618 2199 1642 2277; baseline 0.008 -27"><span class='ocrx_word' id='word_1_103' title='bbox 618 2216 676 2251; x_wconf 86' lang='lat' dir='ltr'>re</span> <span class='ocrx_word' id='word_1_104' title='bbox 694 2237 709 2263; x_wconf 93' lang='lat'>,</span> <span class='ocrx_word' id='word_1_105' title='bbox 728 2199 768 2251; x_wconf 92' lang='lat' dir='ltr'>si</span> <span class='ocrx_word' id='word_1_106' title='bbox 794 2218 955 2253; x_wconf 91' lang='lat' dir='ltr'>nemo</span> <span class='ocrx_word' id='word_1_107' title='bbox 975 2201 1035 2254; x_wconf 91' lang='lat' dir='ltr'>iis</span> <span class='ocrx_word' id='word_1_108' title='bbox 1052 2200 1216 2277; x_wconf 45' lang='lat' dir='ltr'>adsit„</span> <span class='ocrx_word' id='word_1_109' title='bbox 1240 2201 1302 2255; x_wconf 88' lang='lat' dir='ltr'>ad</span> <span class='ocrx_word' id='word_1_110' title='bbox 1327 2202 1519 2271; x_wconf 88' lang='lat' dir='ltr'>aliquid</span> <span class='ocrx_word' id='word_1_111' title='bbox 1536 2203 1642 2258; x_wconf 81' lang='lat' dir='ltr'>sul-</span> 
     </span>
     <span class='ocr_line' id='line_1_22' title="bbox 615 2276 1646 2351; baseline 0.006 -23"><span class='ocrx_word' id='word_1_112' title='bbox 615 2276 708 2329; x_wconf 92' lang='lat' dir='ltr'>ciri</span> <span class='ocrx_word' id='word_1_113' title='bbox 727 2276 811 2330; x_wconf 84' lang='lat' dir='ltr'>:id</span> <span class='ocrx_word' id='word_1_114' title='bbox 838 2298 1045 2349; x_wconf 89' lang='lat' dir='ltr'>quoque</span> <span class='ocrx_word' id='word_1_115' title='bbox 1071 2290 1246 2350; x_wconf 86' lang='lat' dir='ltr'>potest</span> <span class='ocrx_word' id='word_1_116' title='bbox 1267 2281 1425 2336; x_wconf 88' lang='lat' dir='ltr'>credi.</span> <span class='ocrx_word' id='word_1_117' title='bbox 1447 2282 1518 2336; x_wconf 86' lang='lat' dir='ltr'>Et</span> <span class='ocrx_word' id='word_1_118' title='bbox 1517 2284 1646 2351; x_wconf 82' lang='lat' dir='ltr'>sur-</span> 
     </span>
     <span class='ocr_line' id='line_1_23' title="bbox 612 2355 1637 2428; baseline 0.008 -22"><span class='ocrx_word' id='word_1_119' title='bbox 612 2355 781 2415; x_wconf 62' lang='lat' dir='ltr'>himin</span> <span class='ocrx_word' id='word_1_120' title='bbox 795 2356 1637 2428; x_wconf 73' lang='lat' dir='ltr'>solitudine,pariebatAlexirhoe,</span> 
     </span>
     <span class='ocr_line' id='line_1_24' title="bbox 616 2432 1643 2507; baseline 0.007 -23"><span class='ocrx_word' id='word_1_121' title='bbox 616 2443 676 2485; x_wconf 91' lang='lat' dir='ltr'>ut</span> <span class='ocrx_word' id='word_1_122' title='bbox 694 2432 821 2487; x_wconf 86' lang='lat' dir='ltr'>olim</span> <span class='ocrx_word' id='word_1_123' title='bbox 840 2434 1038 2488; x_wconf 86' lang='lat' dir='ltr'>Latona</span> <span class='ocrx_word' id='word_1_124' title='bbox 1052 2475 1065 2501; x_wconf 88' lang='lat'>,</span> <span class='ocrx_word' id='word_1_125' title='bbox 1083 2438 1137 2490; x_wconf 81' lang='lat' dir='ltr'>in</span> <span class='ocrx_word' id='word_1_126' title='bbox 1155 2438 1306 2506; x_wconf 78' lang='lat' dir='ltr'>cujus</span> <span class='ocrx_word' id='word_1_127' title='bbox 1323 2450 1476 2507; x_wconf 84' lang='lat' dir='ltr'>partu</span> <span class='ocrx_word' id='word_1_128' title='bbox 1491 2450 1643 2493; x_wconf 87' lang='lat' dir='ltr'>trun-</span> 
     </span>
     <span class='ocr_line' id='line_1_25' title="bbox 616 2513 1643 2583; baseline 0.009 -19"><span class='ocrx_word' id='word_1_129' title='bbox 616 2530 705 2565; x_wconf 86' lang='lat' dir='ltr'>cus</span> <span class='ocrx_word' id='word_1_130' title='bbox 728 2513 913 2583; x_wconf 63' lang='lat' dir='ltr'>palme</span> <span class='ocrx_word' id='word_1_131' title='bbox 935 2515 1072 2569; x_wconf 72' lang='lat' dir='ltr'>vices</span> <span class='ocrx_word' id='word_1_132' title='bbox 1104 2514 1241 2571; x_wconf 72' lang='lat' dir='ltr'>sellae</span> <span class='ocrx_word' id='word_1_133' title='bbox 1272 2518 1643 2573; x_wconf 68' lang='lat' dir='ltr'>obstetricariae</span> 
     </span>
     <span class='ocr_line' id='line_1_26' title="bbox 614 2596 1641 2666; baseline 0.004 -19"><span class='ocrx_word' id='word_1_134' title='bbox 614 2596 918 2665; x_wconf 62' lang='lat' dir='ltr'>prestabau</span> <span class='ocrx_word' id='word_1_135' title='bbox 944 2596 1298 2653; x_wconf 71' lang='lat' dir='ltr'>Callimachus</span> <span class='ocrx_word' id='word_1_136' title='bbox 1315 2638 1330 2666; x_wconf 92' lang='lat'>,</span> <span class='ocrx_word' id='word_1_137' title='bbox 1357 2599 1406 2652; x_wconf 82' lang='lat' dir='ltr'>h.</span> <span class='ocrx_word' id='word_1_138' title='bbox 1432 2599 1549 2655; x_wconf 89' lang='lat' dir='ltr'>Del.</span> <span class='ocrx_word' id='word_1_139' title='bbox 1569 2619 1641 2655; x_wconf 80' lang='lat' dir='ltr'>vs.</span> 
     </span>
     <span class='ocr_line' id='line_1_27' title="bbox 618 2673 1642 2733; baseline 0.008 -9"><span class='ocrx_word' id='word_1_140' title='bbox 618 2691 733 2725; x_wconf 76' lang='lat'>210.</span> <span class='ocrx_word' id='word_1_141' title='bbox 755 2674 834 2727; x_wconf 85' lang='lat' dir='ltr'>lta</span> <span class='ocrx_word' id='word_1_142' title='bbox 849 2673 1236 2731; x_wconf 65' lang='lat' dir='ltr'>describeretur</span> <span class='ocrx_word' id='word_1_143' title='bbox 1258 2677 1342 2731; x_wconf 85' lang='lat' dir='ltr'>hic</span> <span class='ocrx_word' id='word_1_144' title='bbox 1362 2689 1505 2733; x_wconf 85' lang='lat' dir='ltr'>actus</span> <span class='ocrx_word' id='word_1_145' title='bbox 1529 2697 1642 2732; x_wconf 90' lang='lat' dir='ltr'>mu·</span> 
     </span>
     <span class='ocr_line' id='line_1_28' title="bbox 613 2748 1642 2823; baseline 0.003 -19"><span class='ocrx_word' id='word_1_146' title='bbox 613 2748 752 2804; x_wconf 88' lang='lat' dir='ltr'>lieris</span> <span class='ocrx_word' id='word_1_147' title='bbox 775 2752 1025 2821; x_wconf 83' lang='lat' dir='ltr'>parientis</span> <span class='ocrx_word' id='word_1_148' title='bbox 1044 2793 1058 2821; x_wconf 91' lang='lat'>,</span> <span class='ocrx_word' id='word_1_149' title='bbox 1091 2773 1209 2823; x_wconf 75' lang='lat' dir='ltr'>quae</span> <span class='ocrx_word' id='word_1_150' title='bbox 1228 2754 1389 2808; x_wconf 62' lang='lat' dir='ltr'>furca</span> <span class='ocrx_word' id='word_1_151' title='bbox 1414 2754 1642 2809; x_wconf 87' lang='lat' dir='ltr'>bicornis</span> 
     </span>
     <span class='ocr_line' id='line_1_29' title="bbox 618 2832 1641 2903; baseline 0.002 -17"><span class='ocrx_word' id='word_1_152' title='bbox 618 2832 912 2886; x_wconf 87' lang='lat' dir='ltr'>ministerio</span> <span class='ocrx_word' id='word_1_153' title='bbox 935 2834 1101 2888; x_wconf 79' lang='lat' dir='ltr'>levata</span> <span class='ocrx_word' id='word_1_154' title='bbox 1122 2835 1220 2888; x_wconf 86' lang='lat' dir='ltr'>sit:</span> <span class='ocrx_word' id='word_1_155' title='bbox 1240 2844 1395 2903; x_wconf 86' lang='lat' dir='ltr'>atque</span> <span class='ocrx_word' id='word_1_156' title='bbox 1414 2834 1514 2888; x_wconf 87' lang='lat' dir='ltr'>boc</span> <span class='ocrx_word' id='word_1_157' title='bbox 1530 2835 1641 2888; x_wconf 80' lang='lat' dir='ltr'>vult</span> 
     </span>
     <span class='ocr_line' id='line_1_30' title="bbox 620 2911 1643 2969; baseline 0.007 -7"><span class='ocrx_word' id='word_1_158' title='bbox 620 2911 780 2963; x_wconf 86' lang='lat' dir='ltr'>etiam</span> <span class='ocrx_word' id='word_1_159' title='bbox 798 2911 1131 2968; x_wconf 83' lang='lat' dir='ltr'>Schirachius</span> <span class='ocrx_word' id='word_1_160' title='bbox 1150 2934 1163 2967; x_wconf 70' lang='grc' dir='ltr'><strong>ε</strong></span> <span class='ocrx_word' id='word_1_161' title='bbox 1188 2914 1278 2968; x_wconf 86' lang='lat' dir='ltr'>sed</span> <span class='ocrx_word' id='word_1_162' title='bbox 1299 2914 1365 2969; x_wconf 90' lang='lat' dir='ltr'>de</span> <span class='ocrx_word' id='word_1_163' title='bbox 1379 2916 1542 2969; x_wconf 77' lang='lat' dir='ltr'>verbo</span> <span class='ocrx_word' id='word_1_164' title='bbox 1558 2934 1643 2969; x_wconf 86' lang='lat' dir='ltr'>co-</span> 
     </span>
     <span class='ocr_line' id='line_1_31' title="bbox 618 2987 1644 3059; baseline 0.006 -18"><span class='ocrx_word' id='word_1_165' title='bbox 618 2997 747 3041; x_wconf 78' lang='lat' dir='ltr'>nata</span> <span class='ocrx_word' id='word_1_166' title='bbox 774 2987 930 3042; x_wconf 87' lang='lat' dir='ltr'>silent</span> <span class='ocrx_word' id='word_1_167' title='bbox 960 3008 1163 3045; x_wconf 86' lang='lat' dir='ltr'>omnes.</span> <span class='ocrx_word' id='word_1_168' title='bbox 1198 2991 1347 3059; x_wconf 87' lang='lat' dir='ltr'>Quid</span> <span class='ocrx_word' id='word_1_169' title='bbox 1372 2993 1516 3046; x_wconf 88' lang='lat' dir='ltr'>enim</span> <span class='ocrx_word' id='word_1_170' title='bbox 1542 2993 1644 3046; x_wconf 85' lang='lat' dir='ltr'>boc</span> 
     </span>
     <span class='ocr_line' id='line_1_32' title="bbox 617 3066 1650 3139; baseline 0.007 -21"><span class='ocrx_word' id='word_1_171' title='bbox 617 3075 729 3132; x_wconf 89' lang='lat' dir='ltr'>est,</span> <span class='ocrx_word' id='word_1_172' title='bbox 757 3066 949 3120; x_wconf 88' lang='lat' dir='ltr'>mulier</span> <span class='ocrx_word' id='word_1_173' title='bbox 981 3068 1187 3136; x_wconf 86' lang='lat' dir='ltr'>pariens</span> <span class='ocrx_word' id='word_1_174' title='bbox 1222 3077 1436 3123; x_wconf 80' lang='lat' dir='ltr'>conatur</span> <span class='ocrx_word' id='word_1_175' title='bbox 1455 3075 1650 3139; x_wconf 69' lang='lat' dir='ltr'>gracili</span> 
     </span>
     <span class='ocr_line' id='line_1_33' title="bbox 614 3145 1639 3218; baseline 0.007 -22"><span class='ocrx_word' id='word_1_176' title='bbox 614 3147 815 3198; x_wconf 70' lang='lat' dir='ltr'>hicum·</span> <span class='ocrx_word' id='word_1_177' title='bbox 825 3145 856 3198; x_wconf 86' lang='lat'><em>?</em></span> <span class='ocrx_word' id='word_1_178' title='bbox 873 3146 1096 3200; x_wconf 75' lang='lat' dir='ltr'>Facilius</span> <span class='ocrx_word' id='word_1_179' title='bbox 1114 3145 1249 3201; x_wconf 71' lang='lat' dir='ltr'>sorte</span> <span class='ocrx_word' id='word_1_180' title='bbox 1273 3147 1501 3217; x_wconf 81' lang='lat' dir='ltr'>expediri</span> <span class='ocrx_word' id='word_1_181' title='bbox 1518 3168 1639 3218; x_wconf 89' lang='lat' dir='ltr'>pos-</span> 
     </span>
     <span class='ocr_line' id='line_1_34' title="bbox 614 3227 1642 3298; baseline 0.002 -18"><span class='ocrx_word' id='word_1_182' title='bbox 614 3235 726 3291; x_wconf 84' lang='lat' dir='ltr'>set,</span> <span class='ocrx_word' id='word_1_183' title='bbox 752 3229 972 3280; x_wconf 74' lang='lat' dir='ltr'>connita</span> <span class='ocrx_word' id='word_1_184' title='bbox 1002 3232 1208 3280; x_wconf 81' lang='lat' dir='ltr'>be&#39;corni.</span> <span class='ocrx_word' id='word_1_185' title='bbox 1246 3227 1354 3282; x_wconf 85' lang='lat' dir='ltr'>Sed</span> <span class='ocrx_word' id='word_1_186' title='bbox 1394 3228 1642 3298; x_wconf 64' lang='lat' dir='ltr'>precedit</span> 
     </span>
     <span class='ocr_line' id='line_1_35' title="bbox 611 3305 1635 3376; baseline 0.003 -19"><span class='ocrx_word' id='word_1_187' title='bbox 611 3307 795 3369; x_wconf 52' lang='lat' dir='ltr'>enirm·</span> <span class='ocrx_word' id='word_1_188' title='bbox 822 3315 877 3358; x_wconf 89' lang='lat' dir='ltr'>et</span> <span class='ocrx_word' id='word_1_189' title='bbox 907 3308 1101 3367; x_wconf 68' lang='lat' dir='ltr'>levata,</span> <span class='ocrx_word' id='word_1_190' title='bbox 1143 3305 1287 3374; x_wconf 85' lang='lat' dir='ltr'>quod</span> <span class='ocrx_word' id='word_1_191' title='bbox 1327 3306 1537 3376; x_wconf 84' lang='lat' dir='ltr'>proprie</span> <span class='ocrx_word' id='word_1_192' title='bbox 1568 3306 1635 3360; x_wconf 89' lang='lat' dir='ltr'>de</span> 
     </span>
     <span class='ocr_line' id='line_1_36' title="bbox 559 3383 1642 3462; baseline 0.006 -27"><span class='ocrx_word' id='word_1_193' title='bbox 559 3451 565 3462; x_wconf 21' lang='grc' dir='ltr'><em>Δ</em></span> <span class='ocrx_word' id='word_1_194' title='bbox 616 3383 938 3452; x_wconf 83' lang='lat' dir='ltr'>parientibus</span> <span class='ocrx_word' id='word_1_195' title='bbox 968 3395 1251 3455; x_wconf 77' lang='lat' dir='ltr'>usurpatur</span> <span class='ocrx_word' id='word_1_196' title='bbox 1269 3424 1284 3451; x_wconf 98' lang='lat'>,</span> <span class='ocrx_word' id='word_1_197' title='bbox 1313 3404 1490 3440; x_wconf 79' lang='lat' dir='ltr'>versus</span> <span class='ocrx_word' id='word_1_198' title='bbox 1519 3406 1642 3441; x_wconf 88' lang='lat' dir='ltr'>res-</span> 
     </span>
     <span class='ocr_line' id='line_1_37' title="bbox 618 3463 1640 3537; baseline 0.003 -19"><span class='ocrx_word' id='word_1_199' title='bbox 618 3464 749 3535; x_wconf 88' lang='lat' dir='ltr'>puit.</span> <span class='ocrx_word' id='word_1_200' title='bbox 776 3463 1028 3519; x_wconf 85' lang='lat' dir='ltr'>Heinsius</span> <span class='ocrx_word' id='word_1_201' title='bbox 1052 3465 1211 3537; x_wconf 85' lang='lat' dir='ltr'>igitur</span> <span class='ocrx_word' id='word_1_202' title='bbox 1238 3467 1467 3536; x_wconf 87' lang='lat' dir='ltr'>recepit,</span> <span class='ocrx_word' id='word_1_203' title='bbox 1496 3468 1640 3537; x_wconf 85' lang='lat' dir='ltr'>quod</span> 
     </span>
     <span class='ocr_line' id='line_1_38' title="bbox 618 3542 1641 3616; baseline 0.002 -20"><span class='ocrx_word' id='word_1_204' title='bbox 618 3551 674 3596; x_wconf 88' lang='lat' dir='ltr'>et</span> <span class='ocrx_word' id='word_1_205' title='bbox 705 3543 910 3597; x_wconf 88' lang='lat' dir='ltr'>Pierius</span> <span class='ocrx_word' id='word_1_206' title='bbox 946 3542 1120 3599; x_wconf 89' lang='lat' dir='ltr'>Valer.</span> <span class='ocrx_word' id='word_1_207' title='bbox 1160 3545 1247 3599; x_wconf 89' lang='lat' dir='ltr'>lib.</span> <span class='ocrx_word' id='word_1_208' title='bbox 1283 3545 1367 3600; x_wconf 87' lang='lat'>111</span> <span class='ocrx_word' id='word_1_209' title='bbox 1401 3545 1641 3616; x_wconf 81' lang='lat' dir='ltr'>Hierogl.</span> 
     </span>
     <span class='ocr_line' id='line_1_39' title="bbox 617 3624 1640 3692; baseline 0.004 -19"><span class='ocrx_word' id='word_1_210' title='bbox 617 3638 727 3689; x_wconf 85' lang='lat' dir='ltr'>cap.</span> <span class='ocrx_word' id='word_1_211' title='bbox 745 3639 781 3692; x_wconf 79' lang='lat'><strong>9</strong></span> <span class='ocrx_word' id='word_1_212' title='bbox 795 3659 810 3685; x_wconf 93' lang='lat'>,</span> <span class='ocrx_word' id='word_1_213' title='bbox 836 3631 1096 3689; x_wconf 73' lang='lat' dir='ltr'>suaserat,</span> <span class='ocrx_word' id='word_1_214' title='bbox 1140 3624 1361 3677; x_wconf 74' lang='lat' dir='ltr'>Granico</span> <span class='ocrx_word' id='word_1_215' title='bbox 1394 3631 1520 3677; x_wconf 76' lang='lat' dir='ltr'><em>nata</em></span> <span class='ocrx_word' id='word_1_216' title='bbox 1548 3627 1640 3677; x_wconf 81' lang='lat' dir='ltr'>bi-</span> 
     </span>
     <span class='ocr_line' id='line_1_40' title="bbox 617 3697 1641 3767; baseline 0.007 -17"><span class='ocrx_word' id='word_1_217' title='bbox 617 3703 772 3751; x_wconf 80' lang='lat' dir='ltr'>eorni.</span> <span class='ocrx_word' id='word_1_218' title='bbox 792 3697 954 3767; x_wconf 84' lang='lat' dir='ltr'>Quod</span> <span class='ocrx_word' id='word_1_219' title='bbox 973 3718 1068 3753; x_wconf 91' lang='lat' dir='ltr'>cur</span> <span class='ocrx_word' id='word_1_220' title='bbox 1083 3719 1293 3755; x_wconf 86' lang='lat' dir='ltr'>merum</span> <span class='ocrx_word' id='word_1_221' title='bbox 1311 3720 1488 3757; x_wconf 81' lang='lat' dir='ltr'>versus</span> <span class='ocrx_word' id='word_1_222' title='bbox 1501 3721 1641 3756; x_wconf 88' lang='lat' dir='ltr'>com·</span> 
     </span>
     <span class='ocr_line' id='line_1_41' title="bbox 617 3774 1637 3847; baseline 0.005 -20"><span class='ocrx_word' id='word_1_223' title='bbox 617 3774 949 3845; x_wconf 88' lang='lat' dir='ltr'>plementum</span> <span class='ocrx_word' id='word_1_224' title='bbox 987 3796 1015 3830; x_wconf 93' lang='lat' dir='ltr'>a</span> <span class='ocrx_word' id='word_1_225' title='bbox 1053 3777 1356 3833; x_wconf 78' lang='lat' dir='ltr'>Sebirachio</span> <span class='ocrx_word' id='word_1_226' title='bbox 1395 3778 1601 3834; x_wconf 88' lang='lat' dir='ltr'>dicatur</span> <span class='ocrx_word' id='word_1_227' title='bbox 1622 3819 1637 3847; x_wconf 88' lang='lat'>,</span> 
     </span>
     <span class='ocr_line' id='line_1_42' title="bbox 615 3855 1640 3927; baseline 0.003 -18"><span class='ocrx_word' id='word_1_228' title='bbox 615 3874 727 3909; x_wconf 89' lang='lat' dir='ltr'>non</span> <span class='ocrx_word' id='word_1_229' title='bbox 754 3855 909 3910; x_wconf 81' lang='lat' dir='ltr'>video</span> <span class='ocrx_word' id='word_1_230' title='bbox 934 3875 947 3909; x_wconf 79' lang='lat' dir='ltr'>z</span> <span class='ocrx_word' id='word_1_231' title='bbox 973 3875 1106 3927; x_wconf 68' lang='lat' dir='ltr'>sepe</span> <span class='ocrx_word' id='word_1_232' title='bbox 1140 3858 1285 3913; x_wconf 88' lang='lat' dir='ltr'>enim</span> <span class='ocrx_word' id='word_1_233' title='bbox 1323 3859 1394 3912; x_wconf 91' lang='lat' dir='ltr'>ita</span> <span class='ocrx_word' id='word_1_234' title='bbox 1429 3858 1640 3914; x_wconf 82' lang='lat' dir='ltr'>additur</span> 
     </span>
     <span class='ocr_line' id='line_1_43' title="bbox 617 3935 1638 4007; baseline 0.002 -19"><span class='ocrx_word' id='word_1_235' title='bbox 617 3953 820 3989; x_wconf 85' lang='lat' dir='ltr'>nomen</span> <span class='ocrx_word' id='word_1_236' title='bbox 835 3935 1018 4005; x_wconf 84' lang='lat' dir='ltr'>patris:</span> <span class='ocrx_word' id='word_1_237' title='bbox 1036 3955 1208 4006; x_wconf 89' lang='lat' dir='ltr'>neque</span> <span class='ocrx_word' id='word_1_238' title='bbox 1232 3937 1411 4007; x_wconf 80' lang='lat' dir='ltr'>negari</span> <span class='ocrx_word' id='word_1_239' title='bbox 1437 3946 1606 4007; x_wconf 88' lang='lat' dir='ltr'>potest</span> <span class='ocrx_word' id='word_1_240' title='bbox 1621 3975 1638 4003; x_wconf 92' lang='lat'>,</span> 
     </span>
     <span class='ocr_line' id='line_1_44' title="bbox 622 4014 1640 4088; baseline 0.001 -21"><span class='ocrx_word' id='word_1_241' title='bbox 622 4016 901 4067; x_wconf 72' lang='lat' dir='ltr'>Granicum</span> <span class='ocrx_word' id='word_1_242' title='bbox 925 4054 939 4075; x_wconf 93' lang='lat'>‚</span> <span class='ocrx_word' id='word_1_243' title='bbox 980 4014 1210 4068; x_wconf 84' lang='lat' dir='ltr'>nobilem</span> <span class='ocrx_word' id='word_1_244' title='bbox 1252 4015 1493 4088; x_wconf 70' lang='lat' dir='ltr'>Phrygioe</span> <span class='ocrx_word' id='word_1_245' title='bbox 1526 4015 1640 4068; x_wconf 85' lang='lat' dir='ltr'>ssu-</span> 
     </span>
     <span class='ocr_line' id='line_1_45' title="bbox 617 4091 1639 4166; baseline 0.003 -23"><span class='ocrx_word' id='word_1_246' title='bbox 617 4091 764 4145; x_wconf 75' lang='lat' dir='ltr'>vium</span> <span class='ocrx_word' id='word_1_247' title='bbox 783 4132 798 4159; x_wconf 98' lang='lat'>,</span> <span class='ocrx_word' id='word_1_248' title='bbox 831 4091 990 4146; x_wconf 85' lang='lat' dir='ltr'>etiam</span> <span class='ocrx_word' id='word_1_249' title='bbox 1012 4093 1068 4147; x_wconf 90' lang='lat' dir='ltr'>in</span> <span class='ocrx_word' id='word_1_250' title='bbox 1099 4092 1418 4166; x_wconf 75' lang='lat' dir='ltr'>mythologia</span> <span class='ocrx_word' id='word_1_251' title='bbox 1442 4113 1639 4149; x_wconf 80' lang='lat' dir='ltr'>occur-</span> 
     </span>
     <span class='ocr_line' id='line_1_46' title="bbox 615 4170 1640 4242; baseline 0.005 -22"><span class='ocrx_word' id='word_1_252' title='bbox 615 4186 752 4221; x_wconf 86' lang='lat' dir='ltr'>rere.</span> <span class='ocrx_word' id='word_1_253' title='bbox 780 4170 979 4224; x_wconf 80' lang='lat' dir='ltr'>Cornua</span> <span class='ocrx_word' id='word_1_254' title='bbox 1008 4189 1133 4225; x_wconf 88' lang='lat' dir='ltr'>vero</span> <span class='ocrx_word' id='word_1_255' title='bbox 1157 4170 1329 4226; x_wconf 80' lang='lat' dir='ltr'>fluviis</span> <span class='ocrx_word' id='word_1_256' title='bbox 1359 4172 1517 4226; x_wconf 86' lang='lat' dir='ltr'>tribui</span> <span class='ocrx_word' id='word_1_257' title='bbox 1542 4172 1640 4242; x_wconf 88' lang='lat' dir='ltr'>ipsi</span> 
     </span>
     <span class='ocr_line' id='line_1_47' title="bbox 619 4243 1637 4316; baseline 0.006 -19"><span class='ocrx_word' id='word_1_258' title='bbox 619 4243 892 4302; x_wconf 75' lang='lat' dir='ltr'>docuimus</span> <span class='ocrx_word' id='word_1_259' title='bbox 928 4248 995 4301; x_wconf 85' lang='lat' dir='ltr'>ad</span> <span class='ocrx_word' id='word_1_260' title='bbox 1029 4250 1108 4303; x_wconf 79' lang='lat' dir='ltr'>lx</span> <span class='ocrx_word' id='word_1_261' title='bbox 1130 4288 1145 4316; x_wconf 92' lang='lat'>,</span> <span class='ocrx_word' id='word_1_262' title='bbox 1192 4270 1232 4302; x_wconf 83' lang='lat'>1.</span> <span class='ocrx_word' id='word_1_263' title='bbox 1271 4248 1380 4303; x_wconf 88' lang='lat' dir='ltr'>Sed</span> <span class='ocrx_word' id='word_1_264' title='bbox 1414 4249 1515 4304; x_wconf 86' lang='lat' dir='ltr'>hoc</span> <span class='ocrx_word' id='word_1_265' title='bbox 1550 4268 1637 4303; x_wconf 89' lang='lat' dir='ltr'>me</span> 
     </span>
     <span class='ocr_line' id='line_1_48' title="bbox 617 4322 1638 4398; baseline 0.005 -20"><span class='ocrx_word' id='word_1_266' title='bbox 617 4322 840 4380; x_wconf 78' lang='lat' dir='ltr'>offendit</span> <span class='ocrx_word' id='word_1_267' title='bbox 862 4366 877 4393; x_wconf 95' lang='lat'>,</span> <span class='ocrx_word' id='word_1_268' title='bbox 911 4328 1051 4397; x_wconf 86' lang='lat' dir='ltr'>quod</span> <span class='ocrx_word' id='word_1_269' title='bbox 1086 4348 1184 4398; x_wconf 89' lang='lat' dir='ltr'>pro</span> <span class='ocrx_word' id='word_1_270' title='bbox 1207 4329 1456 4396; x_wconf 85' lang='lat' dir='ltr'>arbitrio,</span> <span class='ocrx_word' id='word_1_271' title='bbox 1494 4329 1638 4383; x_wconf 83' lang='lat' dir='ltr'>nulla</span> 
     </span>
    </p>
   </div>
   <div class='ocr_carea' id='block_1_8' title="bbox 1729 1109 2755 3288">
    <p class='ocr_par' dir='ltr' id='par_1_8' title="bbox 1729 1109 2755 3288">
     <span class='ocr_line' id='line_1_49' title="bbox 1736 1109 2751 1180; baseline 0.001 -16"><span class='ocrx_word' id='word_1_272' title='bbox 1736 1111 1986 1180; x_wconf 81' lang='lat' dir='ltr'>probabili</span> <span class='ocrx_word' id='word_1_273' title='bbox 2007 1130 2158 1166; x_wconf 84' lang='lat' dir='ltr'>causa</span> <span class='ocrx_word' id='word_1_274' title='bbox 2181 1110 2329 1163; x_wconf 87' lang='lat' dir='ltr'>allata</span> <span class='ocrx_word' id='word_1_275' title='bbox 2347 1150 2361 1176; x_wconf 94' lang='lat'>,</span> <span class='ocrx_word' id='word_1_276' title='bbox 2384 1109 2524 1164; x_wconf 89' lang='lat' dir='ltr'>locus</span> <span class='ocrx_word' id='word_1_277' title='bbox 2540 1111 2609 1164; x_wconf 92' lang='lat' dir='ltr'>ita</span> <span class='ocrx_word' id='word_1_278' title='bbox 2629 1130 2751 1165; x_wconf 87' lang='lat' dir='ltr'>mu-</span> 
     </span>
     <span class='ocr_line' id='line_1_50' title="bbox 1735 1187 2750 1258; baseline 0.002 -17"><span class='ocrx_word' id='word_1_279' title='bbox 1735 1199 1872 1241; x_wconf 88' lang='lat' dir='ltr'>tatus</span> <span class='ocrx_word' id='word_1_280' title='bbox 1913 1199 2006 1241; x_wconf 88' lang='lat' dir='ltr'>est.</span> <span class='ocrx_word' id='word_1_281' title='bbox 2042 1187 2246 1241; x_wconf 88' lang='lat' dir='ltr'>Eodem</span> <span class='ocrx_word' id='word_1_282' title='bbox 2289 1189 2432 1240; x_wconf 89' lang='lat' dir='ltr'>enim</span> <span class='ocrx_word' id='word_1_283' title='bbox 2470 1188 2586 1258; x_wconf 80' lang='lat' dir='ltr'>jure</span> <span class='ocrx_word' id='word_1_284' title='bbox 2623 1190 2750 1243; x_wconf 88' lang='lat' dir='ltr'>alius</span> 
     </span>
     <span class='ocr_line' id='line_1_51' title="bbox 1735 1263 2751 1336; baseline 0.002 -19"><span class='ocrx_word' id='word_1_285' title='bbox 1735 1263 1872 1317; x_wconf 88' lang='lat' dir='ltr'>aliud</span> <span class='ocrx_word' id='word_1_286' title='bbox 1891 1264 2033 1318; x_wconf 81' lang='lat' dir='ltr'>fluvii</span> <span class='ocrx_word' id='word_1_287' title='bbox 2048 1283 2247 1317; x_wconf 89' lang='lat' dir='ltr'>nomen</span> <span class='ocrx_word' id='word_1_288' title='bbox 2257 1263 2340 1318; x_wconf 91' lang='lat' dir='ltr'>hic</span> <span class='ocrx_word' id='word_1_289' title='bbox 2353 1265 2625 1319; x_wconf 85' lang='lat' dir='ltr'>intrudere</span> <span class='ocrx_word' id='word_1_290' title='bbox 2640 1285 2751 1336; x_wconf 90' lang='lat' dir='ltr'>pos·</span> 
     </span>
     <span class='ocr_line' id='line_1_52' title="bbox 1733 1341 2751 1409; baseline 0.001 -13"><span class='ocrx_word' id='word_1_291' title='bbox 1733 1342 1814 1396; x_wconf 87' lang='lat' dir='ltr'>sit.</span> <span class='ocrx_word' id='word_1_292' title='bbox 1842 1341 2006 1397; x_wconf 88' lang='lat' dir='ltr'>Certe</span> <span class='ocrx_word' id='word_1_293' title='bbox 2038 1344 2378 1398; x_wconf 87' lang='lat' dir='ltr'>Burmannus</span> <span class='ocrx_word' id='word_1_294' title='bbox 2408 1343 2625 1409; x_wconf 85' lang='lat' dir='ltr'>suadet,</span> <span class='ocrx_word' id='word_1_295' title='bbox 2652 1346 2751 1397; x_wconf 83' lang='lat' dir='ltr'>Sa-</span> 
     </span>
     <span class='ocr_line' id='line_1_53' title="bbox 1729 1422 2753 1490; baseline 0.002 -17"><span class='ocrx_word' id='word_1_296' title='bbox 1729 1426 1852 1489; x_wconf 69' lang='lat' dir='ltr'>gnri</span> <span class='ocrx_word' id='word_1_297' title='bbox 1874 1430 2092 1490; x_wconf 65' lang='lat' dir='ltr'>cognata</span> <span class='ocrx_word' id='word_1_298' title='bbox 2127 1426 2321 1475; x_wconf 75' lang='lat' dir='ltr'><em>bicorni</em></span> <span class='ocrx_word' id='word_1_299' title='bbox 2333 1439 2351 1483; x_wconf 76' lang='lat'>‚⁸</span> <span class='ocrx_word' id='word_1_300' title='bbox 2376 1422 2635 1490; x_wconf 71' lang='lat' dir='ltr'>Sagaerimn</span> <span class='ocrx_word' id='word_1_301' title='bbox 2665 1434 2753 1475; x_wconf 91' lang='lat' dir='ltr'>aut</span> 
     </span>
     <span class='ocr_line' id='line_1_54' title="bbox 1732 1499 2750 1567; baseline 0.002 -16"><span class='ocrx_word' id='word_1_302' title='bbox 1732 1501 1966 1567; x_wconf 70' lang='lat' dir='ltr'>Sagarim</span> <span class='ocrx_word' id='word_1_303' title='bbox 1990 1499 2208 1554; x_wconf 75' lang='lat' dir='ltr'>fluvium</span> <span class='ocrx_word' id='word_1_304' title='bbox 2236 1499 2434 1554; x_wconf 80' lang='lat' dir='ltr'>dictum</span> <span class='ocrx_word' id='word_1_305' title='bbox 2460 1519 2570 1554; x_wconf 83' lang='lat' dir='ltr'>esse</span> <span class='ocrx_word' id='word_1_306' title='bbox 2597 1519 2629 1553; x_wconf 87' lang='lat' dir='ltr'>a</span> <span class='ocrx_word' id='word_1_307' title='bbox 2651 1500 2750 1554; x_wconf 88' lang='lat' dir='ltr'>Sa·-</span> 
     </span>
     <span class='ocr_line' id='line_1_55' title="bbox 1737 1578 2747 1650; baseline 0.003 -20"><span class='ocrx_word' id='word_1_308' title='bbox 1737 1579 1844 1649; x_wconf 90' lang='lat' dir='ltr'>gari</span> <span class='ocrx_word' id='word_1_309' title='bbox 1859 1619 1873 1645; x_wconf 90' lang='lat'>,</span> <span class='ocrx_word' id='word_1_310' title='bbox 1904 1578 2195 1650; x_wconf 87' lang='lat' dir='ltr'>Myndonis</span> <span class='ocrx_word' id='word_1_311' title='bbox 2217 1590 2270 1633; x_wconf 86' lang='lat' dir='ltr'>et</span> <span class='ocrx_word' id='word_1_312' title='bbox 2293 1578 2594 1633; x_wconf 79' lang='lat' dir='ltr'>Alexirhoes</span> <span class='ocrx_word' id='word_1_313' title='bbox 2610 1578 2718 1633; x_wconf 86' lang='lat' dir='ltr'>filio</span> <span class='ocrx_word' id='word_1_314' title='bbox 2734 1621 2747 1645; x_wconf 93' lang='lat'>,</span> 
     </span>
     <span class='ocr_line' id='line_1_56' title="bbox 1735 1657 2751 1726; baseline 0 -16"><span class='ocrx_word' id='word_1_315' title='bbox 1735 1657 1826 1726; x_wconf 91' lang='lat' dir='ltr'>qui</span> <span class='ocrx_word' id='word_1_316' title='bbox 1851 1658 2078 1726; x_wconf 88' lang='lat' dir='ltr'>potuerit</span> <span class='ocrx_word' id='word_1_317' title='bbox 2102 1658 2264 1711; x_wconf 80' lang='lat' dir='ltr'>filiam</span> <span class='ocrx_word' id='word_1_318' title='bbox 2288 1657 2524 1711; x_wconf 84' lang='lat' dir='ltr'>habuisse</span> <span class='ocrx_word' id='word_1_319' title='bbox 2549 1678 2609 1711; x_wconf 81' lang='lat' dir='ltr'>ex</span> <span class='ocrx_word' id='word_1_320' title='bbox 2636 1677 2751 1711; x_wconf 86' lang='lat' dir='ltr'>ma-</span> 
     </span>
     <span class='ocr_line' id='line_1_57' title="bbox 1734 1734 2752 1791; baseline -0.004 -1"><span class='ocrx_word' id='word_1_321' title='bbox 1734 1736 1829 1790; x_wconf 86' lang='lat' dir='ltr'>tris</span> <span class='ocrx_word' id='word_1_322' title='bbox 1845 1755 1953 1790; x_wconf 63' lang='lat' dir='ltr'>sue</span> <span class='ocrx_word' id='word_1_323' title='bbox 1972 1735 2189 1790; x_wconf 85' lang='lat' dir='ltr'>nomine</span> <span class='ocrx_word' id='word_1_324' title='bbox 2211 1734 2525 1791; x_wconf 82' lang='lat' dir='ltr'>Alexirhoen</span> <span class='ocrx_word' id='word_1_325' title='bbox 2544 1734 2752 1789; x_wconf 83' lang='lat' dir='ltr'>dictam.</span> 
     </span>
     <span class='ocr_line' id='line_1_58' title="bbox 1737 1813 2750 1885; baseline -0.004 -16"><span class='ocrx_word' id='word_1_326' title='bbox 1737 1814 1975 1885; x_wconf 86' lang='lat' dir='ltr'>Sagarim</span> <span class='ocrx_word' id='word_1_327' title='bbox 2002 1834 2160 1884; x_wconf 89' lang='lat' dir='ltr'>porro</span> <span class='ocrx_word' id='word_1_328' title='bbox 2187 1814 2288 1868; x_wconf 87' lang='lat' dir='ltr'>dici</span> <span class='ocrx_word' id='word_1_329' title='bbox 2315 1817 2586 1872; x_wconf 67' lang='lat' dir='ltr'>bicornem.</span> <span class='ocrx_word' id='word_1_330' title='bbox 2617 1813 2750 1868; x_wconf 85' lang='lat' dir='ltr'>sorte</span> 
     </span>
     <span class='ocr_line' id='line_1_59' title="bbox 1737 1890 2753 1962; baseline -0.002 -18"><span class='ocrx_word' id='word_1_331' title='bbox 1737 1893 1857 1962; x_wconf 89' lang='lat' dir='ltr'>quia</span> <span class='ocrx_word' id='word_1_332' title='bbox 1873 1891 2076 1946; x_wconf 86' lang='lat' dir='ltr'>duobus</span> <span class='ocrx_word' id='word_1_333' title='bbox 2093 1892 2234 1945; x_wconf 81' lang='lat' dir='ltr'>ostiis</span> <span class='ocrx_word' id='word_1_334' title='bbox 2250 1893 2306 1945; x_wconf 91' lang='lat' dir='ltr'>in</span> <span class='ocrx_word' id='word_1_335' title='bbox 2325 1910 2469 1944; x_wconf 88' lang='lat' dir='ltr'>mare</span> <span class='ocrx_word' id='word_1_336' title='bbox 2491 1890 2753 1943; x_wconf 80' lang='lat' dir='ltr'>exierit.—</span> 
     </span>
     <span class='ocr_line' id='line_1_60' title="bbox 1737 1967 2749 2039; baseline -0.003 -18"><span class='ocrx_word' id='word_1_337' title='bbox 1737 1970 2085 2039; x_wconf 84' lang='lat' dir='ltr'>Quamquam</span> <span class='ocrx_word' id='word_1_338' title='bbox 2110 1971 2190 2021; x_wconf 77' lang='lat' dir='ltr'>vir</span> <span class='ocrx_word' id='word_1_339' title='bbox 2213 1967 2412 2023; x_wconf 83' lang='lat' dir='ltr'>doctiss.</span> <span class='ocrx_word' id='word_1_340' title='bbox 2445 1969 2620 2036; x_wconf 66' lang='lat' dir='ltr'>Gierig</span> <span class='ocrx_word' id='word_1_341' title='bbox 2640 1986 2749 2019; x_wconf 88' lang='lat' dir='ltr'>non</span> 
     </span>
     <span class='ocr_line' id='line_1_61' title="bbox 1735 2044 2751 2102; baseline -0.002 -3"><span class='ocrx_word' id='word_1_342' title='bbox 1735 2047 1926 2102; x_wconf 79' lang='lat' dir='ltr'>viderit</span> <span class='ocrx_word' id='word_1_343' title='bbox 1952 2068 2048 2101; x_wconf 90' lang='lat' dir='ltr'>cur</span> <span class='ocrx_word' id='word_1_344' title='bbox 2075 2046 2281 2100; x_wconf 88' lang='lat' dir='ltr'>Heinsii</span> <span class='ocrx_word' id='word_1_345' title='bbox 2306 2044 2606 2099; x_wconf 87' lang='lat' dir='ltr'>emendatio</span> <span class='ocrx_word' id='word_1_346' title='bbox 2634 2064 2751 2097; x_wconf 89' lang='lat' dir='ltr'>me·-</span> 
     </span>
     <span class='ocr_line' id='line_1_62' title="bbox 1736 2122 2752 2194; baseline -0.003 -17"><span class='ocrx_word' id='word_1_347' title='bbox 1736 2144 1858 2178; x_wconf 85' lang='lat' dir='ltr'>rum</span> <span class='ocrx_word' id='word_1_348' title='bbox 1881 2146 2060 2180; x_wconf 83' lang='lat' dir='ltr'>versus</span> <span class='ocrx_word' id='word_1_349' title='bbox 2083 2125 2530 2194; x_wconf 88' lang='lat' dir='ltr'>complementum</span> <span class='ocrx_word' id='word_1_350' title='bbox 2552 2142 2581 2177; x_wconf 87' lang='lat' dir='ltr'>a</span> <span class='ocrx_word' id='word_1_351' title='bbox 2599 2122 2752 2177; x_wconf 79' lang='lat' dir='ltr'>Schi-</span> 
     </span>
     <span class='ocr_line' id='line_1_63' title="bbox 1736 2200 2749 2271; baseline -0.002 -15"><span class='ocrx_word' id='word_1_352' title='bbox 1736 2202 1913 2258; x_wconf 83' lang='lat' dir='ltr'>rachio</span> <span class='ocrx_word' id='word_1_353' title='bbox 1924 2202 2083 2256; x_wconf 89' lang='lat' dir='ltr'>suerit</span> <span class='ocrx_word' id='word_1_354' title='bbox 2101 2202 2255 2271; x_wconf 86' lang='lat' dir='ltr'>dicta,</span> <span class='ocrx_word' id='word_1_355' title='bbox 2269 2212 2499 2255; x_wconf 85' lang='lat' dir='ltr'>attamen</span> <span class='ocrx_word' id='word_1_356' title='bbox 2512 2200 2749 2271; x_wconf 81' lang='lat' dir='ltr'>ejusdem</span> 
     </span>
     <span class='ocr_line' id='line_1_64' title="bbox 1734 2281 2749 2351; baseline -0.001 -17"><span class='ocrx_word' id='word_1_357' title='bbox 1734 2281 1894 2351; x_wconf 87' lang='lat' dir='ltr'>ipsius</span> <span class='ocrx_word' id='word_1_358' title='bbox 1941 2285 2120 2350; x_wconf 64' lang='lat' dir='ltr'>Gierig</span> <span class='ocrx_word' id='word_1_359' title='bbox 2157 2282 2474 2335; x_wconf 87' lang='lat' dir='ltr'>sententiam</span> <span class='ocrx_word' id='word_1_360' title='bbox 2514 2291 2717 2335; x_wconf 88' lang='lat' dir='ltr'>secutus</span> <span class='ocrx_word' id='word_1_361' title='bbox 2735 2321 2749 2346; x_wconf 89' lang='lat'>,</span> 
     </span>
     <span class='ocr_line' id='line_1_65' title="bbox 1736 2359 2750 2430; baseline -0.002 -17"><span class='ocrx_word' id='word_1_362' title='bbox 1736 2377 1833 2429; x_wconf 87' lang='lat' dir='ltr'>pro</span> <span class='ocrx_word' id='word_1_363' title='bbox 1855 2360 2071 2413; x_wconf 87' lang='lat' dir='ltr'>arbitrio</span> <span class='ocrx_word' id='word_1_364' title='bbox 2094 2370 2149 2413; x_wconf 88' lang='lat' dir='ltr'>et</span> <span class='ocrx_word' id='word_1_365' title='bbox 2173 2359 2313 2413; x_wconf 86' lang='lat' dir='ltr'>nulla</span> <span class='ocrx_word' id='word_1_366' title='bbox 2330 2359 2579 2430; x_wconf 84' lang='lat' dir='ltr'>probabili</span> <span class='ocrx_word' id='word_1_367' title='bbox 2599 2377 2750 2413; x_wconf 85' lang='lat' dir='ltr'>causa</span> 
     </span>
     <span class='ocr_line' id='line_1_66' title="bbox 1736 2439 2748 2508; baseline -0.002 -15"><span class='ocrx_word' id='word_1_368' title='bbox 1736 2439 1888 2493; x_wconf 86' lang='lat' dir='ltr'>allata</span> <span class='ocrx_word' id='word_1_369' title='bbox 1916 2449 2179 2493; x_wconf 88' lang='lat' dir='ltr'>mutatum</span> <span class='ocrx_word' id='word_1_370' title='bbox 2214 2439 2355 2494; x_wconf 83' lang='lat' dir='ltr'>bunc</span> <span class='ocrx_word' id='word_1_371' title='bbox 2387 2440 2560 2494; x_wconf 86' lang='lat' dir='ltr'>locum</span> <span class='ocrx_word' id='word_1_372' title='bbox 2588 2449 2748 2508; x_wconf 90' lang='lat' dir='ltr'>puto;</span> 
     </span>
     <span class='ocr_line' id='line_1_67' title="bbox 1736 2517 2751 2588; baseline -0.004 -17"><span class='ocrx_word' id='word_1_373' title='bbox 1736 2529 1791 2571; x_wconf 88' lang='lat' dir='ltr'>et</span> <span class='ocrx_word' id='word_1_374' title='bbox 1812 2536 1976 2587; x_wconf 86' lang='lat' dir='ltr'>quum</span> <span class='ocrx_word' id='word_1_375' title='bbox 2002 2518 2235 2588; x_wconf 83' lang='lat' dir='ltr'>plerique</span> <span class='ocrx_word' id='word_1_376' title='bbox 2258 2517 2461 2573; x_wconf 87' lang='lat' dir='ltr'>codices</span> <span class='ocrx_word' id='word_1_377' title='bbox 2476 2557 2491 2586; x_wconf 88' lang='lat'>,</span> <span class='ocrx_word' id='word_1_378' title='bbox 2517 2528 2571 2572; x_wconf 93' lang='lat' dir='ltr'>et</span> <span class='ocrx_word' id='word_1_379' title='bbox 2589 2517 2751 2571; x_wconf 81' lang='lat' dir='ltr'>nostri</span> 
     </span>
     <span class='ocr_line' id='line_1_68' title="bbox 1735 2593 2755 2667; baseline -0.003 -19"><span class='ocrx_word' id='word_1_380' title='bbox 1735 2593 2050 2667; x_wconf 83' lang='lat' dir='ltr'>etiamRegii</span> <span class='ocrx_word' id='word_1_381' title='bbox 2065 2595 2120 2648; x_wconf 90' lang='lat' dir='ltr'>in</span> <span class='ocrx_word' id='word_1_382' title='bbox 2136 2596 2188 2648; x_wconf 90' lang='lat' dir='ltr'>id</span> <span class='ocrx_word' id='word_1_383' title='bbox 2204 2614 2371 2648; x_wconf 84' lang='lat' dir='ltr'>unum</span> <span class='ocrx_word' id='word_1_384' title='bbox 2378 2598 2755 2662; x_wconf 64' lang='lat' dir='ltr'>gracilia-onata</span> 
     </span>
     <span class='ocr_line' id='line_1_69' title="bbox 1734 2673 2751 2740; baseline -0.002 -13"><span class='ocrx_word' id='word_1_385' title='bbox 1734 2679 1935 2728; x_wconf 84' lang='lat' dir='ltr'>bicorni</span> <span class='ocrx_word' id='word_1_386' title='bbox 1951 2675 2315 2740; x_wconf 85' lang='lat' dir='ltr'>consentiant,</span> <span class='ocrx_word' id='word_1_387' title='bbox 2340 2673 2454 2727; x_wconf 67' lang='lat' dir='ltr'>bec</span> <span class='ocrx_word' id='word_1_388' title='bbox 2477 2674 2583 2728; x_wconf 85' lang='lat' dir='ltr'>sola</span> <span class='ocrx_word' id='word_1_389' title='bbox 2603 2674 2751 2727; x_wconf 90' lang='lat' dir='ltr'>lectio</span> 
     </span>
     <span class='ocr_line' id='line_1_70' title="bbox 1734 2753 2648 2809; baseline -0.002 0"><span class='ocrx_word' id='word_1_390' title='bbox 1734 2753 1991 2809; x_wconf 80' lang='lat' dir='ltr'>servanda</span> <span class='ocrx_word' id='word_1_391' title='bbox 2015 2754 2144 2807; x_wconf 80' lang='lat' dir='ltr'>mibi</span> <span class='ocrx_word' id='word_1_392' title='bbox 2167 2754 2390 2809; x_wconf 77' lang='lat' dir='ltr'>videtur.</span> <span class='ocrx_word' id='word_1_393' title='bbox 2418 2757 2516 2807; x_wconf 81' lang='lat' dir='ltr'>Ed.</span> <span class='ocrx_word' id='word_1_394' title='bbox 2640 2789 2648 2796; x_wconf 30' lang='grc' dir='ltr'>κ</span> 
     </span>
     <span class='ocr_line' id='line_1_71' title="bbox 1803 2830 2751 2900; baseline -0.003 -16"><span class='ocrx_word' id='word_1_395' title='bbox 1803 2833 1919 2900; x_wconf 55' lang='lat'>764„</span> <span class='ocrx_word' id='word_1_396' title='bbox 1936 2834 2129 2885; x_wconf 80' lang='lat' dir='ltr'>Oderat</span> <span class='ocrx_word' id='word_1_397' title='bbox 2141 2835 2226 2884; x_wconf 73' lang='lat' dir='ltr'>bic·</span> <span class='ocrx_word' id='word_1_398' title='bbox 2243 2836 2403 2885; x_wconf 74' lang='lat' dir='ltr'>urbes.</span> <span class='ocrx_word' id='word_1_399' title='bbox 2424 2830 2628 2885; x_wconf 80' lang='lat' dir='ltr'>Confer</span> <span class='ocrx_word' id='word_1_400' title='bbox 2641 2850 2751 2883; x_wconf 80' lang='lat' dir='ltr'>ver·</span> 
     </span>
     <span class='ocr_line' id='line_1_72' title="bbox 1735 2908 2750 2976; baseline -0.003 -14"><span class='ocrx_word' id='word_1_401' title='bbox 1735 2928 1852 2962; x_wconf 88' lang='lat' dir='ltr'>sum</span> <span class='ocrx_word' id='word_1_402' title='bbox 1872 2930 1899 2962; x_wconf 73' lang='lat'>1</span> <span class='ocrx_word' id='word_1_403' title='bbox 1910 2910 2055 2976; x_wconf 78' lang='grc'><strong>46.-</strong></span> <span class='ocrx_word' id='word_1_404' title='bbox 2069 2911 2279 2962; x_wconf 81' lang='lat' dir='ltr'>Colebat</span> <span class='ocrx_word' id='word_1_405' title='bbox 2289 2909 2512 2963; x_wconf 81' lang='lat' dir='ltr'>hocloco</span> <span class='ocrx_word' id='word_1_406' title='bbox 2527 2908 2598 2960; x_wconf 87' lang='lat' dir='ltr'>ita</span> <span class='ocrx_word' id='word_1_407' title='bbox 2613 2925 2750 2960; x_wconf 90' lang='lat' dir='ltr'>sum·</span> 
     </span>
     <span class='ocr_line' id='line_1_73' title="bbox 1734 2985 2747 3042; baseline -0.005 -2"><span class='ocrx_word' id='word_1_408' title='bbox 1734 2988 1855 3040; x_wconf 87' lang='lat' dir='ltr'>sisse</span> <span class='ocrx_word' id='word_1_409' title='bbox 1891 2988 2102 3041; x_wconf 81' lang='lat' dir='ltr'>videtur</span> <span class='ocrx_word' id='word_1_410' title='bbox 2129 2988 2425 3042; x_wconf 85' lang='lat' dir='ltr'>Lactantius</span> <span class='ocrx_word' id='word_1_411' title='bbox 2438 2995 2505 3039; x_wconf 68' lang='lat' dir='ltr'>=ut</span> <span class='ocrx_word' id='word_1_412' title='bbox 2531 2985 2603 3037; x_wconf 92' lang='lat' dir='ltr'>ibi</span> <span class='ocrx_word' id='word_1_413' title='bbox 2632 3003 2747 3036; x_wconf 88' lang='lat' dir='ltr'>mo-</span> 
     </span>
     <span class='ocr_line' id='line_1_74' title="bbox 1737 3062 2748 3136; baseline -0.006 -17"><span class='ocrx_word' id='word_1_414' title='bbox 1737 3065 1867 3129; x_wconf 87' lang='lat' dir='ltr'>nui;</span> <span class='ocrx_word' id='word_1_415' title='bbox 1910 3084 2034 3119; x_wconf 87' lang='lat' dir='ltr'>nam</span> <span class='ocrx_word' id='word_1_416' title='bbox 2073 3067 2127 3119; x_wconf 90' lang='lat' dir='ltr'>in</span> <span class='ocrx_word' id='word_1_417' title='bbox 2162 3067 2379 3136; x_wconf 81' lang='lat' dir='ltr'>Argum.</span> <span class='ocrx_word' id='word_1_418' title='bbox 2413 3063 2523 3115; x_wconf 65' lang='lat' dir='ltr'>hac</span> <span class='ocrx_word' id='word_1_419' title='bbox 2554 3062 2748 3114; x_wconf 86' lang='lat' dir='ltr'>habet:</span> 
     </span>
     <span class='ocr_line' id='line_1_75' title="bbox 1733 3145 2748 3212; baseline -0.005 -17"><span class='ocrx_word' id='word_1_420' title='bbox 1733 3145 1977 3196; x_wconf 70' lang='lat' dir='ltr'>urbanum</span> <span class='ocrx_word' id='word_1_421' title='bbox 1993 3154 2290 3212; x_wconf 68' lang='lat' dir='ltr'>apparatum</span> <span class='ocrx_word' id='word_1_422' title='bbox 2306 3145 2583 3208; x_wconf 69' lang='lat' dir='ltr'>cultumque</span> <span class='ocrx_word' id='word_1_423' title='bbox 2601 3159 2748 3206; x_wconf 76' lang='lat' dir='ltr'>quum</span> 
     </span>
     <span class='ocr_line' id='line_1_76' title="bbox 1734 3217 2750 3288; baseline -0.003 -15"><span class='ocrx_word' id='word_1_424' title='bbox 1734 3223 1880 3274; x_wconf 69' lang='lat' dir='ltr'>silvis</span> <span class='ocrx_word' id='word_1_425' title='bbox 1914 3230 1968 3274; x_wconf 83' lang='lat' dir='ltr'>e!</span> <span class='ocrx_word' id='word_1_426' title='bbox 1998 3225 2172 3276; x_wconf 83' lang='lat' dir='ltr'>labori</span> <span class='ocrx_word' id='word_1_427' title='bbox 2195 3224 2577 3288; x_wconf 69' lang='lat' dir='ltr'>postposuisset.</span> <span class='ocrx_word' id='word_1_428' title='bbox 2618 3217 2750 3270; x_wconf 86' lang='lat' dir='ltr'>Erat</span> 
     </span>
    </p>
   </div>
   <div class='ocr_carea' id='block_1_9' title="bbox 1714 3296 2749 3369">
    <p class='ocr_par' dir='ltr' id='par_1_9' title="bbox 1714 3296 2749 3369">
     <span class='ocr_line' id='line_1_77' title="bbox 1714 3296 2749 3369; baseline -0.002 -19"><span class='ocrx_word' id='word_1_429' title='bbox 1714 3337 1721 3341; x_wconf 82' lang='lat'><em>-</em></span> <span class='ocrx_word' id='word_1_430' title='bbox 1736 3297 1881 3351; x_wconf 87' lang='lat' dir='ltr'>idem</span> <span class='ocrx_word' id='word_1_431' title='bbox 1898 3299 2156 3369; x_wconf 84' lang='lat' dir='ltr'>interpres</span> <span class='ocrx_word' id='word_1_432' title='bbox 2169 3297 2495 3352; x_wconf 89' lang='lat' dir='ltr'>somniorum</span> <span class='ocrx_word' id='word_1_433' title='bbox 2511 3337 2526 3364; x_wconf 89' lang='lat'>,</span> <span class='ocrx_word' id='word_1_434' title='bbox 2545 3296 2633 3365; x_wconf 91' lang='lat' dir='ltr'>qui</span> <span class='ocrx_word' id='word_1_435' title='bbox 2650 3296 2749 3349; x_wconf 88' lang='lat' dir='ltr'>Pa·</span> 
     </span>
    </p>
   </div>
   <div class='ocr_carea' id='block_1_10' title="bbox 1732 3377 2752 4395">
    <p class='ocr_par' dir='ltr' id='par_1_10' title="bbox 1732 3377 2752 4395">
     <span class='ocr_line' id='line_1_78' title="bbox 1734 3377 2751 3451; baseline -0.002 -20"><span class='ocrx_word' id='word_1_436' title='bbox 1734 3379 1907 3433; x_wconf 86' lang='lat' dir='ltr'>ridem</span> <span class='ocrx_word' id='word_1_437' title='bbox 1929 3379 2143 3434; x_wconf 76' lang='lat' dir='ltr'>fratrem</span> <span class='ocrx_word' id='word_1_438' title='bbox 2167 3380 2353 3451; x_wconf 82' lang='lat' dir='ltr'>exponi</span> <span class='ocrx_word' id='word_1_439' title='bbox 2376 3378 2555 3448; x_wconf 72' lang='lat' dir='ltr'>iussit3</span> <span class='ocrx_word' id='word_1_440' title='bbox 2584 3377 2751 3448; x_wconf 83' lang='lat' dir='ltr'>Apol-</span> 
     </span>
     <span class='ocr_line' id='line_1_79' title="bbox 1735 3455 2749 3525; baseline -0.004 -14"><span class='ocrx_word' id='word_1_441' title='bbox 1735 3458 2256 3513; x_wconf 71' lang='lat' dir='ltr'>todorus.-M·tomm</span> <span class='ocrx_word' id='word_1_442' title='bbox 2267 3459 2506 3512; x_wconf 87' lang='lat' dir='ltr'>aularum</span> <span class='ocrx_word' id='word_1_443' title='bbox 2522 3468 2637 3525; x_wconf 91' lang='lat' dir='ltr'>post</span> <span class='ocrx_word' id='word_1_444' title='bbox 2652 3455 2749 3508; x_wconf 91' lang='lat' dir='ltr'>Lu-</span> 
     </span>
     <span class='ocr_line' id='line_1_80' title="bbox 1736 3533 2751 3607; baseline -0.008 -15"><span class='ocrx_word' id='word_1_445' title='bbox 1736 3549 1863 3592; x_wconf 85' lang='lat' dir='ltr'>cret.</span> <span class='ocrx_word' id='word_1_446' title='bbox 1890 3539 1947 3595; x_wconf 91' lang='lat'>11</span> <span class='ocrx_word' id='word_1_447' title='bbox 1965 3577 1980 3606; x_wconf 94' lang='lat'>,</span> <span class='ocrx_word' id='word_1_448' title='bbox 2011 3541 2074 3604; x_wconf 75' lang='lat'>²4</span> <span class='ocrx_word' id='word_1_449' title='bbox 2091 3557 2185 3607; x_wconf 86' lang='lat' dir='ltr'>sqq</span> <span class='ocrx_word' id='word_1_450' title='bbox 2204 3577 2219 3604; x_wconf 96' lang='lat'>,</span> <span class='ocrx_word' id='word_1_451' title='bbox 2244 3537 2485 3607; x_wconf 59' lang='lat' dir='ltr'>preclare</span> <span class='ocrx_word' id='word_1_452' title='bbox 2510 3533 2751 3587; x_wconf 79' lang='lat' dir='ltr'>describit</span> 
     </span>
     <span class='ocr_line' id='line_1_81' title="bbox 1738 3610 2750 3688; baseline -0.005 -19"><span class='ocrx_word' id='word_1_453' title='bbox 1738 3617 1987 3688; x_wconf 78' lang='lat' dir='ltr'>Virgilius</span> <span class='ocrx_word' id='word_1_454' title='bbox 2003 3657 2018 3685; x_wconf 91' lang='lat'>,</span> <span class='ocrx_word' id='word_1_455' title='bbox 2044 3616 2239 3686; x_wconf 74' lang='lat' dir='ltr'>Geor-g.</span> <span class='ocrx_word' id='word_1_456' title='bbox 2263 3617 2319 3670; x_wconf 93' lang='lat'>11</span> <span class='ocrx_word' id='word_1_457' title='bbox 2341 3655 2357 3683; x_wconf 91' lang='lat'>,</span> <span class='ocrx_word' id='word_1_458' title='bbox 2391 3615 2490 3681; x_wconf 78' lang='lat'>453</span> <span class='ocrx_word' id='word_1_459' title='bbox 2509 3653 2524 3680; x_wconf 95' lang='lat'>,</span> <span class='ocrx_word' id='word_1_460' title='bbox 2550 3623 2604 3666; x_wconf 90' lang='lat' dir='ltr'>et</span> <span class='ocrx_word' id='word_1_461' title='bbox 2630 3610 2750 3665; x_wconf 91' lang='lat' dir='ltr'>Cul.</span> 
     </span>
     <span class='ocr_line' id='line_1_82' title="bbox 1734 3690 2749 3766; baseline -0.006 -17"><span class='ocrx_word' id='word_1_462' title='bbox 1734 3697 1817 3750; x_wconf 74' lang='lat'>61.</span> <span class='ocrx_word' id='word_1_463' title='bbox 1840 3700 2009 3751; x_wconf 79' lang='lat' dir='ltr'>Nitere</span> <span class='ocrx_word' id='word_1_464' title='bbox 2029 3695 2218 3766; x_wconf 82' lang='lat' dir='ltr'>passim</span> <span class='ocrx_word' id='word_1_465' title='bbox 2247 3693 2313 3746; x_wconf 88' lang='lat' dir='ltr'>de</span> <span class='ocrx_word' id='word_1_466' title='bbox 2343 3702 2535 3745; x_wconf 90' lang='lat' dir='ltr'>ornatu</span> <span class='ocrx_word' id='word_1_467' title='bbox 2556 3690 2749 3744; x_wconf 65' lang='lat' dir='ltr'>edium</span> 
     </span>
     <span class='ocr_line' id='line_1_83' title="bbox 1735 3773 2748 3842; baseline -0.006 -10"><span class='ocrx_word' id='word_1_468' title='bbox 1735 3789 1789 3832; x_wconf 90' lang='lat' dir='ltr'>et</span> <span class='ocrx_word' id='word_1_469' title='bbox 1823 3777 2042 3842; x_wconf 79' lang='lat' dir='ltr'>divitiis3</span> <span class='ocrx_word' id='word_1_470' title='bbox 2072 3775 2342 3841; x_wconf 87' lang='lat' dir='ltr'>Tibullus,</span> <span class='ocrx_word' id='word_1_471' title='bbox 2384 3775 2465 3828; x_wconf 80' lang='lat' dir='ltr'>lv</span> <span class='ocrx_word' id='word_1_472' title='bbox 2484 3812 2500 3839; x_wconf 92' lang='lat'>,</span> <span class='ocrx_word' id='word_1_473' title='bbox 2528 3789 2578 3838; x_wconf 88' lang='lat'>1,</span> <span class='ocrx_word' id='word_1_474' title='bbox 2623 3773 2748 3837; x_wconf 82' lang='lat'>183,</span> 
     </span>
     <span class='ocr_line' id='line_1_84' title="bbox 1734 3854 2750 3927; baseline -0.007 -18"><span class='ocrx_word' id='word_1_475' title='bbox 1734 3876 1881 3927; x_wconf 77' lang='lat' dir='ltr'>quum</span> <span class='ocrx_word' id='word_1_476' title='bbox 1903 3861 2101 3925; x_wconf 64' lang='lat' dir='ltr'>magnis·</span> <span class='ocrx_word' id='word_1_477' title='bbox 2120 3857 2296 3921; x_wconf 78' lang='lat' dir='ltr'>opibus</span> <span class='ocrx_word' id='word_1_478' title='bbox 2318 3855 2495 3905; x_wconf 73' lang='lat' dir='ltr'>domus</span> <span class='ocrx_word' id='word_1_479' title='bbox 2519 3855 2635 3904; x_wconf 77' lang='lat' dir='ltr'>alta</span> <span class='ocrx_word' id='word_1_480' title='bbox 2658 3854 2750 3903; x_wconf 89' lang='lat' dir='ltr'>ni-</span> 
     </span>
     <span class='ocr_line' id='line_1_85' title="bbox 1732 3928 2752 3994; baseline -0.009 -5"><span class='ocrx_word' id='word_1_481' title='bbox 1732 3937 2283 3994; x_wconf 69' lang='lat' dir='ltr'>remt.—Innnsbe?1oso‚</span> <span class='ocrx_word' id='word_1_482' title='bbox 2306 3931 2397 3984; x_wconf 90' lang='lat' dir='ltr'>ubi</span> <span class='ocrx_word' id='word_1_483' title='bbox 2410 3949 2478 3983; x_wconf 88' lang='lat' dir='ltr'>ne</span> <span class='ocrx_word' id='word_1_484' title='bbox 2484 3948 2573 3982; x_wconf 87' lang='lat' dir='ltr'>mo</span> <span class='ocrx_word' id='word_1_485' title='bbox 2590 3928 2752 3982; x_wconf 87' lang='lat' dir='ltr'>ambit</span> 
     </span>
     <span class='ocr_line' id='line_1_86' title="bbox 1735 4012 2751 4084; baseline -0.008 -18"><span class='ocrx_word' id='word_1_486' title='bbox 1735 4012 1963 4067; x_wconf 83' lang='lat' dir='ltr'>bonores</span> <span class='ocrx_word' id='word_1_487' title='bbox 1987 4013 2275 4084; x_wconf 79' lang='lat' dir='ltr'>gratiasque</span> <span class='ocrx_word' id='word_1_488' title='bbox 2299 4019 2580 4080; x_wconf 81' lang='lat' dir='ltr'>potentum</span> <span class='ocrx_word' id='word_1_489' title='bbox 2603 4026 2617 4060; x_wconf 71' lang='grc' dir='ltr'><strong>ε</strong></span> <span class='ocrx_word' id='word_1_490' title='bbox 2647 4025 2751 4076; x_wconf 90' lang='lat' dir='ltr'>quo</span> 
     </span>
     <span class='ocr_line' id='line_1_87' title="bbox 1735 4084 2751 4161; baseline -0.009 -16"><span class='ocrx_word' id='word_1_491' title='bbox 1735 4111 1846 4146; x_wconf 79' lang='lat' dir='ltr'>voc.</span> <span class='ocrx_word' id='word_1_492' title='bbox 1865 4093 2006 4161; x_wconf 87' lang='lat' dir='ltr'>quod</span> <span class='ocrx_word' id='word_1_493' title='bbox 2023 4093 2087 4145; x_wconf 92' lang='lat' dir='ltr'>ab</span> <span class='ocrx_word' id='word_1_494' title='bbox 2103 4093 2215 4161; x_wconf 89' lang='lat' dir='ltr'>ipso</span> <span class='ocrx_word' id='word_1_495' title='bbox 2227 4089 2425 4144; x_wconf 79' lang='lat' dir='ltr'>ovidio</span> <span class='ocrx_word' id='word_1_496' title='bbox 2443 4088 2638 4141; x_wconf 80' lang='lat' dir='ltr'>sactum</span> <span class='ocrx_word' id='word_1_497' title='bbox 2654 4084 2751 4137; x_wconf 91' lang='lat' dir='ltr'>ob-</span> 
     </span>
     <span class='ocr_line' id='line_1_88' title="bbox 1732 4165 2749 4236; baseline -0.01 -12"><span class='ocrx_word' id='word_1_498' title='bbox 1732 4183 1942 4225; x_wconf 78' lang='lat' dir='ltr'>servant</span> <span class='ocrx_word' id='word_1_499' title='bbox 1960 4209 1975 4236; x_wconf 91' lang='lat'>,</span> <span class='ocrx_word' id='word_1_500' title='bbox 2005 4171 2137 4224; x_wconf 89' lang='lat' dir='ltr'>bene</span> <span class='ocrx_word' id='word_1_501' title='bbox 2165 4179 2352 4223; x_wconf 89' lang='lat' dir='ltr'>natura</span> <span class='ocrx_word' id='word_1_502' title='bbox 2379 4177 2435 4220; x_wconf 88' lang='lat' dir='ltr'>et</span> <span class='ocrx_word' id='word_1_503' title='bbox 2456 4165 2749 4235; x_wconf 84' lang='lat' dir='ltr'>simplicitas</span> 
     </span>
     <span class='ocr_line' id='line_1_89' title="bbox 1736 4242 2743 4320; baseline -0.009 -17"><span class='ocrx_word' id='word_1_504' title='bbox 1736 4251 2078 4320; x_wconf 76' lang='lat' dir='ltr'>agricolarum</span> <span class='ocrx_word' id='word_1_505' title='bbox 2096 4259 2336 4311; x_wconf 64' lang='lat' dir='ltr'>notatum</span> <span class='ocrx_word' id='word_1_506' title='bbox 2362 4246 2641 4309; x_wconf 84' lang='lat' dir='ltr'>Horatius,</span> <span class='ocrx_word' id='word_1_507' title='bbox 2660 4242 2711 4295; x_wconf 92' lang='lat'>11</span> <span class='ocrx_word' id='word_1_508' title='bbox 2729 4281 2743 4306; x_wconf 88' lang='lat'>,</span> 
     </span>
     <span class='ocr_line' id='line_1_90' title="bbox 1735 4328 2740 4395; baseline -0.011 -13"><span class='ocrx_word' id='word_1_509' title='bbox 1735 4329 1907 4382; x_wconf 87' lang='lat' dir='ltr'>Serm.</span> <span class='ocrx_word' id='word_1_510' title='bbox 1930 4345 1991 4384; x_wconf 74' lang='lat' dir='ltr'>VI</span> <span class='ocrx_word' id='word_1_511' title='bbox 2009 4369 2024 4394; x_wconf 90' lang='lat'>,</span> <span class='ocrx_word' id='word_1_512' title='bbox 2056 4329 2115 4381; x_wconf 83' lang='lat'>16</span> <span class='ocrx_word' id='word_1_513' title='bbox 2134 4368 2149 4394; x_wconf 91' lang='lat'>,</span> <span class='ocrx_word' id='word_1_514' title='bbox 2176 4330 2314 4395; x_wconf 56' lang='lat' dir='ltr'>Ergo</span> <span class='ocrx_word' id='word_1_515' title='bbox 2334 4329 2426 4380; x_wconf 81' lang='lat' dir='ltr'>ubi</span> <span class='ocrx_word' id='word_1_516' title='bbox 2441 4344 2518 4377; x_wconf 76' lang='lat' dir='ltr'>nte</span> <span class='ocrx_word' id='word_1_517' title='bbox 2536 4328 2589 4375; x_wconf 87' lang='lat' dir='ltr'>in</span> <span class='ocrx_word' id='word_1_518' title='bbox 2604 4340 2740 4372; x_wconf 79' lang='lat' dir='ltr'>mon—</span> 
     </span>
    </p>
   </div>
  </div>
 </body>
</html>
