3185 5138
599 556 1638 628 METAMORPHOSEON
1684 560 1880 629 LI-B.
1937 562 2109 633 XV.

2306 564 2435 633 525

277 701 516 775 Crura
546 698 712 774 dat:
744 718 953 801 utque
992 700 1218 776 eadem
1252 701 1389 775 sint
1422 699 1647 797 longis
1679 698 1962 775 saltibus
1997 720 2149 804 apta
2171 726 2196 795 ,·

272 813 640 889 Posterior
671 832 894 917 partes
926 832 1196 916 superat
1226 842 1534 889 mensura
1568 814 1851 917 priores,

267 933 436 1005 Nec
473 929 735 1005 catulus
765 947 1001 1032 partu,
1041 959 1236 1033 quem
1273 930 1568 1005 reddidit
1602 959 1758 1006 ursa
1791 933 2035 1006 recenti
2059 988 2079 1021 ‚

278 1047 433 1122 Sed
463 1046 633 1121 male
668 1046 815 1119 viva
849 1074 1002 1120 caro
1038 1064 1141 1121 est
1169 1076 1185 1120 ε
1215 1046 1576 1122 lambendo
1611 1066 1821 1124 mater
1850 1048 1923 1123 in
1949 1067 2132 1126 artus

2345 1073 2447 1131 380

274 1162 566 1259 Fingit,
604 1179 671 1237 et
706 1163 775 1236 in
802 1162 1120 1252 formam,
1159 1181 1471 1264 quantam
1508 1165 1690 1268 capit
1722 1165 1908 1267 ipsa,
1942 1166 2214 1242 reducit.

270 1285 539 1357 Nonne
573 1279 756 1353 vides
778 1336 797 1369 ‚
833 1308 1013 1381 quos-
1040 1307 1185 1353 cera
1219 1279 1387 1375 tegit
1411 1277 1804 1376 sexangula,
1839 1280 2041 1356 foetus

275 1398 777 1478 Melliferarum
813 1397 1037 1498 apium
1071 1397 1216 1471 sine
1251 1396 1563 1470 membris
1601 1425 1885 1499 corpora
1920 1400 2138 1488 nasci,

276 1519 381 1592 Et
419 1543 735 1617 serosque
763 1513 1001 1615 pedeS,
1038 1540 1349 1616 serasque
1383 1513 1726 1590 adsumere
1758 1518 2066 1617 pennas?

273 1631 587 1709 Junonis
619 1630 955 1706 volucrem
977 1688 997 1720 ‚
1039 1659 1185 1734 quae
1220 1630 1429 1706 cauda
1464 1630 1681 1706 sidera
1706 1648 1974 1734 portat,

2346 1654 2446 1713 ³85

273 1748 850 1850 Armigerumque
883 1749 927 1820 J
931 1748 1072 1821 ovis
1096 1803 1115 1836 ‚
1160 1745 1768 1849 Cythereiadasque
1802 1747 2143 1824 columbas
2165 1806 2185 1840 ,
2269 1821 2276 1834 ,

274 1868 380 1942 Et
421 1891 629 1960 genus
664 1891 857 1937 omne
890 1863 1112 1937 avium
1144 1863 1380 1938 mediis
1415 1891 1451 1938 e
1483 1863 1791 1964 partibus
1819 1864 1929 1939 ovi
1948 1920 1970 1954 ‚

240 2059 246 2062 ,
279 1981 383 2057 Ni
419 1980 620 2053 sciret
650 1976 824 2068 fieri,
856 1977 999 2053 fieri
1034 1978 1183 2080 quis
1217 2007 1414 2081 posse
1450 1980 1763 2082 putaret?

281 2096 473 2171 Sunt
506 2095 657 2196 qui,
693 2122 901 2195 quum
935 2093 1162 2170 clauso
1196 2094 1571 2195 putrefacta
1605 2112 1705 2169 est
1738 2095 1928 2195 spina
1961 2095 2299 2196 sepulcro,

279 2211 553 2286 Mutari
582 2211 856 2285 credant
883 2212 1208 2286 humanas
1240 2238 1451 2305 angue
1487 2208 1831 2284 medullas.

2345 2235 2446 2304 390

284 2329 458 2402 Haec
492 2344 709 2400 tamen
744 2354 825 2399 ex
860 2323 1007 2399 aliis
1044 2324 1299 2398 ducunt
1331 2324 1699 2425 primordia
1731 2323 1934 2398 rebus
1962 2353 1986 2399 :¹

284 2448 449 2518 Una
485 2458 622 2527 est,
663 2467 808 2542 quae
845 2457 1142 2540 reparet,
1184 2469 1388 2543 seque
1423 2442 1567 2543 ipsa
1600 2441 1989 2531 reseminet,
2024 2441 2194 2532 ales;

283 2610 573 2681 deponunt
594 2608 649 2660 in
670 2607 813 2660 limo.
827 2633 894 2648 ——
906 2610 1164 2663 Posterior
1175 2628 1317 2663 men-

280 2707 410 2744 sum
424 2729 437 2748 ‚
467 2705 718 2740 mensura
732 2687 1083 2755 posteriorum
1103 2687 1317 2757 pedum.

354 2770 471 2840 379.
506 2769 612 2819 Nec
643 2770 845 2820 catulus
867 2777 1020 2835 partu
1054 2778 1153 2822 etc.
1193 2768 1317 2823 Pli-

285 2848 413 2903 nius
430 2885 446 2913 ‚
464 2845 607 2899 VIII
625 2885 639 2911 ‚
657 2846 721 2898 35
733 2885 748 2911 ‚
765 2845 830 2898 de
846 2864 1090 2900 ursorum
1107 2847 1312 2900 catulis:

287 2947 318 2973 σι
339 2924 418 2978 Hi
434 2932 560 2975 sunt
574 2920 795 2975 candida
812 2922 1155 2991 informisque
1172 2942 1313 2990 caro,

286 3025 319 3050 n
339 3000 500 3073 paulo
516 3001 755 3054 muribus
772 3003 977 3071 major,
997 3001 1111 3054 sine
1133 3001 1313 3067 oculis,

288 3103 321 3128 ι·
340 3080 459 3136 sine
481 3078 620 3150 pilo:
645 3099 848 3151 ungues
872 3089 1079 3133 tantum
1103 3080 1315 3149 promi-

292 3185 322 3211 »
345 3172 484 3215 nent
516 3182 529 3214 :
569 3161 705 3215 hanc
744 3160 1027 3215 lambendo
1066 3160 1316 3231 paulatim

292 3261 323 3287 π
348 3240 598 3309 figurant.
623 3262 650 3286 ι»
679 3240 826 3293 Falsa
867 3251 1044 3294 tamen
1082 3239 1165 3292 illa
1199 3250 1318 3291 tra-

290 3318 427 3372 ditio
448 3356 463 3382 ,
494 3329 609 3370 orta
636 3317 774 3371 haud
808 3317 965 3371 dubie
991 3316 1115 3371 inde
1131 3358 1146 3384 ,
1172 3316 1317 3389 quod

290 3393 596 3452 secundinis
622 3397 941 3451 crassissimis
972 3396 1191 3450 involuti
1215 3416 1319 3449 ur-

290 3493 477 3530 sorum
492 3473 646 3527 catuli
663 3474 897 3527 eduntur
908 3514 923 3542 ,
943 3494 1069 3545 quas
1087 3494 1200 3528 non
1215 3475 1317 3529 nisi

292 3555 388 3609 diu
419 3549 699 3606 lambendo
734 3552 982 3606 revellere
1011 3562 1184 3605 mater
1211 3573 1318 3622 po—

291 3632 609 3687 test—Pro
631 3649 772 3697 qnem
790 3633 1011 3683 reddedit
1024 3670 1037 3687 .
1066 3629 1318 3685 Heinsius

290 3712 440 3767 malit
453 3714 589 3780 qnod
596 3714 826 3764 reddidit.
837 3713 1087 3763 Reddidit
1095 3720 1172 3764 est
1191 3730 1286 3779 pro
1297 3749 1313 3778 ,

290 3789 473 3847 edidit.
491 3818 556 3831 -
578 3792 721 3842 Male
754 3793 871 3841 vira
896 3828 910 3850 ‚
955 3788 1039 3841 vix
1076 3798 1166 3841 aut
1205 3808 1317 3842 non

287 3866 421 3919 viva.
440 3867 529 3921 Sic
551 3868 631 3921 lv
648 3907 663 3933 ,
687 3867 782 3919 285
799 3905 815 3932 ‚
838 3866 1147 3933 malefortes
1157 3870 1317 3918 unde.

290 3944 513 3999 Sueten.
531 3947 667 4015 Aug.
682 3945 818 3999 XXI
829 3983 845 4010 ‚
865 3965 893 3996 2
909 3983 926 4010 ‚
943 3949 1174 3998 nationes
1188 3948 1320 3997 male

286 4023 610 4093 quieta—In
641 4025 948 4091 artusfingit
971 4062 986 4088 ,
1026 4022 1177 4092 fingit
1196 4061 1213 4088 ,
1257 4030 1319 4074 ut

290 4102 531 4157 membra
552 4102 794 4157 distincta
816 4103 1118 4173 adpareant.

356 4183 470 4238 382.
503 4185 683 4238 Nonne
704 4186 847 4237 mdes
868 4194 966 4237 etc.
991 4182 1038 4236 E
1065 4180 1315 4251 Virgilio,

294 4260 486 4332 Georg.
513 4261 615 4329 IV,
641 4262 742 4316 310
763 4282 776 4316 z
803 4265 855 4315 T
846 4283 1002 4315 runca
1010 4264 1196 4330 pedum
1203 4266 1321 4329 pri-⁴

294 4360 376 4397 no
390 4362 407 4397 .·
423 4363 543 4399 mox
550 4352 603 4400 et
616 4346 881 4399 sen’deaelia
890 4349 1071 4411 nam]-
1089 4343 1320 4399 ercen-

1415 2618 1509 2673 tar,
1527 2620 1820 2679 tenuemque
1836 2615 2001 2679 magt?
2013 2615 2178 2679 magt?
2191 2628 2314 2663 aem
2327 2628 2447 2664 cat*-

1406 2697 1552 2759 punt.
1582 2688 1747 2743 Cons.
1764 2688 1968 2744 Plinius
1982 2728 1997 2756 ,
2013 2689 2092 2741 XI
2110 2727 2126 2756 ,
2154 2688 2446 2756 16.—-Qnos

1413 2790 1529 2824 cem
1545 2775 1693 2839 tegit,
1719 2770 1841 2838 quia
1857 2766 2011 2822 ovula
2031 2767 2374 2837 deponuntur
2387 2768 2445 2822 in

1414 2846 1610 2902 cellulis
1622 2848 1786 2901 cereis
1800 2887 1815 2913 ‚
1829 2864 2056 2914 quarum
2065 2843 2240 2898 forma
2251 2865 2445 2899 sexan-

1408 2931 1534 2994 gula
1550 2925 1775 2979 maxime
1791 2922 2124 2978 admirabilis.
2139 2951 2207 2966 —
2221 2924 2449 2992 Memfi-r

1412 3010 1663 3059 exercitus
1697 3004 1876 3074 apium
1915 3002 2055 3072 apud
2090 3000 2443 3072 Claudianus,

1414 3083 1542 3147 XV,
1579 3103 1689 3152 ¹27·

1479 3161 1591 3216 385.
1615 3164 1839 3214 lunonis
1859 3163 2108 3214 volucrem
2132 3170 2230 3217 etc.
2252 3158 2441 3227 Quum

1414 3258 1532 3293 aves
1542 3241 1766 3293 omnino
1780 3237 2018 3292 dicenda
2036 3247 2237 3302 essent,
2256 3237 2443 3292 maluit

1413 3315 1757 3370 nobilissimas
1778 3334 1974 3386 ponere
1999 3334 2121 3368 cum
2148 3314 2408 3383 adjunctis
2425 3353 2442 3384 ,

1414 3414 1533 3449 aves
1558 3395 1680 3449 Jovi
1700 3436 1715 3462 ,
1746 3394 1951 3447 Junoni
1971 3433 1986 3459 ‚
2018 3392 2224 3444 Veneri
2259 3411 2443 3446 sacras.

1413 3476 1632 3528 -F'oere'
1645 3478 1756 3542 quis
1769 3491 1924 3540 posse
1944 3470 2090 3524 dedit
2115 3469 2366 3524 Heinsius
2381 3489 2444 3523 ex

1412 3570 1523 3605 uno
1550 3550 1750 3604 Mox-eti
1783 3568 1880 3617 pro
1909 3547 2118 3613 vulgata
2153 3552 2265 3615 quis
2296 3552 2451 3601 nasci

1404 3649 1561 3699 posse
1582 3631 1778 3699 (quam
1798 3627 1996 3681 habent
2015 3627 2167 3697 Regii
2188 3627 2441 3696 codices.)

1481 3708 1595 3780 389.
1621 3710 1748 3760 Sunt
1763 3711 1872 3775 que‘,
1900 3725 2046 3775 quum
2071 3716 2168 3759 etc.
2208 3706 2407 3760 Plinius
2424 3745 2441 3775 ,

1415 3789 1467 3841 X
1486 3826 1501 3853 ,
1525 3787 1592 3839 65
1617 3806 1630 3839 ε
1659 3809 1686 3832 κ
1714 3785 1963 3856 Anguem
1993 3805 2055 3838 ex
2079 3784 2309 3840 medulla
2336 3784 2444 3838 ho-

1416 3886 1445 3913 »
1470 3865 1629 3918 minis
1668 3864 1831 3933 spine.
1870 3865 2011 3933 gigni
2032 3905 2049 3932 ,
2090 3864 2382 3934 accepimus
2411 3883 2444 3916 a

1416 3966 1445 3993 ιο
1470 3945 1663 3999 multis.
1697 3944 1956 4013 Pleraque
1984 3943 2130 3997 enim
2165 3943 2365 3997 occulta
2388 3952 2443 3996 et

1416 4047 1445 4072 υ
1469 4043 1603 4079 ceca
1627 4024 1829 4095 origine
1858 4024 2194 4093 proveniunt.
2215 4044 2244 4069 υ
2271 4023 2442 4077 Anti-

1416 4124 1535 4175 gon.
1564 4106 1755 4159 Mirab.
1784 4124 1894 4174 cap.
1917 4105 1985 4177 96
2004 4144 2019 4171 ‚
2054 4103 2229 4170 addit,
2254 4104 2443 4158 homi—

1414 4203 1509 4238 nes
1525 4224 1539 4248 ,
1564 4184 1754 4253 quibus
1770 4182 1820 4236 id
1842 4184 2064 4237 mortuis
2078 4182 2273 4240 accidat
2289 4224 2304 4251 ‚
2318 4193 2439 4239 ante

1418 4263 1624 4318 obitum
1646 4263 1855 4317 odorari
1881 4282 2088 4333 angues.

1484 4343 1598 4414 392.
1622 4342 1740 4396 Una
1755 4350 1837 4398 est
1848 4383 1862 4406 ,
1876 4361 1984 4412 que
2002 4351 2222 4412 reparet,
2238 4351 2337 4397 etc.
2354 4342 2442 4397 De
