3185 5138
646 524 778 590 358

1205 524 1286 587 Ρ.
1346 522 1704 641 OVHJH
1752 520 2210 588 NASONIS

646 662 750 753 Sit
777 660 933 734 licet
962 660 1092 734 hoc
1125 659 1358 755 ingens
1379 716 1398 747 ,
1438 659 1765 761 quidquid
1794 659 2077 759 speravit
2109 657 2359 734 Ulixes.

645 782 780 853 Iste
816 777 969 852 tulit
1002 778 1282 879 pretium
1312 777 1443 874 jam
1475 804 1656 850 nunc
1687 776 2058 850 certaminis
2091 774 2331 872 buju8‚

652 895 812 990 Quo
849 922 1054 994 quum
1085 893 1298 967 victus
1331 894 1489 980 erit,
1525 920 1780 966 mecum
1818 910 2096 966 certasse
2125 892 2390 965 feretur.
2715 930 2779 964 20

648 1011 873 1108 Atque
902 1037 1025 1105 ego
1046 1064 1064 1095 ,
1103 1009 1160 1081 si
1195 999 1404 1081 virtu's
1442 1008 1513 1081 in
1541 1036 1644 1081 me
1681 1007 2073 1082 dubitabilis
2106 1026 2308 1095 esset,

647 1125 1013 1200 Nobilitate
1049 1143 1292 1226 potens
1326 1152 1532 1198 essem
1553 1182 1572 1212 ,
1608 1122 1961 1198 Telamone
1994 1140 2285 1209 creatus,

649 1244 902 1317 Moenia
938 1242 1054 1344 qui
1093 1243 1247 1316 forti
1282 1242 1569 1341 Trojana
1602 1243 1727 1315 sub
1763 1240 2049 1316 Hercule
2083 1239 2292 1341 cepit,

646 1358 1008 1457 Litoraque
1038 1356 1306 1429 intravit
1341 1357 1641 1451 Pagasaea
1677 1355 1925 1430 Colcha
1958 1355 2189 1430 carina.

651 1474 894 1548 AEacus
925 1473 1079 1546 huic
1114 1491 1299 1573 pater
1331 1491 1467 1563 est,
1504 1474 1617 1574 qui
1648 1476 1789 1572 jura
1827 1473 2174 1548 silentibus
2207 1470 2343 1544 illic
2712 1493 2781 1545 25

649 1586 936 1675 Reddit,
974 1587 1092 1661 ubi
1124 1586 1432 1662 AEolideu
1463 1615 1694 1665 saxum
1723 1614 1918 1684 grave
1949 1585 2284 1687 Sisyphon
2318 1602 2530 1680 urget.

648 1766 796 1820 facile
820 1768 1026 1820 sentiet.
1058 1770 1170 1819 Noa
1194 1776 1275 1821 est
1294 1774 1352 1820 ei
1368 1772 1626 1834 superbum
1642 1808 1654 1829 ,

653 1865 764 1898 non
783 1846 964 1908 habet,
989 1865 1084 1898 cur
1096 1847 1384 1915 superbiat;
1400 1846 1516 1899 vide
1535 1849 1667 1901 Bur·

652 1941 833 1976 mann.
853 1921 915 1976 ad
938 1923 1151 1977 Petron.
1177 1943 1286 1992 rap.
1315 1924 1456 1976 18.--
1467 1926 1668 1977 Tenuis-

651 2019 733 2061 σε,
763 2000 1059 2053 obtinuisse.
1080 2030 1146 2041 —
1166 2005 1301 2068 Quo.
1336 2001 1526 2055 scilicet
1552 2021 1672 2055 cer-

655 2079 871 2134 stamine.
910 2081 1136 2134 Antisth.
1164 2103 1211 2150 p.
1242 2085 1302 2148 54
1327 2101 1338 2133 :
1368 2086 1386 2135 ὅ
1411 2086 1597 2149 uixque
1624 2086 1671 2135 οὗ

657 2162 774 2229 λόγῳ
790 2166 987 2233 κρίνεται
1002 2198 1017 2223 ,
1046 2158 1144 2211 ἀλλ’
1162 2166 1286 2235 ἴργῳ.
1305 2160 1478 2229 Vulgo
1503 2159 1596 2230 (et
1614 2157 1668 2211 in

657 2236 836 2305 Regiis
866 2236 1055 2289 nostris
1083 2235 1108 2307 )
1147 2241 1299 2304 Quod
1327 2258 1472 2306 quum
1508 2243 1673 2290 victu

652 2319 773 2378 erin
803 2313 950 2367 multi
983 2319 1089 2381 Qui
1106 2332 1287 2384 quum‚·
1314 2316 1405 2370 sed
1429 2337 1525 2385 quo
1548 2315 1672 2385 pla-

655 2392 761 2444 cuit
776 2392 996 2445 Heinsio
1011 2432 1025 2457 ,
1047 2392 1338 2446 Florentini
1352 2434 1367 2459 ,
1387 2395 1671 2466 Berneger.

657 2470 922 2524 Boxhorn.
947 2471 1186 2525 codicum
1217 2473 1540 2525 auctoritate.

726 2550 906 2601 21-33.
926 2549 1088 2618 Alque
1100 2569 1191 2618 ego
1211 2560 1306 2604 etc.
1332 2549 1669 2603 Nobilitatem

657 2631 862 2699 generis
900 2631 1055 2699 jactat
1094 2642 1146 2684 et
1188 2633 1303 2700 jure
1344 2630 1673 2684 haereditario

658 2708 872 2773 nititur,
902 2719 1184 2779 utrumque
1215 2710 1269 2761 in
1293 2710 1672 2764 contumeliam

661 2785 872 2860 Ulyssis.
899 2789 1079 2843 Verbo
1095 2801 1307 2844 tantum
1332 2791 1440 2844 haec
1465 2793 1673 2862 attingit

662 2865 900 2933 Quintus
919 2865 1153 2921 Calaber.
1174 2869 1389 2921 235-36.
1412 2870 1673 2935 Atquein-

658 2943 815 2995 servit
833 2943 1220 2997 transitionibus
1237 2966 1250 3006 3
1266 2944 1384 2996 vide
1404 2945 1545 2999 Clav.
1559 2945 1671 3000 Cic.

658 3045 724 3058 —-
743 3021 1010 3072 Nobilitate
1036 3031 1240 3087 potens.
1272 3022 1456 3075 nobilis
1483 3042 1496 3075 ι
1522 3021 1673 3077 addi-

663 3106 750 3149 tur
773 3096 914 3149 enim
931 3109 1112 3163 potens
1135 3098 1378 3151 omnibus
1403 3100 1463 3152 iis
1483 3101 1639 3154 rebus
1655 3140 1671 3168 ,

660 3192 777 3242 quae
800 3173 974 3228 valent
1003 3174 1193 3244 aliquid
1225 3177 1363 3229 inter
1395 3177 1633 3230 homines
1654 3219 1669 3246 ,

662 3254 848 3324 quibus
883 3254 1108 3307 multum
1144 3251 1405 3309 efficitur:
1437 3257 1556 3311 hinc
1571 3278 1674 3324 po·-

657 3339 769 3382 lens
793 3338 1090 3384 auclorilale
1107 3373 1118 3385 .
1147 3333 1334 3400 favore
1348 3374 1360 3393 ,
1389 3339 1548 3401 copitlr
1572 3345 1669 3387 etc.

659 3408 744 3461 De
769 3410 1036 3463 nobilitate
1063 3410 1396 3465 AEacidarum
1420 3411 1536 3464 vide
1562 3413 1674 3482 Iso-

623 3535 630 3543 ,
659 3498 878 3554 cratem,
899 3488 1057 3558 Evag.
1075 3509 1186 3560 pag.
1206 3492 1320 3555 452,
1338 3490 1519 3544 Wolf.
1540 3492 1669 3543 min.

661 3563 862 3619 Eorum
880 3578 988 3621 acta
1004 3568 1149 3622 suere
1168 3590 1283 3639 pars
1296 3571 1504 3622 illustris
1520 3570 1671 3624 histo·

655 3644 747 3697 riae
772 3646 1238 3715 antiquae;1101·at.
1266 3649 1347 3702 Ill
1369 3690 1383 3714 ,
1412 3647 1517 3702 Od.
1545 3665 1669 3715 xlx,

655 3722 1034 3778 init.·-Moem'a
1048 3732 1159 3795 qui.
1180 3766 1191 3779 .
1210 3768 1220 3780 .
1242 3732 1398 3795 cepit,
1427 3727 1542 3779 vide
1561 3727 1636 3780 xl
1654 3766 1669 3791 ,

657 3822 684 3852 2
697 3802 769 3854 13.
790 3831 857 3842 —-
876 3806 1095 3872 Intram'!
1116 3809 1267 3856 litora
1298 3823 1393 3874 pro
1413 3844 1427 3869 ,
1461 3804 1671 3857 intravit

654 3890 848 3949 portus.
865 3910 932 3921 ·-
947 3884 1195 3949 l'agasaea
1216 3888 1391 3935 carina
1419 3885 1439 3948 (
1457 3882 1589 3936 male
1615 3883 1669 3935 in

653 3957 831 4027 Regiis
875 3960 1064 4013 nostris
1110 3961 1297 4030 legitur
1344 3962 1585 4028 Pegaseo
1609 3962 1629 4028 )
1653 3999 1669 4027 ,

648 4035 891 4091 fabricata
914 4040 1008 4092 sub
1034 4040 1231 4108 Pagaso
1245 4079 1260 4107 ,
1303 4040 1670 4109 promontorio

649 4125 702 4166 et
725 4115 917 4184 oppido
941 4117 1237 4171 Thessaliae.
1264 4119 1363 4169 Ed.

715 4198 793 4247 25.
818 4198 1008 4249 AEacus
1025 4236 1038 4248 .
1058 4239 1070 4248 .
1090 4238 1101 4249 .
1125 4204 1215 4265 qui
1215 4198 1345 4265 jura
1368 4206 1465 4250 etc.
1489 4196 1671 4250 Pleri—

649 4291 750 4341 que
784 4283 961 4326 tamen
1003 4286 1204 4329 veteres
1250 4296 1360 4329 non
1400 4276 1497 4329 nisi
1541 4275 1674 4329 duos

1764 1765 1961 1837 judices
1988 1763 2267 1819 infernales
2297 1775 2620 1833 agnoscunt,
2656 1765 2780 1818 Mi-

1765 1863 1867 1896 noa
1893 1854 1944 1896 et
1969 1841 2449 1895 Rhadamanthum.
2470 1841 2661 1894 AEacus
2687 1861 2780 1910 po-

1767 1920 1868 1972 tius
1881 1920 2118 1973 Plutonis
2130 1919 2351 1988 claviger
2361 1919 2647 1982 serebatur;
2662 1917 2779 1972 vide

1768 1997 1995 2052 Fischer.
2007 1997 2070 2051 ad
2089 1996 2393 2051 AEschinem
2409 1996 2675 2049 Axiocb.s.
2694 2015 2780 2067 19:

1763 2077 1852 2130 sed
1877 2097 1985 2130 non
2007 2078 2203 2130 mirum
2222 2116 2236 2142 ,
2255 2076 2297 2129 si
2316 2076 2451 2146 Aiax
2474 2077 2698 2146 glorians
2714 2075 2778 2128 il-

1767 2155 1857 2210 lud
1899 2156 2095 2210 maluit.
2151 2155 2288 2208 Vide
2320 2156 2541 2209 omnino
2582 2155 2781 2226 Heynii

1771 2234 1893 2289 Ere.
1911 2237 1991 2289 xl
2009 2236 2073 2288 ad
2093 2237 2240 2305 Virg.
2255 2234 2468 2289 AEneid.
2486 2236 2781 2289 VL-Juta

1765 2317 2029 2365 silentibus
2052 2317 2163 2367 illie:
2183 2317 2378 2367 Reddit
2390 2330 2409 2377 ,·
2444 2312 2595 2366 multi
2621 2316 2783 2365 silen-

1766 2396 1899 2444 tibus
1921 2396 2137 2455 umbr125,·
2157 2391 2248 2445 sed
2266 2393 2608 2444 Burmannus
2626 2390 2783 2444 docet

1766 2475 1971 2524 silentes
2002 2471 2232 2524 absolute
2261 2470 2533 2523 interdum
2564 2469 2663 2522 dici
2697 2469 2782 2522 si·-

1767 2548 1934 2608 lentes
1954 2550 2163 2602 umbras
2191 2554 2209 2616 (
2232 2548 2385 2619 Regii
2402 2547 2603 2602 codices
2622 2551 2784 2601 silen-

1768 2631 1900 2679 le'bus
1919 2629 2064 2693 illic)
2088 2649 2101 2690 ;
2133 2639 2187 2681 et
2216 2646 2311 2696 pro
2327 2666 2342 2693 ,
2379 2625 2515 2695 apud
2553 2625 2746 2680 inferos
2762 2665 2779 2696 ,

1768 2707 1887 2760 satis
1912 2707 2093 2759 acerbe
2113 2745 2128 2771 ,
2152 2710 2262 2759 1'lle'c
2279 2747 2292 2766 ,
2321 2705 2667 2775 ube'Stlrypbon
2690 2725 2783 2757 sa-

1767 2803 1887 2835 tum
1895 2803 2048 2852 grave
2057 2794 2210 2850 urget.
2226 2781 2477 2854 Sisyphus
2490 2782 2634 2834 enim
2650 2780 2784 2835 latro

1770 2863 2064 2916 Anticleam
2085 2902 2099 2927 ,
2122 2862 2321 2934 Ulyssis
2341 2873 2563 2915 matrem
2579 2901 2594 2928 ,
2616 2880 2783 2930 quum

1769 2941 1833 2993 ad
1857 2940 2099 2994 Laertem
2122 2940 2425 3005 duceretur,
2448 2939 2780 3008 compressit,

1768 3037 1829 3070 ex
1847 3037 1952 3086 quo
1964 3018 2245 3071 concubitu
2257 3017 2468 3089 Ulysses
2490 3027 2671 3070 natus:
2692 3016 2785 3068 du·

1768 3098 1883 3168 plex
1916 3098 2075 3167 igitur
2107 3099 2242 3151 inest
2271 3098 2582 3151 convicium.
2624 3096 2783 3165 Apud

1770 3177 2076 3247 Euripidem
2097 3215 2112 3242 ,
2144 3176 2257 3246 lph.
2280 3176 2398 3229 Aul.
2417 3178 2543 3242 524,
2569 3176 2783 3245 Ulysses

1768 3256 1956 3309 dicitur
1981 3262 2212 3329 Σισύφειον
2235 3262 2440 3332 “imm‘’
2470 3254 2610 3325 quod
2634 3255 2784 3309 fluxit

1767 3334 1979 3389 sortasse
2007 3335 2127 3389 inde
2148 3376 2162 3401 ,
2188 3336 2309 3405 quia
2332 3336 2544 3408 Ulysses
2566 3335 2783 3401 ingenio

1765 3414 1984 3467 similior
2018 3414 2243 3486 Sisypho
2269 3453 2284 3479 ,
2318 3432 2475 3482 quam
2507 3413 2697 3466 Laerti.
2718 3440 2785 3454 --

1774 3497 1953 3562 Urget.
1985 3496 2204 3564 premit,
2229 3494 2475 3562 degravat
2499 3515 2512 3557 ;
2540 3512 2662 3545 nam
2687 3513 2781 3546 se-

1766 3574 2000 3629 eundum
2023 3574 2358 3643 Propertium
2377 3613 2392 3639 ,
2422 3572 2474 3627 ΙΙ
2490 3612 2506 3641 ,
2534 3589 2627 3626 xvx
2646 3613 2661 3637 ,
2682 3573 2748 3624 30
2764 3612 2780 3639 ,

1767 3666 1819 3707 et
1845 3656 1996 3721 alios,
2021 3653 2274 3727 Sisyphus
2296 3671 2473 3707 saxum
2499 3651 2784 3706 cervicibus

1766 3733 2068 3803 impositum
2092 3732 2228 3803 apud
2252 3730 2448 3785 inferos
2471 3741 2650 3802 gestat.
2675 3729 2782 3784 Sed

1768 3830 1930 3880 quum
1963 3811 2087 3863 illud
2121 3812 2277 3864 etiam
2308 3809 2514 3863 volvere
2544 3808 2779 3873 dicatur,

1766 3907 1913 3958 aeque
1937 3889 2073 3942 bene
2102 3909 2154 3942 se
2189 3888 2344 3942 babet
2381 3886 2608 3940 duorum
2633 3885 2779 3940 MSS

1766 3966 1934 4020 Stror..
1950 3976 2002 4019 et
2018 3966 2234 4019 Barber.
2251 3965 2423 4030 lectio,
2439 3966 2663 4017 AEole‘des
2676 3982 2717 4015 s.
2730 3982 2782 4028 g.

1766 4043 2006 4113 Sekyphus
2032 4053 2194 4109 urget,
2228 4053 2284 4094 ut
2311 4042 2420 4106 IV,
2452 4044 2582 4113 499,
2617 4061 2643 4084 κ
2674 4040 2783 4091 Aut

1770 4143 1797 4168 ἰ
1826 4123 1956 4192 petis
1973 4163 1987 4188 ,
2018 4133 2106 4175 aut
2131 4140 2285 4191 urges
2311 4121 2578 4173 ruiturum
2597 4158 2612 4184 ,
2635 4119 2781 4189 Sisy-
2806 4135 2809 4140 ·

1767 4219 1796 4246 »ο
1825 4199 1923 4269 phe
1943 4239 1958 4266 ,
1975 4218 2187 4262 saxum;
2210 4221 2235 4244 »a
2257 4197 2375 4251 vide
2394 4199 2779 4252 But-mannum.

1764 4305 1830 4317 —
1857 4277 2006 4347 Regii
2039 4276 2241 4331 codices
2278 4275 2406 4329 nihil
2438 4285 2649 4330 mutant
2682 4294 2694 4328 z
2731 4282 2784 4325 et
