3185 5138
633 568 1727 638 METAMORPHOSEON
1788 571 1986 637 LIB.
2045 574 2183 640 IX.

2363 574 2472 656 141

363 712 506 782 Aut
539 709 757 795 stetit,
788 725 903 780 aut
935 708 1072 781 visa
1104 725 1204 781 est
1233 739 1247 781 ε
1277 710 1534 782 inerant
1566 708 1818 783 lunaria
1852 710 2058 783 fronti

368 826 635 898 Cornua
656 878 674 911 ,
711 853 859 898 cum
893 824 1093 924 spicis
1125 824 1343 898 nitido
1377 824 1769 898 flaventibus
1804 855 1962 899 auro
1985 882 2003 914 ,

365 943 458 1014 Et
489 939 704 1035 regale
740 940 937 1014 decus
970 970 986 1014 :
1017 969 1168 1013 cum
1200 970 1328 1040 qua
1363 940 1637 1014 latrator
1667 942 1931 1015 Anubis
1953 999 1971 1029 ‚

371 1056 742 1156 Sanctaque
769 1057 1127 1145 Bubastis,
1163 1057 1511 1157 variusque
1549 1056 1888 1130 coloribus
1924 1058 2132 1157 Apis;
2396 1080 2493 1146 690

371 1174 643 1273 Quique
674 1174 915 1274 premit
946 1202 1204 1260 vocem,
1242 1173 1586 1273 digitoque
1622 1171 1879 1245 silentia
1914 1171 2186 1267 suadem

355 1289 713 1389 ‘Sistraque
741 1306 958 1377 erant,
998 1317 1466 1389 nunquamque
1500 1290 1659 1361 satis
1694 1289 2006 1388 quaesitus
2043 1287 2294 1375 OsiriS,

370 1402 706 1505 Plenaque
741 1405 1081 1500 somniferi
1113 1432 1381 1507 serpens
1413 1404 1757 1505 peregrina
1791 1405 2039 1478 veneni.

373 1603 609 1650 suorum5
643 1596 696 1637 et
721 1586 943 1654 margini
968 1584 1265 1638 inscribitur
1284 1605 1387 1637 sa-

373 1680 579 1715 cronm.
593 1690 659 1702 -
673 1665 879 1716 Inerant
884 1662 1078 1729 fronti.
1100 1684 1159 1732 ge
1165 1664 1310 1716 rebat
1330 1663 1384 1714 in

375 1739 564 1791 fronte.
590 1738 808 1791 Cornua
826 1778 841 1803 ,
869 1758 984 1808 quoe
1004 1757 1080 1808 pr.
1103 1740 1174 1792 sic
1198 1737 1387 1792 dicun-

380 1826 491 1881 tur,
527 1816 719 1869 rectius
740 1815 877 1869 dicas
897 1821 1062 1867 inesse
1074 1817 1256 1884 fronti.
1283 1816 1385 1866 Vix

379 1904 554 1947 autem
568 1892 786 1947 dubium
801 1903 905 1960 est,
924 1893 1117 1946 Isidem
1132 1893 1282 1946 fuisse
1300 1912 1387 1945 re-

380 1970 554 2039 ginam
574 2011 589 2037 ‚
615 1991 884 2040 quoecum
918 1970 1128 2025 Osiride
1163 1973 1386 2040 conjuge

381 2068 565 2118 agrum
591 2049 762 2103 colere
793 2068 913 2102 suos
938 2049 1173 2102 docuerit
1194 2072 1206 2112 ;
1230 2049 1388 2102 Diod.

383 2127 482 2181 Sic.
508 2129 535 2183 l
554 2169 570 2196 ,
607 2148 655 2197 p.
691 2149 765 2198 ¹7·
796 2129 940 2182 Hinc
970 2134 1122 2197 spicoe
1143 2133 1389 2196 flaventes

380 2226 527 2269 auto,
555 2225 740 2259 auree.
765 2207 1073 2260 Tertullian.
1097 2206 1160 2259 de
1189 2205 1388 2259 Ceron.

382 2303 488 2353 cap.
516 2304 542 2353 7
562 2323 576 2349 ,
602 2295 782 2336 auctor
805 2296 882 2338 est
902 2324 916 2350 ,
947 2284 1138 2338 Isidem
1166 2286 1390 2354 primam

384 2372 612 2431 repertas
633 2362 793 2431 spicas
815 2363 979 2432 capite
1004 2363 1389 2433 circumtulisse.

444 2440 558 2512 689.
573 2442 942 2506 Regale-decus,
961 2440 1201 2493 diadema
1215 2480 1229 2506 ,
1250 2439 1391 2508 quod

384 2516 539 2571 etiam
558 2536 585 2571 a
602 2517 752 2572 Curt.
774 2517 845 2586 V,
863 2534 970 2569 vlu
984 2557 999 2585 ,
1024 2520 1080 2572 13
1096 2557 1110 2583 ,
1137 2522 1287 2572 decus
1304 2538 1393 2571 ca-

375 2605 498 2666 pim·
512 2610 758 2662 vocatur-3
786 2599 1061 2653 Claudian.
1084 2599 1247 2651 Laud.
1273 2599 1393 2653 Sti-

387 2677 499 2732 lich.
525 2679 578 2744 1,
613 2701 669 2749 7,
694 2684 899 2732 vel-tore&
918 2683 1095 2741 decus,
1123 2678 1395 2732 laurea.—

389 2755 449 2807 In
474 2776 661 2825 pompa
682 2777 749 2810 sc.
781 2757 1030 2810 comitatu
1053 2767 1167 2809 erat
1197 2758 1397 2809 Anube's

385 2836 610 2895 latrator,
634 2833 686 2886 id
704 2845 781 2888 est
799 2874 813 2900 ,
838 2835 992 2888 canis.
1021 2835 1259 2903 Propert.
1277 2834 1359 2887 111
1376 2875 1392 2901 ,

391 2929 444 2964 lx
470 2953 486 2979 ,
531 2917 587 2980 4¹
620 2953 635 2978 ,
675 2917 871 2966 latrans
911 2915 1126 2966 Anubis.
1174 2912 1398 2966 Osiridis

388 2990 552 3043 filium
574 3032 588 3057 ,
615 3002 760 3044 metu
779 2989 1052 3063 Typhonis
1076 2991 1363 3059 expositum
1379 3030 1394 3058 ,

390 3070 586 3141 reperit
627 3069 767 3122 canis
794 3108 808 3134 ,
849 3088 1007 3137 quem
1049 3067 1131 3121 ille
1168 3067 1357 3120 deinde
1378 3108 1391 3128 ‚

393 3149 628 3200 Anubim
664 3148 860 3201 dictum
883 3185 898 3212 ,
933 3145 1180 3198 comitem
1213 3144 1307 3196 sibi
1346 3152 1399 3195 et

391 3228 661 3282 custodem
684 3227 804 3280 serit
822 3235 1132 3296 perpetuum
1153 3246 1165 3287 ;
1188 3225 1400 3277 Plutar-

392 3306 518 3359 chus
534 3346 549 3373 ,
580 3305 630 3359 d.
652 3306 684 3358 Ι.
706 3326 754 3375 p.
772 3306 882 3373 407.
913 3304 1015 3356 Alii
1039 3302 1204 3354 filium
1228 3302 1399 3370 ipsum

393 3405 513 3437 cum
530 3386 657 3438 sacie
672 3384 856 3437 canina
874 3383 1027 3435 fuisse
1048 3382 1277 3434 tradunt.
1297 3379 1401 3433 Alii

395 3483 572 3516 rursus
609 3462 936 3515 Mercurium
961 3462 1024 3513 ab
1051 3459 1309 3531 AEgyptiis
1331 3459 1403 3511 sic

394 3543 676 3594 formatum
694 3550 746 3592 et
760 3539 957 3593 dictum
970 3538 1285 3591 existimant:
1301 3535 1401 3589 vid.

395 3623 680 3691 lablonsky
694 3619 881 3673 Panth.
904 3618 974 3685 V,
1009 3640 1046 3671 ι.
1075 3617 1215 3669 Cum
1236 3615 1402 3685 capite

394 3699 583 3752 canino
602 3698 804 3751 Anubis
816 3697 1048 3752 cernitur
1063 3716 1124 3748 ex
1139 3713 1401 3747 marmore

395 3796 659 3847 expressus
701 3775 837 3844 apud
885 3773 1140 3828 Boissard.
1184 3772 1403 3840 Antiqu.

399 3856 553 3909 Rom.
582 3856 642 3908 P.
663 3854 696 3906 6
714 3895 728 3920 ,
750 3875 799 3924 p.
825 3855 901 3925 78.
915 3855 1235 3905 -Bubastis
1253 3851 1403 3902 cole—

395 3935 547 3988 batur
579 3933 633 3984 in
663 3933 790 3985 urbe
826 3932 1057 3985 Bubasto
1079 3969 1093 3995 ,
1130 3940 1183 3981 et
1219 3927 1403 3981 eadem

395 4030 519 4065 cum
543 4009 714 4063 Diana
734 4010 886 4064 fuisse
913 4029 941 4063 a
967 4008 1142 4061 multis
1163 4005 1407 4076 perhibe-

400 4092 729 4154 tun—Apis,
756 4089 847 4141 bos
871 4086 1124 4141 candidus
1146 4104 1266 4138 cum
1291 4103 1406 4137 ma-

395 4166 522 4220 culis
536 4166 715 4237 nigris,
731 4165 998 4220 Osiridem
1014 4165 1246 4218 reserens
1260 4184 1274 4225 ;
1288 4162 1408 4214 Plu-

403 4243 635 4310 tarchus,
651 4244 701 4297 d.
721 4245 751 4297 Ι.
768 4264 816 4314 p.
833 4247 927 4310 452
946 4265 958 4303 ς
979 4242 1143 4295 Solin.
1157 4260 1266 4310 cap.
1290 4239 1405 4305 ¹343

406 4322 670 4377 Ammian.
710 4321 876 4378 Marc.
916 4322 1076 4376 xxll
1092 4360 1110 4391 ,
1154 4323 1212 4385 ¹4
1241 4338 1252 4371 :
1285 4315 1408 4371 hinc

1483 1589 1656 1635 varius
1676 1586 1926 1635 coloribus
1942 1623 1955 1643 ,
1983 1581 2287 1644 versicolor3
2324 1586 2494 1633 νηπίω

1481 1662 1641 1715 etiam
1665 1660 1967 1728 simpliciter
1983 1660 2052 1712 ita
2074 1661 2317 1728 ponitur;
2343 1659 2495 1712 Clau-

1483 1742 1702 1808 dianus,
1743 1740 1808 1793 R.
1835 1741 1894 1793 P.
1921 1739 1973 1792 ll
1996 1778 2011 1806 ,
2038 1739 2194 1793 Praes.
2222 1760 2279 1808 27
2300 1777 2314 1803 ,
2350 1745 2498 1792 varia

1482 1824 1641 1886 tzkn‘s.

1548 1898 1661 1967 691.
1685 1898 1874 1963 Qm‘que
1885 1898 2070 1963 premit
2084 1903 2179 1945 etr.
2197 1893 2500 1962 Harpocra-

1483 1983 1560 2026 tes
1578 2012 1594 2039 ,
1616 1972 1763 2025 Isidis
1778 1970 1913 2024 filius
1928 2010 1942 2037 ,
1968 1971 2056 2039 qui
2075 1969 2347 2022 meliorem
2361 1970 2499 2023 Deo-

1483 2069 1605 2102 rum
1631 2049 1872 2102 notitiam
1899 2048 2004 2100 suis
2027 2046 2340 2113 tradiderat,
2369 2047 2500 2116 pin—

1485 2131 1705 2199 gebatur
1741 2148 1863 2182 cum
1906 2128 2067 2197 digito
2106 2128 2185 2179 ori
2221 2128 2463 2196 imposito
2483 2169 2499 2194 ,

1486 2207 1629 2276 quod
1653 2217 1763 2259 erat
1793 2203 2155 2258 taciturnitatis
2185 2204 2499 2275 symbolum.

1486 2286 1548 2338 ln
1585 2285 1740 2338 sacris
1779 2285 1892 2352 ejus
1925 2282 2246 2335 clamabatur
2270 2321 2284 2347 ,
2317 2291 2502 2349 γλῶσσα

1484 2371 1604 2432 τύχη
1625 2404 1640 2429 ,
1679 2372 1865 2430 γλῶσσα
1901 2368 2080 2428 δαίμων
2106 2382 2120 2423 ;
2155 2360 2465 2413 Plutarchus
2484 2401 2499 2426 ,

1486 2443 1534 2497 d.
1564 2444 1595 2494 Ι.
1616 2462 1664 2511 p.
1684 2443 1861 2506 488.—
1871 2443 2079 2494 Sistrum
2095 2479 2109 2500 ‚
2129 2439 2500 2508 crepitaculum

1485 2539 1695 2576 cneum
1728 2529 1780 2573 et
1813 2514 2103 2571 rotundum
2126 2556 2140 2582 ,
2167 2518 2253 2571 ἀπὸ
2284 2529 2360 2572 τοῦ
2393 2528 2502 2574 σεί-

1489 2612 1619 2654 εσθαι
1635 2638 1650 2665 ,
1677 2619 1705 2650 a
1730 2594 2079 2651 concutiendo
2103 2594 2173 2648 sic
2198 2595 2412 2649 dictum.
2438 2597 2502 2649 In

1486 2678 1754 2747 superiore
1770 2688 1915 2746 parte
1930 2675 2125 2745 sculpta
2138 2686 2247 2729 erat
2259 2676 2371 2730 selis
2380 2696 2501 2731 cum

1487 2762 1615 2815 facie
1631 2761 1860 2814 humana
1874 2800 1890 2827 ,
1907 2760 1960 2812 in
1978 2760 2225 2812 inferiore
2242 2761 2347 2814 Isis.
2364 2762 2504 2815 Usus

1488 2840 1603 2907 ejus
1639 2852 1751 2892 erat
1786 2839 1838 2891 in
1875 2838 2029 2891 sacris
2068 2837 2249 2904 Isidis,
2284 2839 2501 2909 ejusque

1487 2918 1662 2971 sonitu
1692 2916 1923 2989 Typhon
1962 2915 2146 2968 terreri
2180 2915 2505 2971 credebatur.

1492 2994 1803 3049 Plutarchus
1819 3034 1834 3061 ,
1873 3014 1922 3063 p.
1960 2994 2071 3060 488.
2106 2993 2357 3046 Formam
2392 2996 2504 3064 ejus

1492 3092 1783 3142 expressam
1807 3070 1950 3124 vides
1972 3070 2026 3122 in
2049 3071 2281 3140 Lipperti
2302 3071 2502 3144 Dactyl.

1491 3148 1517 3199 1
1531 3188 1547 3214 ,
1568 3151 1974 3216 87o.—Osae'ridis·
1996 3166 2183 3216 corpus
2199 3168 2227 3200 a
2244 3149 2504 3219 Typhone

1490 3228 1548 3280 in
1573 3226 1970 3297 quatuordecim
1994 3237 2163 3295 partes
2188 3225 2504 3295 discerptum

1492 3307 1663 3358 suerat
1678 3343 1692 3369 ,
1718 3315 1871 3374 atque
1891 3303 2182 3371 disjectum.
2198 3303 2314 3357 Illas
2335 3315 2505 3371 partes

1494 3382 1730 3450 undique
1763 3381 2076 3451 conquisitas
2099 3380 2389 3449 composuit
2416 3380 2508 3433 lsis

1496 3477 1559 3512 eo
1576 3458 1683 3526 ipse
1704 3458 1816 3510 loco
1835 3496 1849 3522 ,
1877 3475 1982 3526 quo
2004 3475 2265 3524 quamque
2286 3456 2510 3508 invene-

1497 3548 1592 3589 rat.
1621 3536 1961 3601 Plutarchus,
1994 3557 2041 3604 p.
2066 3538 2121 3600 4¹
2139 3555 2178 3586 ι.
2204 3536 2265 3586 ln
2295 3535 2408 3601 ejus
2432 3538 2510 3589 rei

1496 3615 1810 3667 memoriam
1840 3632 1982 3665 sacra
2013 3612 2246 3663 instituta
2265 3650 2279 3675 ,
2311 3613 2367 3664 in
2390 3615 2510 3681 qui-

1499 3693 1597 3745 bus
1619 3690 1908 3745 sacerdotes
1923 3708 2043 3741 cum
2062 3688 2189 3741 fletu
2208 3692 2512 3757 quaerebant

1501 3769 1770 3825 Osiridem
1789 3808 1804 3835 ,
1829 3786 1950 3820 mox
1968 3786 2089 3820 cum
2106 3778 2262 3819 cantu
2280 3769 2513 3821 redeun-

1500 3858 1577 3901 tes
1599 3867 1653 3900 sc
1680 3846 1935 3899 invenisse
1961 3864 2086 3897 eum
2109 3844 2364 3898 dicebant.
2392 3847 2512 3898 Mi-

1498 3926 1683 3979 nucius
1702 3925 1844 3978 Felix
1861 3962 1876 3989 ,
1896 3923 2027 3975 xxl
2044 3963 2058 3988 ,
2081 3944 2105 3993 7
2121 3932 2216 3991 s'qq
2244 3924 2367 3976 hinc
2383 3944 2513 3980 nun-

1500 4022 1743 4072 quamque
1763 4013 1858 4054 etc.

1566 4081 1681 4151 693.
1701 4078 2122 4147 Somnfiriplena
2137 4086 2342 4143 vencm',·
2364 4079 2514 4150 Regii

1502 4157 1669 4211 nostri
1687 4156 1908 4210 Codices
1924 4158 2205 4225 somntseris
2222 4197 2234 4209 .
2251 4199 2261 4209 .
2274 4198 2286 4211 .
2300 4165 2513 4211 wnemk.

1503 4238 1747 4306 -Hujus
1761 4256 1967 4290 veneno
1983 4238 2132 4306 sopiti
2150 4237 2389 4292 homines
2405 4258 2514 4290 mo·

1504 4320 1730 4372 riuntur.
1759 4317 1927 4372 Testis
1951 4330 2027 4372 est
2053 4318 2332 4388 Cleopatra
2353 4359 2368 4387 ,
2404 4338 2519 4393 quae
