<?xml version="1.0" encoding="UTF-8"?>
<!DOCTYPE html PUBLIC "-//W3C//DTD XHTML 1.0 Transitional//EN"
    "http://www.w3.org/TR/xhtml1/DTD/xhtml1-transitional.dtd">
<html xmlns="http://www.w3.org/1999/xhtml" xml:lang="en" lang="en">
 <head>
  <title>
</title>
<meta http-equiv="Content-Type" content="text/html;charset=utf-8" />
  <meta name='ocr-system' content='tesseract 3.04.00' />
  <meta name='ocr-capabilities' content='ocr_page ocr_carea ocr_par ocr_line ocrx_word'/>
</head>
<body>
  <div class='ocr_page' id='page_1' title='image "./publiusovidiusn02giergoog_0546.png"; bbox 0 0 3185 5138; ppageno 0'>
   <div class='ocr_carea' id='block_1_1' title="bbox 672 525 810 610">
    <p class='ocr_par' dir='ltr' id='par_1_1' title="bbox 672 525 810 610">
     <span class='ocr_line' id='line_1_1' title="bbox 672 525 810 610; baseline 0 -16"><span class='ocrx_word' id='word_1_1' title='bbox 672 525 810 610; x_wconf 73' lang='lat'>534</span> 
     </span>
    </p>
   </div>
   <div class='ocr_carea' id='block_1_2' title="bbox 1240 525 2254 596">
    <p class='ocr_par' dir='ltr' id='par_1_2' title="bbox 1240 525 2254 596">
     <span class='ocr_line' id='line_1_2' title="bbox 1240 525 2254 596; baseline -0.002 0"><span class='ocrx_word' id='word_1_2' title='bbox 1240 526 1319 596; x_wconf 88' lang='lat' dir='ltr'>P.</span> <span class='ocrx_word' id='word_1_3' title='bbox 1379 525 1734 596; x_wconf 85' lang='lat' dir='ltr'>OVIDII</span> <span class='ocrx_word' id='word_1_4' title='bbox 1790 525 2254 595; x_wconf 80' lang='lat' dir='ltr'><strong>NASONIS</strong></span> 
     </span>
    </p>
   </div>
   <div class='ocr_carea' id='block_1_3' title="bbox 670 666 2192 769">
    <p class='ocr_par' dir='ltr' id='par_1_3' title="bbox 670 666 2192 769">
     <span class='ocr_line' id='line_1_3' title="bbox 670 666 2192 769; baseline -0.001 -26"><span class='ocrx_word' id='word_1_5' title='bbox 670 666 1058 769; x_wconf 89' lang='lat' dir='ltr'>Hostilique</span> <span class='ocrx_word' id='word_1_6' title='bbox 1093 683 1293 768; x_wconf 88' lang='lat' dir='ltr'>caput</span> <span class='ocrx_word' id='word_1_7' title='bbox 1322 696 1519 769; x_wconf 82' lang='lat' dir='ltr'>prece</span> <span class='ocrx_word' id='word_1_8' title='bbox 1557 668 1920 743; x_wconf 86' lang='lat' dir='ltr'>detestatur</span> <span class='ocrx_word' id='word_1_9' title='bbox 1952 669 2192 743; x_wconf 87' lang='lat' dir='ltr'>euntis.</span> 
     </span>
    </p>
   </div>
   <div class='ocr_carea' id='block_1_4' title="bbox 666 784 2649 1238">
    <p class='ocr_par' dir='ltr' id='par_1_4' title="bbox 666 784 2301 887">
     <span class='ocr_line' id='line_1_4' title="bbox 666 784 2301 887; baseline -0.001 -26"><span class='ocrx_word' id='word_1_10' title='bbox 666 786 1001 861; x_wconf 79' lang='lat' dir='ltr'><strong>Pittheam</strong></span> <span class='ocrx_word' id='word_1_11' title='bbox 1032 784 1321 887; x_wconf 84' lang='lat' dir='ltr'>profugo</span> <span class='ocrx_word' id='word_1_12' title='bbox 1358 814 1558 861; x_wconf 91' lang='lat' dir='ltr'>curru</span> <span class='ocrx_word' id='word_1_13' title='bbox 1590 788 1911 861; x_wconf 87' lang='lat' dir='ltr'>Troezena</span> <span class='ocrx_word' id='word_1_14' title='bbox 1947 786 2301 886; x_wconf 89' lang='lat' dir='ltr'>petebam;</span> 
     </span>
    </p>

    <p class='ocr_par' dir='ltr' id='par_1_5' title="bbox 669 900 2280 1003">
     <span class='ocr_line' id='line_1_5' title="bbox 669 900 2280 1003; baseline -0.001 -28"><span class='ocrx_word' id='word_1_15' title='bbox 669 901 953 1003; x_wconf 84' lang='lat' dir='ltr'>Jamque</span> <span class='ocrx_word' id='word_1_16' title='bbox 989 900 1399 977; x_wconf 80' lang='lat' dir='ltr'>Corinthiaci</span> <span class='ocrx_word' id='word_1_17' title='bbox 1431 902 1781 1003; x_wconf 77' lang='lat' dir='ltr'>carpebam</span> <span class='ocrx_word' id='word_1_18' title='bbox 1816 900 2016 975; x_wconf 88' lang='lat' dir='ltr'>litora</span> <span class='ocrx_word' id='word_1_19' title='bbox 2049 901 2280 1002; x_wconf 90' lang='lat' dir='ltr'>ponti,</span> 
     </span>
    </p>

    <p class='ocr_par' dir='ltr' id='par_1_6' title="bbox 669 1017 2649 1238">
     <span class='ocr_line' id='line_1_6' title="bbox 672 1017 2649 1121; baseline 0.001 -30"><span class='ocrx_word' id='word_1_20' title='bbox 672 1021 907 1114; x_wconf 82' lang='lat' dir='ltr'>Quum</span> <span class='ocrx_word' id='word_1_21' title='bbox 937 1047 1114 1092; x_wconf 90' lang='lat' dir='ltr'>mare</span> <span class='ocrx_word' id='word_1_22' title='bbox 1146 1020 1462 1107; x_wconf 83' lang='lat' dir='ltr'>surrexit,</span> <span class='ocrx_word' id='word_1_23' title='bbox 1489 1017 1929 1121; x_wconf 78' lang='lat' dir='ltr'>cumulusque</span> <span class='ocrx_word' id='word_1_24' title='bbox 1964 1018 2281 1093; x_wconf 88' lang='lat' dir='ltr'>immanis</span> <span class='ocrx_word' id='word_1_25' title='bbox 2314 1046 2649 1119; x_wconf 85' lang='lat' dir='ltr'>aquarum</span> 
     </span>
     <span class='ocr_line' id='line_1_7' title="bbox 669 1135 2373 1238; baseline 0.001 -30"><span class='ocrx_word' id='word_1_26' title='bbox 669 1136 751 1208; x_wconf 91' lang='lat' dir='ltr'>In</span> <span class='ocrx_word' id='word_1_27' title='bbox 786 1135 1039 1209; x_wconf 87' lang='lat' dir='ltr'>montis</span> <span class='ocrx_word' id='word_1_28' title='bbox 1071 1136 1357 1238; x_wconf 90' lang='lat' dir='ltr'>speciem</span> <span class='ocrx_word' id='word_1_29' title='bbox 1391 1137 1692 1225; x_wconf 87' lang='lat' dir='ltr'>curvari,</span> <span class='ocrx_word' id='word_1_30' title='bbox 1724 1154 1791 1210; x_wconf 90' lang='lat' dir='ltr'>et</span> <span class='ocrx_word' id='word_1_31' title='bbox 1825 1162 2115 1210; x_wconf 90' lang='lat' dir='ltr'>crescere</span> <span class='ocrx_word' id='word_1_32' title='bbox 2148 1135 2373 1224; x_wconf 82' lang='lat' dir='ltr'>visus,</span> 
     </span>
    </p>
   </div>
   <div class='ocr_carea' id='block_1_5' title="bbox 670 1251 2329 1354">
    <p class='ocr_par' dir='ltr' id='par_1_7' title="bbox 670 1251 2329 1354">
     <span class='ocr_line' id='line_1_8' title="bbox 670 1251 2329 1354; baseline 0.001 -30"><span class='ocrx_word' id='word_1_33' title='bbox 670 1254 764 1324; x_wconf 84' lang='lat' dir='ltr'>Et</span> <span class='ocrx_word' id='word_1_34' title='bbox 799 1251 952 1327; x_wconf 82' lang='lat' dir='ltr'>dare</span> <span class='ocrx_word' id='word_1_35' title='bbox 987 1254 1320 1349; x_wconf 84' lang='lat' dir='ltr'>mugitus,</span> <span class='ocrx_word' id='word_1_36' title='bbox 1357 1282 1753 1354; x_wconf 86' lang='lat' dir='ltr'>summoque</span> <span class='ocrx_word' id='word_1_37' title='bbox 1783 1252 2117 1326; x_wconf 80' lang='lat' dir='ltr'>cacumine</span> <span class='ocrx_word' id='word_1_38' title='bbox 2141 1251 2329 1326; x_wconf 88' lang='lat' dir='ltr'>findi.</span> 
     </span>
    </p>
   </div>
   <div class='ocr_carea' id='block_1_6' title="bbox 2748 1272 2877 1323">
    <p class='ocr_par' dir='ltr' id='par_1_8' title="bbox 2748 1272 2877 1323">
     <span class='ocr_line' id='line_1_9' title="bbox 2748 1272 2877 1323; baseline 0 0"><span class='ocrx_word' id='word_1_39' title='bbox 2748 1272 2877 1323; x_wconf 68' lang='grc' dir='ltr'>διο</span> 
     </span>
    </p>
   </div>
   <div class='ocr_carea' id='block_1_7' title="bbox 670 1367 2627 1818">
    <p class='ocr_par' dir='ltr' id='par_1_9' title="bbox 670 1367 2627 1818">
     <span class='ocr_line' id='line_1_10' title="bbox 674 1367 2373 1471; baseline -0.001 -30"><span class='ocrx_word' id='word_1_40' title='bbox 674 1368 1003 1465; x_wconf 86' lang='lat' dir='ltr'>Corniger</span> <span class='ocrx_word' id='word_1_41' title='bbox 1035 1369 1194 1443; x_wconf 88' lang='lat' dir='ltr'>hinc</span> <span class='ocrx_word' id='word_1_42' title='bbox 1226 1388 1457 1445; x_wconf 87' lang='lat' dir='ltr'>taurus</span> <span class='ocrx_word' id='word_1_43' title='bbox 1490 1370 1712 1470; x_wconf 86' lang='lat' dir='ltr'>ruptis</span> <span class='ocrx_word' id='word_1_44' title='bbox 1749 1367 2104 1471; x_wconf 80' lang='lat' dir='ltr'>expellitur</span> <span class='ocrx_word' id='word_1_45' title='bbox 2135 1367 2373 1454; x_wconf 87' lang='lat' dir='ltr'>undis,</span> 
     </span>
     <span class='ocr_line' id='line_1_11' title="bbox 672 1482 2374 1585; baseline 0.001 -30"><span class='ocrx_word' id='word_1_46' title='bbox 672 1482 1207 1585; x_wconf 90' lang='lat' dir='ltr'>Pectoribusque</span> <span class='ocrx_word' id='word_1_47' title='bbox 1243 1503 1436 1561; x_wconf 88' lang='lat' dir='ltr'>tenus</span> <span class='ocrx_word' id='word_1_48' title='bbox 1472 1484 1706 1560; x_wconf 85' lang='lat' dir='ltr'>molles</span> <span class='ocrx_word' id='word_1_49' title='bbox 1740 1503 1998 1560; x_wconf 86' lang='lat' dir='ltr'>erectus</span> <span class='ocrx_word' id='word_1_50' title='bbox 2036 1485 2109 1556; x_wconf 92' lang='lat' dir='ltr'>in</span> <span class='ocrx_word' id='word_1_51' title='bbox 2139 1510 2374 1572; x_wconf 55' lang='lat' dir='ltr'>aura,</span> 
     </span>
     <span class='ocr_line' id='line_1_12' title="bbox 670 1599 2359 1705; baseline -0.001 -31"><span class='ocrx_word' id='word_1_52' title='bbox 670 1601 972 1675; x_wconf 81' lang='lat' dir='ltr'>Naribus</span> <span class='ocrx_word' id='word_1_53' title='bbox 995 1658 1015 1690; x_wconf 84' lang='lat'>,</span> <span class='ocrx_word' id='word_1_54' title='bbox 1050 1619 1117 1675; x_wconf 92' lang='lat' dir='ltr'>et</span> <span class='ocrx_word' id='word_1_55' title='bbox 1146 1601 1380 1705; x_wconf 85' lang='lat' dir='ltr'>patulo</span> <span class='ocrx_word' id='word_1_56' title='bbox 1416 1620 1672 1704; x_wconf 89' lang='lat' dir='ltr'>partem</span> <span class='ocrx_word' id='word_1_57' title='bbox 1705 1601 1908 1676; x_wconf 85' lang='lat' dir='ltr'>maris</span> <span class='ocrx_word' id='word_1_58' title='bbox 1941 1599 2189 1675; x_wconf 84' lang='lat' dir='ltr'>evomit</span> <span class='ocrx_word' id='word_1_59' title='bbox 2224 1626 2359 1673; x_wconf 91' lang='lat' dir='ltr'>ore.</span> 
     </span>
     <span class='ocr_line' id='line_1_13' title="bbox 680 1715 2627 1818; baseline 0.001 -29"><span class='ocrx_word' id='word_1_60' title='bbox 680 1716 901 1790; x_wconf 90' lang='lat' dir='ltr'>Corda</span> <span class='ocrx_word' id='word_1_61' title='bbox 932 1736 1174 1818; x_wconf 88' lang='lat' dir='ltr'>pavent</span> <span class='ocrx_word' id='word_1_62' title='bbox 1206 1719 1528 1793; x_wconf 90' lang='lat' dir='ltr'>comitum</span> <span class='ocrx_word' id='word_1_63' title='bbox 1548 1776 1568 1807; x_wconf 88' lang='lat'>‚</span> <span class='ocrx_word' id='word_1_64' title='bbox 1604 1719 1767 1793; x_wconf 87' lang='lat' dir='ltr'>mibi</span> <span class='ocrx_word' id='word_1_65' title='bbox 1793 1746 1981 1793; x_wconf 91' lang='lat' dir='ltr'>mens</span> <span class='ocrx_word' id='word_1_66' title='bbox 2014 1715 2317 1791; x_wconf 86' lang='lat' dir='ltr'>interrita</span> <span class='ocrx_word' id='word_1_67' title='bbox 2345 1715 2627 1803; x_wconf 85' lang='lat' dir='ltr'>mansit,</span> 
     </span>
    </p>
   </div>
   <div class='ocr_carea' id='block_1_8' title="bbox 681 1830 2238 1935">
    <p class='ocr_par' dir='ltr' id='par_1_10' title="bbox 681 1830 2238 1935">
     <span class='ocr_line' id='line_1_14' title="bbox 681 1830 2238 1935; baseline 0.001 -30"><span class='ocrx_word' id='word_1_68' title='bbox 681 1830 956 1907; x_wconf 83' lang='lat' dir='ltr'>Exsiliis</span> <span class='ocrx_word' id='word_1_69' title='bbox 990 1850 1300 1907; x_wconf 88' lang='lat' dir='ltr'>contenta</span> <span class='ocrx_word' id='word_1_70' title='bbox 1331 1834 1507 1922; x_wconf 86' lang='lat' dir='ltr'>suis,</span> <span class='ocrx_word' id='word_1_71' title='bbox 1543 1864 1752 1935; x_wconf 91' lang='lat' dir='ltr'>quum</span> <span class='ocrx_word' id='word_1_72' title='bbox 1786 1834 1958 1910; x_wconf 85' lang='lat' dir='ltr'>colla</span> <span class='ocrx_word' id='word_1_73' title='bbox 1984 1835 2238 1910; x_wconf 86' lang='lat' dir='ltr'>seroces</span> 
     </span>
    </p>
   </div>
   <div class='ocr_carea' id='block_1_9' title="bbox 2738 1852 2848 1905">
    <p class='ocr_par' dir='ltr' id='par_1_11' title="bbox 2738 1852 2848 1905">
     <span class='ocr_line' id='line_1_15' title="bbox 2738 1852 2848 1905; baseline 0.018 -2"><span class='ocrx_word' id='word_1_74' title='bbox 2738 1852 2848 1905; x_wconf 75' lang='lat'>515</span> 
     </span>
    </p>
   </div>
   <div class='ocr_carea' id='block_1_10' title="bbox 682 1944 2635 2053">
    <p class='ocr_par' dir='ltr' id='par_1_12' title="bbox 682 1944 2635 2053">
     <span class='ocr_line' id='line_1_16' title="bbox 682 1944 2635 2053; baseline 0.001 -33"><span class='ocrx_word' id='word_1_75' title='bbox 682 1947 794 2020; x_wconf 83' lang='lat' dir='ltr'>Ad</span> <span class='ocrx_word' id='word_1_76' title='bbox 824 1947 992 2021; x_wconf 86' lang='lat' dir='ltr'>freta</span> <span class='ocrx_word' id='word_1_77' title='bbox 1026 1966 1455 2039; x_wconf 85' lang='lat' dir='ltr'>convertunt,</span> <span class='ocrx_word' id='word_1_78' title='bbox 1490 1950 1907 2053; x_wconf 81' lang='lat' dir='ltr'>adrectisque</span> <span class='ocrx_word' id='word_1_79' title='bbox 1942 1951 2218 2026; x_wconf 89' lang='lat' dir='ltr'>auribus</span> <span class='ocrx_word' id='word_1_80' title='bbox 2253 1950 2529 2024; x_wconf 85' lang='lat' dir='ltr'>horrent</span> <span class='ocrx_word' id='word_1_81' title='bbox 2632 1944 2635 1947; x_wconf 34' lang='lat'><strong>⁴</strong></span> 
     </span>
    </p>
   </div>
   <div class='ocr_carea' id='block_1_11' title="bbox 678 2116 1715 3133">
    <p class='ocr_par' dir='ltr' id='par_1_13' title="bbox 678 2116 1710 2500">
     <span class='ocr_line' id='line_1_17' title="bbox 682 2116 1707 2186; baseline 0.004 -18"><span class='ocrx_word' id='word_1_82' title='bbox 682 2117 910 2185; x_wconf 63' lang='grc' dir='ltr'><strong>ςυγάς.-</strong></span> <span class='ocrx_word' id='word_1_83' title='bbox 922 2117 1123 2168; x_wconf 77' lang='lat' dir='ltr'>Hostili</span> <span class='ocrx_word' id='word_1_84' title='bbox 1128 2132 1306 2183; x_wconf 56' lang='grc' dir='ltr'>ραι-ιη</span> <span class='ocrx_word' id='word_1_85' title='bbox 1328 2116 1707 2186; x_wconf 83' lang='lat' dir='ltr'>imprecatione</span> 
     </span>
     <span class='ocr_line' id='line_1_18' title="bbox 678 2192 1709 2264; baseline 0.002 -17"><span class='ocrx_word' id='word_1_86' title='bbox 678 2193 818 2247; x_wconf 81' lang='lat' dir='ltr'>hosti</span> <span class='ocrx_word' id='word_1_87' title='bbox 832 2192 1183 2247; x_wconf 83' lang='lat' dir='ltr'>conveniente</span> <span class='ocrx_word' id='word_1_88' title='bbox 1203 2233 1218 2260; x_wconf 84' lang='lat'>‚</span> <span class='ocrx_word' id='word_1_89' title='bbox 1242 2213 1352 2246; x_wconf 90' lang='lat' dir='ltr'>non</span> <span class='ocrx_word' id='word_1_90' title='bbox 1378 2196 1511 2264; x_wconf 89' lang='lat' dir='ltr'>patri</span> <span class='ocrx_word' id='word_1_91' title='bbox 1527 2216 1539 2248; x_wconf 74' lang='grc' dir='ltr'><strong><em>ε</em></strong></span> <span class='ocrx_word' id='word_1_92' title='bbox 1557 2194 1709 2249; x_wconf 87' lang='lat' dir='ltr'>The-</span> 
     </span>
     <span class='ocr_line' id='line_1_19' title="bbox 682 2272 1709 2343; baseline 0.002 -17"><span class='ocrx_word' id='word_1_93' title='bbox 682 2292 803 2327; x_wconf 84' lang='lat' dir='ltr'>seus</span> <span class='ocrx_word' id='word_1_94' title='bbox 818 2272 964 2326; x_wconf 85' lang='lat' dir='ltr'>enim</span> <span class='ocrx_word' id='word_1_95' title='bbox 984 2274 1296 2343; x_wconf 83' lang='lat' dir='ltr'>Neptunum</span> <span class='ocrx_word' id='word_1_96' title='bbox 1314 2284 1519 2343; x_wconf 90' lang='lat' dir='ltr'>patrem</span> <span class='ocrx_word' id='word_1_97' title='bbox 1534 2293 1709 2343; x_wconf 77' lang='lat' dir='ltr'>preca-</span> 
     </span>
     <span class='ocr_line' id='line_1_20' title="bbox 683 2350 1710 2424; baseline 0.003 -21"><span class='ocrx_word' id='word_1_98' title='bbox 683 2362 764 2405; x_wconf 87' lang='lat' dir='ltr'>tus</span> <span class='ocrx_word' id='word_1_99' title='bbox 789 2362 900 2418; x_wconf 85' lang='lat' dir='ltr'>est,</span> <span class='ocrx_word' id='word_1_100' title='bbox 926 2361 987 2404; x_wconf 87' lang='lat' dir='ltr'>ut</span> <span class='ocrx_word' id='word_1_101' title='bbox 1004 2350 1323 2424; x_wconf 74' lang='lat' dir='ltr'>Hippolytus</span> <span class='ocrx_word' id='word_1_102' title='bbox 1349 2350 1487 2405; x_wconf 81' lang='lat' dir='ltr'>filius</span> <span class='ocrx_word' id='word_1_103' title='bbox 1510 2352 1710 2406; x_wconf 83' lang='lat' dir='ltr'>discer-</span> 
     </span>
     <span class='ocr_line' id='line_1_21' title="bbox 683 2432 1039 2500; baseline -0.006 -17"><span class='ocrx_word' id='word_1_104' title='bbox 683 2439 914 2500; x_wconf 82' lang='lat' dir='ltr'>peretur.</span> <span class='ocrx_word' id='word_1_105' title='bbox 940 2432 1039 2482; x_wconf 78' lang='lat' dir='ltr'>Ed.</span> 
     </span>
    </p>

    <p class='ocr_par' dir='ltr' id='par_1_14' title="bbox 680 2508 1715 3133">
     <span class='ocr_line' id='line_1_22' title="bbox 750 2508 1710 2582; baseline 0.001 -21"><span class='ocrx_word' id='word_1_106' title='bbox 750 2508 864 2561; x_wconf 81' lang='lat'>506.</span> <span class='ocrx_word' id='word_1_107' title='bbox 877 2511 1144 2571; x_wconf 61' lang='lat' dir='ltr'>Pittheam</span> <span class='ocrx_word' id='word_1_108' title='bbox 1160 2508 1251 2562; x_wconf 81' lang='lat' dir='ltr'>nbi</span> <span class='ocrx_word' id='word_1_109' title='bbox 1270 2509 1512 2563; x_wconf 81' lang='lat' dir='ltr'>Pittheus</span> <span class='ocrx_word' id='word_1_110' title='bbox 1524 2528 1710 2582; x_wconf 83' lang='lat' dir='ltr'>regna·</span> 
     </span>
     <span class='ocr_line' id='line_1_23' title="bbox 681 2587 1709 2662; baseline 0 -20"><span class='ocrx_word' id='word_1_111' title='bbox 681 2591 771 2644; x_wconf 77' lang='lat' dir='ltr'>bat</span> <span class='ocrx_word' id='word_1_112' title='bbox 791 2628 806 2656; x_wconf 88' lang='lat'>,</span> <span class='ocrx_word' id='word_1_113' title='bbox 844 2587 984 2658; x_wconf 90' lang='lat' dir='ltr'>apud</span> <span class='ocrx_word' id='word_1_114' title='bbox 1007 2608 1169 2657; x_wconf 89' lang='lat' dir='ltr'>quem</span> <span class='ocrx_word' id='word_1_115' title='bbox 1201 2589 1454 2644; x_wconf 78' lang='lat' dir='ltr'>educatus</span> <span class='ocrx_word' id='word_1_116' title='bbox 1479 2591 1709 2662; x_wconf 81' lang='lat' dir='ltr'>Hyppo-</span> 
     </span>
     <span class='ocr_line' id='line_1_24' title="bbox 682 2664 1710 2739; baseline 0 -18"><span class='ocrx_word' id='word_1_117' title='bbox 682 2668 837 2739; x_wconf 77' lang='lat' dir='ltr'>lytus.</span> <span class='ocrx_word' id='word_1_118' title='bbox 858 2664 1063 2720; x_wconf 76' lang='lat' dir='ltr'>Confer</span> <span class='ocrx_word' id='word_1_119' title='bbox 1083 2686 1207 2721; x_wconf 85' lang='lat' dir='ltr'>cum</span> <span class='ocrx_word' id='word_1_120' title='bbox 1228 2668 1569 2736; x_wconf 81' lang='lat' dir='ltr'>sequentibus</span> <span class='ocrx_word' id='word_1_121' title='bbox 1594 2669 1710 2721; x_wconf 84' lang='lat' dir='ltr'>Eu·</span> 
     </span>
     <span class='ocr_line' id='line_1_25' title="bbox 683 2746 1711 2819; baseline 0.003 -20"><span class='ocrx_word' id='word_1_122' title='bbox 683 2746 909 2817; x_wconf 86' lang='lat' dir='ltr'>ripidem</span> <span class='ocrx_word' id='word_1_123' title='bbox 925 2786 939 2808; x_wconf 82' lang='lat'>.</span> <span class='ocrx_word' id='word_1_124' title='bbox 969 2767 1041 2801; x_wconf 80' lang='lat' dir='ltr'>vs.</span> <span class='ocrx_word' id='word_1_125' title='bbox 1074 2768 1196 2802; x_wconf 81' lang='lat'><em>1102</em></span> <span class='ocrx_word' id='word_1_126' title='bbox 1215 2770 1311 2819; x_wconf 88' lang='lat' dir='ltr'>sqq</span> <span class='ocrx_word' id='word_1_127' title='bbox 1330 2788 1348 2815; x_wconf 84' lang='lat'>,</span> <span class='ocrx_word' id='word_1_128' title='bbox 1378 2749 1469 2802; x_wconf 88' lang='lat' dir='ltr'>ubi</span> <span class='ocrx_word' id='word_1_129' title='bbox 1490 2750 1711 2802; x_wconf 86' lang='lat' dir='ltr'>nuntius</span> 
     </span>
     <span class='ocr_line' id='line_1_26' title="bbox 684 2824 1711 2899; baseline 0.001 -22"><span class='ocrx_word' id='word_1_130' title='bbox 684 2824 797 2878; x_wconf 77' lang='lat' dir='ltr'>haec</span> <span class='ocrx_word' id='word_1_131' title='bbox 819 2838 1013 2882; x_wconf 82' lang='lat' dir='ltr'>narrat.</span> <span class='ocrx_word' id='word_1_132' title='bbox 1045 2828 1123 2881; x_wconf 80' lang='lat' dir='ltr'>lbi</span> <span class='ocrx_word' id='word_1_133' title='bbox 1150 2826 1471 2899; x_wconf 81' lang='lat' dir='ltr'>Hippolytus</span> <span class='ocrx_word' id='word_1_134' title='bbox 1503 2826 1585 2878; x_wconf 78' lang='lat' dir='ltr'>via</span> <span class='ocrx_word' id='word_1_135' title='bbox 1614 2845 1711 2878; x_wconf 78' lang='lat' dir='ltr'>ve-</span> 
     </span>
     <span class='ocr_line' id='line_1_27' title="bbox 682 2903 1711 2975; baseline 0.003 -20"><span class='ocrx_word' id='word_1_136' title='bbox 682 2903 829 2955; x_wconf 82' lang='lat' dir='ltr'>hitur</span> <span class='ocrx_word' id='word_1_137' title='bbox 847 2943 863 2970; x_wconf 89' lang='lat'>,</span> <span class='ocrx_word' id='word_1_138' title='bbox 891 2923 1008 2972; x_wconf 75' lang='lat' dir='ltr'>quae</span> <span class='ocrx_word' id='word_1_139' title='bbox 1035 2917 1181 2959; x_wconf 89' lang='lat' dir='ltr'>recto</span> <span class='ocrx_word' id='word_1_140' title='bbox 1206 2904 1416 2959; x_wconf 85' lang='lat' dir='ltr'>tramite</span> <span class='ocrx_word' id='word_1_141' title='bbox 1442 2905 1507 2959; x_wconf 85' lang='lat' dir='ltr'>ad</span> <span class='ocrx_word' id='word_1_142' title='bbox 1538 2905 1711 2975; x_wconf 82' lang='lat' dir='ltr'>Argos</span> 
     </span>
     <span class='ocr_line' id='line_1_28' title="bbox 680 2981 1715 3054; baseline 0.005 -21"><span class='ocrx_word' id='word_1_143' title='bbox 680 2981 827 3035; x_wconf 88' lang='lat' dir='ltr'>ducit</span> <span class='ocrx_word' id='word_1_144' title='bbox 843 2993 896 3036; x_wconf 88' lang='lat' dir='ltr'>et</span> <span class='ocrx_word' id='word_1_145' title='bbox 914 2984 1258 3053; x_wconf 81' lang='lat' dir='ltr'>Epidaurum.</span> <span class='ocrx_word' id='word_1_146' title='bbox 1275 2985 1373 3038; x_wconf 87' lang='lat' dir='ltr'>Ubi</span> <span class='ocrx_word' id='word_1_147' title='bbox 1392 2984 1512 3037; x_wconf 86' lang='lat' dir='ltr'>litus</span> <span class='ocrx_word' id='word_1_148' title='bbox 1527 2983 1590 3037; x_wconf 86' lang='lat' dir='ltr'>ad</span> <span class='ocrx_word' id='word_1_149' title='bbox 1599 2984 1715 3054; x_wconf 83' lang='lat' dir='ltr'>tigit</span> 
     </span>
     <span class='ocr_line' id='line_1_29' title="bbox 683 3060 1709 3133; baseline 0.004 -20"><span class='ocrx_word' id='word_1_150' title='bbox 683 3060 834 3129; x_wconf 87' lang='lat' dir='ltr'>ponti</span> <span class='ocrx_word' id='word_1_151' title='bbox 872 3061 1113 3116; x_wconf 82' lang='lat' dir='ltr'>Saronici</span> <span class='ocrx_word' id='word_1_152' title='bbox 1141 3103 1156 3128; x_wconf 88' lang='lat'>,</span> <span class='ocrx_word' id='word_1_153' title='bbox 1208 3063 1375 3133; x_wconf 74' lang='lat' dir='ltr'>gravis</span> <span class='ocrx_word' id='word_1_154' title='bbox 1418 3062 1665 3117; x_wconf 74' lang='lat' dir='ltr'>fremitus</span> <span class='ocrx_word' id='word_1_155' title='bbox 1693 3104 1709 3131; x_wconf 86' lang='lat'><em>,</em></span> 
     </span>
    </p>
   </div>
   <div class='ocr_carea' id='block_1_12' title="bbox 683 3140 1721 3208">
    <p class='ocr_par' dir='ltr' id='par_1_15' title="bbox 683 3140 1721 3208">
     <span class='ocr_line' id='line_1_30' title="bbox 683 3140 1721 3208; baseline 0.003 -18"><span class='ocrx_word' id='word_1_156' title='bbox 683 3148 958 3207; x_wconf 79' lang='lat' dir='ltr'>tamquam</span> <span class='ocrx_word' id='word_1_157' title='bbox 1005 3140 1204 3193; x_wconf 82' lang='lat' dir='ltr'>tonitru</span> <span class='ocrx_word' id='word_1_158' title='bbox 1253 3140 1403 3195; x_wconf 84' lang='lat' dir='ltr'>Jovis</span> <span class='ocrx_word' id='word_1_159' title='bbox 1453 3140 1666 3195; x_wconf 83' lang='lat' dir='ltr'>auditur</span> <span class='ocrx_word' id='word_1_160' title='bbox 1691 3150 1721 3208; x_wconf 69' lang='lat'>,‘</span> 
     </span>
    </p>
   </div>
   <div class='ocr_carea' id='block_1_13' title="bbox 683 3222 1720 4317">
    <p class='ocr_par' dir='ltr' id='par_1_16' title="bbox 683 3222 1720 4317">
     <span class='ocr_line' id='line_1_31' title="bbox 686 3222 1710 3292; baseline 0.009 -22"><span class='ocrx_word' id='word_1_161' title='bbox 686 3237 794 3286; x_wconf 84' lang='lat' dir='ltr'>quo</span> <span class='ocrx_word' id='word_1_162' title='bbox 830 3222 1056 3288; x_wconf 86' lang='lat' dir='ltr'>percussi</span> <span class='ocrx_word' id='word_1_163' title='bbox 1097 3223 1217 3291; x_wconf 88' lang='lat' dir='ltr'>equi</span> <span class='ocrx_word' id='word_1_164' title='bbox 1252 3232 1409 3292; x_wconf 83' lang='lat' dir='ltr'>caput</span> <span class='ocrx_word' id='word_1_165' title='bbox 1451 3241 1710 3292; x_wconf 83' lang='lat' dir='ltr'>auresque</span> 
     </span>
     <span class='ocr_line' id='line_1_32' title="bbox 686 3295 1715 3369; baseline 0.008 -21"><span class='ocrx_word' id='word_1_166' title='bbox 686 3295 958 3367; x_wconf 84' lang='lat' dir='ltr'>arrigunt,</span> <span class='ocrx_word' id='word_1_167' title='bbox 997 3299 1320 3369; x_wconf 74' lang='lat' dir='ltr'>comitesque</span> <span class='ocrx_word' id='word_1_168' title='bbox 1356 3312 1505 3355; x_wconf 83' lang='lat' dir='ltr'>metu</span> <span class='ocrx_word' id='word_1_169' title='bbox 1541 3303 1715 3357; x_wconf 88' lang='lat' dir='ltr'>corri-</span> 
     </span>
     <span class='ocr_line' id='line_1_33' title="bbox 683 3374 1712 3445; baseline 0.009 -20"><span class='ocrx_word' id='word_1_170' title='bbox 683 3374 919 3445; x_wconf 88' lang='lat' dir='ltr'>piuntur.</span> <span class='ocrx_word' id='word_1_171' title='bbox 942 3377 1072 3431; x_wconf 81' lang='lat' dir='ltr'>Mox</span> <span class='ocrx_word' id='word_1_172' title='bbox 1091 3377 1282 3433; x_wconf 82' lang='lat' dir='ltr'>fluctus</span> <span class='ocrx_word' id='word_1_173' title='bbox 1297 3379 1623 3434; x_wconf 88' lang='lat' dir='ltr'>decumanus</span> <span class='ocrx_word' id='word_1_174' title='bbox 1646 3380 1712 3434; x_wconf 88' lang='lat' dir='ltr'>ad</span> 
     </span>
     <span class='ocr_line' id='line_1_34' title="bbox 687 3456 1711 3529; baseline 0.005 -21"><span class='ocrx_word' id='word_1_175' title='bbox 687 3464 822 3508; x_wconf 81' lang='lat' dir='ltr'>astra</span> <span class='ocrx_word' id='word_1_176' title='bbox 848 3473 1068 3524; x_wconf 77' lang='lat' dir='ltr'>surgens</span> <span class='ocrx_word' id='word_1_177' title='bbox 1094 3495 1110 3522; x_wconf 91' lang='lat'>‚</span> <span class='ocrx_word' id='word_1_178' title='bbox 1147 3468 1301 3527; x_wconf 84' lang='lat' dir='ltr'>atque</span> <span class='ocrx_word' id='word_1_179' title='bbox 1328 3456 1581 3512; x_wconf 77' lang='lat' dir='ltr'>isthmum</span> <span class='ocrx_word' id='word_1_180' title='bbox 1605 3478 1711 3529; x_wconf 89' lang='lat' dir='ltr'>pe—</span> 
     </span>
     <span class='ocr_line' id='line_1_35' title="bbox 686 3535 1714 3606; baseline 0.008 -22"><span class='ocrx_word' id='word_1_181' title='bbox 686 3544 927 3603; x_wconf 83' lang='lat' dir='ltr'>tramque</span> <span class='ocrx_word' id='word_1_182' title='bbox 940 3535 1221 3606; x_wconf 72' lang='lat' dir='ltr'>AEseulapii</span> <span class='ocrx_word' id='word_1_183' title='bbox 1237 3537 1561 3593; x_wconf 88' lang='lat' dir='ltr'>abscondens</span> <span class='ocrx_word' id='word_1_184' title='bbox 1572 3578 1586 3606; x_wconf 87' lang='lat'>,</span> <span class='ocrx_word' id='word_1_185' title='bbox 1605 3549 1714 3592; x_wconf 90' lang='lat' dir='ltr'>tau·</span> 
     </span>
     <span class='ocr_line' id='line_1_36' title="bbox 685 3612 1712 3684; baseline 0.004 -19"><span class='ocrx_word' id='word_1_186' title='bbox 685 3631 810 3665; x_wconf 89' lang='lat' dir='ltr'>rum</span> <span class='ocrx_word' id='word_1_187' title='bbox 825 3651 847 3679; x_wconf 75' lang='grc'><strong>,</strong></span> <span class='ocrx_word' id='word_1_188' title='bbox 867 3612 1043 3666; x_wconf 81' lang='lat' dir='ltr'>serum</span> <span class='ocrx_word' id='word_1_189' title='bbox 1065 3624 1363 3668; x_wconf 86' lang='lat' dir='ltr'>monstrum</span> <span class='ocrx_word' id='word_1_190' title='bbox 1379 3655 1399 3682; x_wconf 83' lang='lat'>‚</span> <span class='ocrx_word' id='word_1_191' title='bbox 1411 3615 1679 3684; x_wconf 83' lang='lat' dir='ltr'>protrudit</span> <span class='ocrx_word' id='word_1_192' title='bbox 1697 3655 1712 3682; x_wconf 88' lang='lat'>,</span> 
     </span>
     <span class='ocr_line' id='line_1_37' title="bbox 685 3695 1718 3767; baseline 0.004 -23"><span class='ocrx_word' id='word_1_193' title='bbox 685 3710 793 3759; x_wconf 87' lang='lat' dir='ltr'>quo</span> <span class='ocrx_word' id='word_1_194' title='bbox 808 3702 1217 3747; x_wconf 85' lang='lat' dir='ltr'>consternantur</span> <span class='ocrx_word' id='word_1_195' title='bbox 1230 3696 1371 3762; x_wconf 89' lang='lat' dir='ltr'>equi.</span> <span class='ocrx_word' id='word_1_196' title='bbox 1394 3695 1718 3767; x_wconf 74' lang='lat' dir='ltr'>Hippolytus</span> 
     </span>
     <span class='ocr_line' id='line_1_38' title="bbox 686 3769 1715 3842; baseline 0.004 -20"><span class='ocrx_word' id='word_1_197' title='bbox 686 3769 942 3839; x_wconf 88' lang='lat' dir='ltr'>equestris</span> <span class='ocrx_word' id='word_1_198' title='bbox 966 3771 1088 3824; x_wconf 83' lang='lat' dir='ltr'>artis</span> <span class='ocrx_word' id='word_1_199' title='bbox 1112 3791 1304 3842; x_wconf 79' lang='lat' dir='ltr'>gnarus</span> <span class='ocrx_word' id='word_1_200' title='bbox 1330 3773 1513 3842; x_wconf 89' lang='lat' dir='ltr'>arripit</span> <span class='ocrx_word' id='word_1_201' title='bbox 1540 3773 1715 3826; x_wconf 83' lang='lat' dir='ltr'>habe-</span> 
     </span>
     <span class='ocr_line' id='line_1_39' title="bbox 688 3848 1713 3917; baseline 0.003 -16"><span class='ocrx_word' id='word_1_202' title='bbox 688 3867 798 3901; x_wconf 82' lang='lat' dir='ltr'>nas.</span> <span class='ocrx_word' id='word_1_203' title='bbox 834 3848 1052 3902; x_wconf 80' lang='lat' dir='ltr'>Frustra</span> <span class='ocrx_word' id='word_1_204' title='bbox 1086 3868 1101 3903; x_wconf 71' lang='grc' dir='ltr'><strong>ι</strong></span> <span class='ocrx_word' id='word_1_205' title='bbox 1138 3861 1256 3904; x_wconf 84' lang='lat' dir='ltr'>rota</span> <span class='ocrx_word' id='word_1_206' title='bbox 1292 3849 1513 3905; x_wconf 84' lang='lat' dir='ltr'>illiditur</span> <span class='ocrx_word' id='word_1_207' title='bbox 1551 3866 1713 3917; x_wconf 73' lang='lat' dir='ltr'>saxo,</span> 
     </span>
     <span class='ocr_line' id='line_1_40' title="bbox 687 3925 1715 4002; baseline 0.005 -24"><span class='ocrx_word' id='word_1_208' title='bbox 687 3945 875 3979; x_wconf 83' lang='lat' dir='ltr'>currus</span> <span class='ocrx_word' id='word_1_209' title='bbox 896 3925 1087 3981; x_wconf 86' lang='lat' dir='ltr'>labitur</span> <span class='ocrx_word' id='word_1_210' title='bbox 1107 3928 1403 3999; x_wconf 83' lang='lat' dir='ltr'>excutitqne</span> <span class='ocrx_word' id='word_1_211' title='bbox 1438 3929 1715 4002; x_wconf 80' lang='lat' dir='ltr'>Hippoly-</span> 
     </span>
     <span class='ocr_line' id='line_1_41' title="bbox 689 4006 1718 4077; baseline 0.005 -21"><span class='ocrx_word' id='word_1_212' title='bbox 689 4015 822 4060; x_wconf 84' lang='lat' dir='ltr'>tum.</span> <span class='ocrx_word' id='word_1_213' title='bbox 841 4006 1011 4061; x_wconf 85' lang='lat' dir='ltr'>Miser</span> <span class='ocrx_word' id='word_1_214' title='bbox 1026 4006 1245 4061; x_wconf 78' lang='lat' dir='ltr'>habenis</span> <span class='ocrx_word' id='word_1_215' title='bbox 1256 4007 1527 4062; x_wconf 77' lang='lat' dir='ltr'>involutus</span> <span class='ocrx_word' id='word_1_216' title='bbox 1544 4019 1718 4077; x_wconf 85' lang='lat' dir='ltr'>rapta-</span> 
     </span>
     <span class='ocr_line' id='line_1_42' title="bbox 687 4086 1717 4158; baseline 0.006 -24"><span class='ocrx_word' id='word_1_217' title='bbox 687 4093 777 4135; x_wconf 88' lang='lat' dir='ltr'>tur</span> <span class='ocrx_word' id='word_1_218' title='bbox 791 4103 804 4144; x_wconf 83' lang='lat'><strong>;</strong></span> <span class='ocrx_word' id='word_1_219' title='bbox 823 4094 977 4154; x_wconf 90' lang='lat' dir='ltr'>caput</span> <span class='ocrx_word' id='word_1_220' title='bbox 989 4086 1298 4158; x_wconf 80' lang='lat' dir='ltr'>impingitur</span> <span class='ocrx_word' id='word_1_221' title='bbox 1310 4089 1458 4155; x_wconf 86' lang='lat' dir='ltr'>saxis,</span> <span class='ocrx_word' id='word_1_222' title='bbox 1474 4088 1717 4142; x_wconf 83' lang='lat' dir='ltr'>membra</span> 
     </span>
     <span class='ocr_line' id='line_1_43' title="bbox 687 4161 1718 4222; baseline 0.009 -11"><span class='ocrx_word' id='word_1_223' title='bbox 687 4161 1051 4218; x_wconf 74' lang='lat' dir='ltr'>vulnerantur.</span> <span class='ocrx_word' id='word_1_224' title='bbox 1087 4165 1336 4220; x_wconf 88' lang='lat' dir='ltr'>Tandem</span> <span class='ocrx_word' id='word_1_225' title='bbox 1361 4167 1514 4222; x_wconf 88' lang='lat' dir='ltr'>sectis</span> <span class='ocrx_word' id='word_1_226' title='bbox 1536 4168 1718 4221; x_wconf 88' lang='lat' dir='ltr'>comi-</span> 
     </span>
     <span class='ocr_line' id='line_1_44' title="bbox 689 4239 1720 4317; baseline 0.011 -26"><span class='ocrx_word' id='word_1_227' title='bbox 689 4249 807 4292; x_wconf 77' lang='lat' dir='ltr'>tum</span> <span class='ocrx_word' id='word_1_228' title='bbox 832 4260 932 4310; x_wconf 87' lang='lat' dir='ltr'>ope</span> <span class='ocrx_word' id='word_1_229' title='bbox 958 4239 1084 4298; x_wconf 88' lang='lat' dir='ltr'>loris</span> <span class='ocrx_word' id='word_1_230' title='bbox 1111 4283 1127 4311; x_wconf 89' lang='lat'>,</span> <span class='ocrx_word' id='word_1_231' title='bbox 1158 4246 1411 4300; x_wconf 85' lang='lat' dir='ltr'>exanimis</span> <span class='ocrx_word' id='word_1_232' title='bbox 1435 4247 1585 4317; x_wconf 83' lang='lat' dir='ltr'>jacet.</span> <span class='ocrx_word' id='word_1_233' title='bbox 1608 4245 1720 4301; x_wconf 76' lang='lat' dir='ltr'>Sed</span> 
     </span>
    </p>
   </div>
   <div class='ocr_carea' id='block_1_14' title="bbox 1798 2114 2836 3841">
    <p class='ocr_par' dir='ltr' id='par_1_17' title="bbox 1804 2114 2836 2325">
     <span class='ocr_line' id='line_1_45' title="bbox 1805 2114 2836 2178; baseline -0.002 -6"><span class='ocrx_word' id='word_1_234' title='bbox 1805 2120 2010 2172; x_wconf 75' lang='lat' dir='ltr'>trahens</span> <span class='ocrx_word' id='word_1_235' title='bbox 2034 2115 2237 2170; x_wconf 86' lang='lat' dir='ltr'>Ovidio</span> <span class='ocrx_word' id='word_1_236' title='bbox 2272 2135 2385 2170; x_wconf 86' lang='lat' dir='ltr'>non</span> <span class='ocrx_word' id='word_1_237' title='bbox 2408 2115 2528 2169; x_wconf 79' lang='lat' dir='ltr'>satis</span> <span class='ocrx_word' id='word_1_238' title='bbox 2553 2114 2656 2169; x_wconf 77' lang='lat' dir='ltr'>fuit</span> <span class='ocrx_word' id='word_1_239' title='bbox 2677 2135 2693 2178; x_wconf 76' lang='grc' dir='ltr'><strong><em>ς</em></strong></span> <span class='ocrx_word' id='word_1_240' title='bbox 2719 2117 2836 2170; x_wconf 86' lang='lat' dir='ltr'>sin-</span> 
     </span>
     <span class='ocr_line' id='line_1_46' title="bbox 1804 2193 2835 2270; baseline 0 -21"><span class='ocrx_word' id='word_1_241' title='bbox 1804 2196 1926 2267; x_wconf 79' lang='lat' dir='ltr'>gula</span> <span class='ocrx_word' id='word_1_242' title='bbox 1953 2196 2198 2270; x_wconf 81' lang='lat' dir='ltr'>membra</span> <span class='ocrx_word' id='word_1_243' title='bbox 2225 2194 2367 2248; x_wconf 79' lang='lat' dir='ltr'>foede</span> <span class='ocrx_word' id='word_1_244' title='bbox 2399 2193 2656 2264; x_wconf 79' lang='lat' dir='ltr'>discerpta</span> <span class='ocrx_word' id='word_1_245' title='bbox 2680 2196 2835 2249; x_wconf 85' lang='lat' dir='ltr'>nobis</span> 
     </span>
     <span class='ocr_line' id='line_1_47' title="bbox 1806 2271 2059 2325; baseline 0 0"><span class='ocrx_word' id='word_1_246' title='bbox 1806 2271 2059 2325; x_wconf 87' lang='lat' dir='ltr'>ostendit.</span> 
     </span>
    </p>

    <p class='ocr_par' dir='ltr' id='par_1_18' title="bbox 1798 2350 2834 3130">
     <span class='ocr_line' id='line_1_48' title="bbox 1873 2350 2834 2417; baseline 0.001 -13"><span class='ocrx_word' id='word_1_247' title='bbox 1873 2353 1985 2405; x_wconf 81' lang='lat'>508.</span> <span class='ocrx_word' id='word_1_248' title='bbox 2014 2353 2176 2417; x_wconf 74' lang='lat' dir='ltr'>Quum</span> <span class='ocrx_word' id='word_1_249' title='bbox 2193 2369 2333 2402; x_wconf 75' lang='lat' dir='ltr'>mare</span> <span class='ocrx_word' id='word_1_250' title='bbox 2352 2355 2570 2406; x_wconf 70' lang='lat' dir='ltr'>sumti!</span> <span class='ocrx_word' id='word_1_251' title='bbox 2585 2361 2684 2404; x_wconf 84' lang='lat' dir='ltr'>etc.</span> <span class='ocrx_word' id='word_1_252' title='bbox 2698 2350 2834 2405; x_wconf 60' lang='lat' dir='ltr'>Hac</span> 
     </span>
     <span class='ocr_line' id='line_1_49' title="bbox 1804 2429 2834 2501; baseline 0.003 -18"><span class='ocrx_word' id='word_1_253' title='bbox 1804 2429 1943 2485; x_wconf 78' lang='lat' dir='ltr'>facta</span> <span class='ocrx_word' id='word_1_254' title='bbox 1968 2432 2222 2501; x_wconf 90' lang='lat' dir='ltr'>Neptuno</span> <span class='ocrx_word' id='word_1_255' title='bbox 2257 2443 2469 2486; x_wconf 76' lang='lat' dir='ltr'>auctore</span> <span class='ocrx_word' id='word_1_256' title='bbox 2489 2471 2505 2499; x_wconf 88' lang='lat'>,</span> <span class='ocrx_word' id='word_1_257' title='bbox 2541 2451 2569 2485; x_wconf 82' lang='lat' dir='ltr'>a</span> <span class='ocrx_word' id='word_1_258' title='bbox 2600 2451 2707 2501; x_wconf 90' lang='lat' dir='ltr'>quo</span> <span class='ocrx_word' id='word_1_259' title='bbox 2735 2434 2834 2486; x_wconf 85' lang='lat' dir='ltr'>tria</span> 
     </span>
     <span class='ocr_line' id='line_1_50' title="bbox 1798 2509 2831 2580; baseline 0.002 -18"><span class='ocrx_word' id='word_1_260' title='bbox 1798 2509 2044 2580; x_wconf 74' lang='lat' dir='ltr'>,Theseus</span> <span class='ocrx_word' id='word_1_261' title='bbox 2056 2520 2347 2580; x_wconf 79' lang='lat' dir='ltr'>optaverat,</span> <span class='ocrx_word' id='word_1_262' title='bbox 2364 2510 2420 2562; x_wconf 89' lang='lat' dir='ltr'>in</span> <span class='ocrx_word' id='word_1_263' title='bbox 2438 2510 2627 2579; x_wconf 84' lang='lat' dir='ltr'>quibus</span> <span class='ocrx_word' id='word_1_264' title='bbox 2641 2520 2695 2563; x_wconf 94' lang='lat' dir='ltr'>et</span> <span class='ocrx_word' id='word_1_265' title='bbox 2712 2509 2831 2575; x_wconf 82' lang='lat' dir='ltr'>hoe,</span> 
     </span>
     <span class='ocr_line' id='line_1_51' title="bbox 1807 2589 2831 2664; baseline 0 -21"><span class='ocrx_word' id='word_1_266' title='bbox 1807 2600 1868 2644; x_wconf 87' lang='lat' dir='ltr'>ut</span> <span class='ocrx_word' id='word_1_267' title='bbox 1881 2590 2203 2664; x_wconf 80' lang='lat' dir='ltr'>Hippolytus</span> <span class='ocrx_word' id='word_1_268' title='bbox 2217 2591 2461 2644; x_wconf 91' lang='lat' dir='ltr'>interiret</span> <span class='ocrx_word' id='word_1_269' title='bbox 2474 2612 2489 2653; x_wconf 72' lang='grc' dir='ltr'><strong>ς</strong></span> <span class='ocrx_word' id='word_1_270' title='bbox 2509 2589 2621 2644; x_wconf 82' lang='lat' dir='ltr'>Cic.</span> <span class='ocrx_word' id='word_1_271' title='bbox 2641 2589 2760 2645; x_wconf 79' lang='lat' dir='ltr'>Off.</span> <span class='ocrx_word' id='word_1_272' title='bbox 2779 2590 2831 2653; x_wconf 78' lang='grc' dir='ltr'>Ι,</span> 
     </span>
     <span class='ocr_line' id='line_1_52' title="bbox 1812 2667 2832 2738; baseline -0.002 -15"><span class='ocrx_word' id='word_1_273' title='bbox 1812 2687 1908 2733; x_wconf 82' lang='grc' dir='ltr'>ιο;</span> <span class='ocrx_word' id='word_1_274' title='bbox 1948 2670 2033 2724; x_wconf 91' lang='lat'>111</span> <span class='ocrx_word' id='word_1_275' title='bbox 2059 2709 2074 2736; x_wconf 87' lang='lat'>,</span> <span class='ocrx_word' id='word_1_276' title='bbox 2113 2672 2210 2735; x_wconf 74' lang='lat'>253</span> <span class='ocrx_word' id='word_1_277' title='bbox 2254 2668 2426 2723; x_wconf 74' lang='lat' dir='ltr'>Schol.</span> <span class='ocrx_word' id='word_1_278' title='bbox 2472 2668 2740 2738; x_wconf 87' lang='lat' dir='ltr'>Euripidis</span> <span class='ocrx_word' id='word_1_279' title='bbox 2766 2667 2832 2722; x_wconf 85' lang='lat' dir='ltr'>ad</span> 
     </span>
     <span class='ocr_line' id='line_1_53' title="bbox 1806 2746 2829 2819; baseline -0.002 -20"><span class='ocrx_word' id='word_1_280' title='bbox 1806 2746 2024 2817; x_wconf 85' lang='lat' dir='ltr'>Hippol.</span> <span class='ocrx_word' id='word_1_281' title='bbox 2049 2766 2179 2800; x_wconf 83' lang='lat' dir='ltr'>vers.</span> <span class='ocrx_word' id='word_1_282' title='bbox 2212 2747 2339 2819; x_wconf 74' lang='lat'>1349</span> <span class='ocrx_word' id='word_1_283' title='bbox 2360 2765 2374 2799; x_wconf 74' lang='grc' dir='ltr'><strong><em>ε</em></strong></span> <span class='ocrx_word' id='word_1_284' title='bbox 2398 2746 2602 2800; x_wconf 84' lang='lat' dir='ltr'>Seneca</span> <span class='ocrx_word' id='word_1_285' title='bbox 2621 2786 2636 2813; x_wconf 88' lang='lat'>,</span> <span class='ocrx_word' id='word_1_286' title='bbox 2669 2749 2829 2812; x_wconf 71' lang='lat'><strong>1004,</strong></span> 
     </span>
     <span class='ocr_line' id='line_1_54' title="bbox 1809 2824 2831 2895; baseline -0.004 -16"><span class='ocrx_word' id='word_1_287' title='bbox 1809 2848 1837 2873; x_wconf 77' lang='grc' dir='ltr'><strong><em>κ</em></strong></span> <span class='ocrx_word' id='word_1_288' title='bbox 1865 2826 2055 2895; x_wconf 86' lang='lat' dir='ltr'>Quum</span> <span class='ocrx_word' id='word_1_289' title='bbox 2086 2824 2259 2879; x_wconf 83' lang='lat' dir='ltr'>subito</span> <span class='ocrx_word' id='word_1_290' title='bbox 2299 2835 2508 2878; x_wconf 81' lang='lat' dir='ltr'>vastum</span> <span class='ocrx_word' id='word_1_291' title='bbox 2540 2824 2739 2878; x_wconf 87' lang='lat' dir='ltr'>tumuit</span> <span class='ocrx_word' id='word_1_292' title='bbox 2771 2841 2831 2877; x_wconf 78' lang='lat' dir='ltr'>es</span> 
     </span>
     <span class='ocr_line' id='line_1_55' title="bbox 1809 2902 2829 2972; baseline -0.004 -14"><span class='ocrx_word' id='word_1_293' title='bbox 1809 2926 1837 2951; x_wconf 72' lang='grc' dir='ltr'>ι·</span> <span class='ocrx_word' id='word_1_294' title='bbox 1863 2906 1968 2959; x_wconf 92' lang='lat' dir='ltr'>alto</span> <span class='ocrx_word' id='word_1_295' title='bbox 1994 2924 2138 2958; x_wconf 88' lang='lat' dir='ltr'>mare</span> <span class='ocrx_word' id='word_1_296' title='bbox 2159 2945 2174 2970; x_wconf 87' lang='lat'><strong>,</strong></span> <span class='ocrx_word' id='word_1_297' title='bbox 2211 2902 2502 2972; x_wconf 81' lang='lat' dir='ltr'>Crevitque</span> <span class='ocrx_word' id='word_1_298' title='bbox 2530 2903 2587 2956; x_wconf 90' lang='lat' dir='ltr'>in</span> <span class='ocrx_word' id='word_1_299' title='bbox 2617 2913 2829 2956; x_wconf 81' lang='lat' dir='ltr'>astra...</span> 
     </span>
     <span class='ocr_line' id='line_1_56' title="bbox 1809 2979 2830 3054; baseline -0.005 -17"><span class='ocrx_word' id='word_1_300' title='bbox 1809 3006 1838 3032; x_wconf 73' lang='lat'>›-</span> <span class='ocrx_word' id='word_1_301' title='bbox 1864 2984 2151 3054; x_wconf 81' lang='lat' dir='ltr'>Consurgit</span> <span class='ocrx_word' id='word_1_302' title='bbox 2176 2983 2361 3052; x_wconf 79' lang='lat' dir='ltr'>ingens</span> <span class='ocrx_word' id='word_1_303' title='bbox 2386 2992 2598 3052; x_wconf 89' lang='lat' dir='ltr'>pontus.</span> <span class='ocrx_word' id='word_1_304' title='bbox 2626 3003 2654 3027; x_wconf 74' lang='grc' dir='ltr'>ι»</span> <span class='ocrx_word' id='word_1_305' title='bbox 2690 2979 2830 3033; x_wconf 85' lang='lat' dir='ltr'>Vide</span> 
     </span>
     <span class='ocr_line' id='line_1_57' title="bbox 1809 3059 2829 3130; baseline -0.007 -13"><span class='ocrx_word' id='word_1_306' title='bbox 1809 3063 1946 3117; x_wconf 82' lang='lat' dir='ltr'>Fast.</span> <span class='ocrx_word' id='word_1_307' title='bbox 1963 3064 2192 3128; x_wconf 81' lang='lat' dir='ltr'>vot.v1,</span> <span class='ocrx_word' id='word_1_308' title='bbox 2214 3061 2460 3115; x_wconf 86' lang='lat' dir='ltr'>Ed.nost.</span> <span class='ocrx_word' id='word_1_309' title='bbox 2477 3080 2526 3130; x_wconf 90' lang='lat' dir='ltr'>p.</span> <span class='ocrx_word' id='word_1_310' title='bbox 2547 3062 2642 3114; x_wconf 78' lang='lat'>180</span> <span class='ocrx_word' id='word_1_311' title='bbox 2655 3059 2829 3126; x_wconf 66' lang='lat'>‘²446-</span> 
     </span>
    </p>

    <p class='ocr_par' dir='ltr' id='par_1_19' title="bbox 1800 3138 2834 3682">
     <span class='ocr_line' id='line_1_58' title="bbox 1873 3138 2832 3209; baseline -0.005 -14"><span class='ocrx_word' id='word_1_312' title='bbox 1873 3146 1986 3196; x_wconf 79' lang='lat'>511.</span> <span class='ocrx_word' id='word_1_313' title='bbox 2024 3145 2261 3209; x_wconf 68' lang='lat' dir='ltr'>Corniger</span> <span class='ocrx_word' id='word_1_314' title='bbox 2281 3143 2405 3194; x_wconf 77' lang='lat' dir='ltr'>hinc</span> <span class='ocrx_word' id='word_1_315' title='bbox 2424 3151 2600 3193; x_wconf 69' lang='lat' dir='ltr'>tauns</span> <span class='ocrx_word' id='word_1_316' title='bbox 2624 3149 2721 3192; x_wconf 85' lang='lat' dir='ltr'>etc.</span> <span class='ocrx_word' id='word_1_317' title='bbox 2754 3138 2832 3190; x_wconf 82' lang='lat' dir='ltr'>Ita</span> 
     </span>
     <span class='ocr_line' id='line_1_59' title="bbox 1808 3216 2830 3290; baseline -0.01 -14"><span class='ocrx_word' id='word_1_318' title='bbox 1808 3233 1863 3276; x_wconf 89' lang='lat' dir='ltr'>et</span> <span class='ocrx_word' id='word_1_319' title='bbox 1888 3220 2167 3290; x_wconf 81' lang='lat' dir='ltr'>Euripides</span> <span class='ocrx_word' id='word_1_320' title='bbox 2186 3260 2201 3287; x_wconf 87' lang='lat'>,</span> <span class='ocrx_word' id='word_1_321' title='bbox 2225 3239 2298 3273; x_wconf 74' lang='lat' dir='ltr'>vs.</span> <span class='ocrx_word' id='word_1_322' title='bbox 2323 3220 2478 3284; x_wconf 75' lang='lat'>1214,</span> <span class='ocrx_word' id='word_1_323' title='bbox 2507 3216 2634 3285; x_wconf 63' lang='lat' dir='ltr'>Kssp&#39;</span> <span class='ocrx_word' id='word_1_324' title='bbox 2660 3219 2830 3285; x_wconf 65' lang='grc' dir='ltr'>ι’ξὲθηκι</span> 
     </span>
     <span class='ocr_line' id='line_1_60' title="bbox 1808 3295 2830 3377; baseline -0.009 -21"><span class='ocrx_word' id='word_1_325' title='bbox 1808 3312 1993 3377; x_wconf 70' lang='grc' dir='ltr'>ταῦρον,</span> <span class='ocrx_word' id='word_1_326' title='bbox 2032 3303 2187 3375; x_wconf 71' lang='grc' dir='ltr'><strong><em>ἄγριον</em></strong></span> <span class='ocrx_word' id='word_1_327' title='bbox 2223 3302 2368 3375; x_wconf 64' lang='lat' dir='ltr'>ripere.</span> <span class='ocrx_word' id='word_1_328' title='bbox 2410 3296 2646 3351; x_wconf 65' lang='lat' dir='ltr'>Phocum</span> <span class='ocrx_word' id='word_1_329' title='bbox 2675 3295 2830 3348; x_wconf 63' lang='lat' dir='ltr'>fuisse</span> 
     </span>
     <span class='ocr_line' id='line_1_61' title="bbox 1808 3375 2831 3448; baseline -0.008 -15"><span class='ocrx_word' id='word_1_330' title='bbox 1808 3380 2026 3433; x_wconf 85' lang='lat' dir='ltr'>Servius</span> <span class='ocrx_word' id='word_1_331' title='bbox 2050 3379 2121 3432; x_wconf 90' lang='lat' dir='ltr'>ait</span> <span class='ocrx_word' id='word_1_332' title='bbox 2149 3377 2215 3431; x_wconf 88' lang='lat' dir='ltr'>ad</span> <span class='ocrx_word' id='word_1_333' title='bbox 2238 3377 2385 3448; x_wconf 76' lang='lat' dir='ltr'>Virg.</span> <span class='ocrx_word' id='word_1_334' title='bbox 2414 3377 2538 3430; x_wconf 82' lang='lat' dir='ltr'>AEn.</span> <span class='ocrx_word' id='word_1_335' title='bbox 2571 3376 2656 3430; x_wconf 83' lang='lat' dir='ltr'>VI</span> <span class='ocrx_word' id='word_1_336' title='bbox 2676 3415 2691 3442; x_wconf 84' lang='lat'>‚</span> <span class='ocrx_word' id='word_1_337' title='bbox 2719 3375 2831 3441; x_wconf 75' lang='grc'>448.</span> 
     </span>
     <span class='ocr_line' id='line_1_62' title="bbox 1816 3450 2834 3524; baseline -0.006 -14"><span class='ocrx_word' id='word_1_338' title='bbox 1816 3460 2014 3510; x_wconf 76' lang='lat' dir='ltr'>Taurus</span> <span class='ocrx_word' id='word_1_339' title='bbox 2030 3455 2115 3510; x_wconf 88' lang='lat' dir='ltr'>ille</span> <span class='ocrx_word' id='word_1_340' title='bbox 2130 3455 2373 3509; x_wconf 90' lang='lat' dir='ltr'>terribilis</span> <span class='ocrx_word' id='word_1_341' title='bbox 2388 3453 2625 3524; x_wconf 84' lang='lat' dir='ltr'>pluribus</span> <span class='ocrx_word' id='word_1_342' title='bbox 2641 3450 2834 3505; x_wconf 77' lang='lat' dir='ltr'>deseri·-</span> 
     </span>
     <span class='ocr_line' id='line_1_63' title="bbox 1806 3533 2833 3603; baseline -0.007 -13"><span class='ocrx_word' id='word_1_343' title='bbox 1806 3537 1952 3591; x_wconf 78' lang='lat' dir='ltr'>bitur</span> <span class='ocrx_word' id='word_1_344' title='bbox 1983 3557 2011 3589; x_wconf 84' lang='lat' dir='ltr'>a</span> <span class='ocrx_word' id='word_1_345' title='bbox 2042 3536 2244 3590; x_wconf 83' lang='lat' dir='ltr'>Seneca</span> <span class='ocrx_word' id='word_1_346' title='bbox 2263 3575 2277 3600; x_wconf 86' lang='lat'><strong>‚</strong></span> <span class='ocrx_word' id='word_1_347' title='bbox 2315 3536 2442 3588; x_wconf 73' lang='lat'>1033</span> <span class='ocrx_word' id='word_1_348' title='bbox 2472 3553 2584 3603; x_wconf 85' lang='lat' dir='ltr'>sqq.</span> <span class='ocrx_word' id='word_1_349' title='bbox 2616 3533 2694 3586; x_wconf 85' lang='lat' dir='ltr'>lbi</span> <span class='ocrx_word' id='word_1_350' title='bbox 2723 3550 2833 3584; x_wconf 86' lang='lat' dir='ltr'>non</span> 
     </span>
     <span class='ocr_line' id='line_1_64' title="bbox 1800 3609 2771 3682; baseline -0.004 -15"><span class='ocrx_word' id='word_1_351' title='bbox 1800 3622 1999 3682; x_wconf 70' lang='lat' dir='ltr'>partem</span> <span class='ocrx_word' id='word_1_352' title='bbox 2015 3618 2186 3675; x_wconf 67' lang='lat' dir='ltr'>matis,</span> <span class='ocrx_word' id='word_1_353' title='bbox 2206 3612 2297 3666; x_wconf 87' lang='lat' dir='ltr'>sed</span> <span class='ocrx_word' id='word_1_354' title='bbox 2303 3615 2573 3682; x_wconf 72' lang='lat' dir='ltr'>stammam</span> <span class='ocrx_word' id='word_1_355' title='bbox 2589 3609 2771 3664; x_wconf 83' lang='lat' dir='ltr'>vomit.</span> 
     </span>
    </p>

    <p class='ocr_par' dir='ltr' id='par_1_20' title="bbox 1807 3688 2834 3841">
     <span class='ocr_line' id='line_1_65' title="bbox 1888 3688 2834 3749; baseline -0.005 -1"><span class='ocrx_word' id='word_1_356' title='bbox 1888 3697 1999 3749; x_wconf 75' lang='lat'>515.</span> <span class='ocrx_word' id='word_1_357' title='bbox 2037 3696 2262 3746; x_wconf 72' lang='lat' dir='ltr'>Exsiliis</span> <span class='ocrx_word' id='word_1_358' title='bbox 2292 3701 2528 3746; x_wconf 76' lang='lat' dir='ltr'>contenta</span> <span class='ocrx_word' id='word_1_359' title='bbox 2560 3695 2684 3744; x_wconf 68' lang='lat' dir='ltr'>stis.</span> <span class='ocrx_word' id='word_1_360' title='bbox 2717 3688 2834 3742; x_wconf 79' lang='lat' dir='ltr'>Ex-</span> 
     </span>
     <span class='ocr_line' id='line_1_66' title="bbox 1807 3770 2825 3841; baseline -0.007 -15"><span class='ocrx_word' id='word_1_361' title='bbox 1807 3783 1986 3841; x_wconf 85' lang='lat' dir='ltr'>cerpta</span> <span class='ocrx_word' id='word_1_362' title='bbox 2002 3770 2284 3825; x_wconf 72' lang='lat' dir='ltr'>Calandrae</span> <span class='ocrx_word' id='word_1_363' title='bbox 2298 3775 2477 3824; x_wconf 73' lang='lat' dir='ltr'>exsilii</span> <span class='ocrx_word' id='word_1_364' title='bbox 2485 3778 2719 3824; x_wconf 75' lang='lat' dir='ltr'>contenta</span> <span class='ocrx_word' id='word_1_365' title='bbox 2727 3772 2825 3826; x_wconf 73' lang='lat' dir='ltr'>sni.</span> 
     </span>
    </p>
   </div>
   <div class='ocr_carea' id='block_1_15' title="bbox 1809 3848 2923 3923">
    <p class='ocr_par' dir='ltr' id='par_1_21' title="bbox 1809 3848 2923 3923">
     <span class='ocr_line' id='line_1_67' title="bbox 1809 3848 2923 3923; baseline -0.007 -17"><span class='ocrx_word' id='word_1_366' title='bbox 1809 3853 1954 3923; x_wconf 84' lang='lat' dir='ltr'>quod</span> <span class='ocrx_word' id='word_1_367' title='bbox 1992 3852 2203 3923; x_wconf 82' lang='lat' dir='ltr'>elegans</span> <span class='ocrx_word' id='word_1_368' title='bbox 2249 3851 2463 3905; x_wconf 74' lang='lat' dir='ltr'>videtur</span> <span class='ocrx_word' id='word_1_369' title='bbox 2506 3848 2746 3904; x_wconf 73' lang='lat' dir='ltr'>Heinsio.</span> <span class='ocrx_word' id='word_1_370' title='bbox 2770 3873 2838 3887; x_wconf 89' lang='lat'>-—-</span> <span class='ocrx_word' id='word_1_371' title='bbox 2920 3884 2923 3887; x_wconf 19' lang='grc' dir='ltr'><strong>Δ</strong></span> 
     </span>
    </p>
   </div>
   <div class='ocr_carea' id='block_1_16' title="bbox 1811 3927 2844 4315">
    <p class='ocr_par' dir='ltr' id='par_1_22' title="bbox 1811 3927 2844 4315">
     <span class='ocr_line' id='line_1_68' title="bbox 1816 3927 2839 4001; baseline -0.006 -14"><span class='ocrx_word' id='word_1_372' title='bbox 1816 3935 2093 3997; x_wconf 78' lang='lat' dir='ltr'>Contenta,</span> <span class='ocrx_word' id='word_1_373' title='bbox 2121 3943 2368 4001; x_wconf 86' lang='lat' dir='ltr'>occupata</span> <span class='ocrx_word' id='word_1_374' title='bbox 2385 3971 2400 3998; x_wconf 85' lang='lat'><strong>,</strong></span> <span class='ocrx_word' id='word_1_375' title='bbox 2426 3933 2633 3985; x_wconf 80' lang='lat' dir='ltr'>intenta</span> <span class='ocrx_word' id='word_1_376' title='bbox 2649 3969 2663 3994; x_wconf 86' lang='lat'><strong>‚</strong></span> <span class='ocrx_word' id='word_1_377' title='bbox 2693 3927 2839 3999; x_wconf 85' lang='lat' dir='ltr'>quod</span> 
     </span>
     <span class='ocr_line' id='line_1_69' title="bbox 1811 4007 2840 4081; baseline -0.007 -17"><span class='ocrx_word' id='word_1_378' title='bbox 1811 4010 2068 4081; x_wconf 87' lang='lat' dir='ltr'>posterius</span> <span class='ocrx_word' id='word_1_379' title='bbox 2093 4010 2146 4063; x_wconf 83' lang='lat' dir='ltr'>h.</span> <span class='ocrx_word' id='word_1_380' title='bbox 2175 4010 2208 4063; x_wconf 89' lang='lat' dir='ltr'>l.</span> <span class='ocrx_word' id='word_1_381' title='bbox 2240 4020 2456 4080; x_wconf 82' lang='lat' dir='ltr'>quartus</span> <span class='ocrx_word' id='word_1_382' title='bbox 2489 4007 2762 4061; x_wconf 86' lang='lat' dir='ltr'>Mediceus</span> <span class='ocrx_word' id='word_1_383' title='bbox 2783 4014 2840 4059; x_wconf 85' lang='lat' dir='ltr'>et</span> 
     </span>
     <span class='ocr_line' id='line_1_70' title="bbox 1813 4088 2835 4153; baseline -0.005 -11"><span class='ocrx_word' id='word_1_384' title='bbox 1813 4109 1954 4143; x_wconf 86' lang='lat' dir='ltr'>unus</span> <span class='ocrx_word' id='word_1_385' title='bbox 1978 4088 2124 4143; x_wconf 89' lang='lat' dir='ltr'>Leid.</span> <span class='ocrx_word' id='word_1_386' title='bbox 2152 4089 2365 4142; x_wconf 83' lang='lat' dir='ltr'>habent.</span> <span class='ocrx_word' id='word_1_387' title='bbox 2402 4088 2606 4142; x_wconf 84' lang='lat' dir='ltr'>Seneca</span> <span class='ocrx_word' id='word_1_388' title='bbox 2626 4126 2642 4153; x_wconf 90' lang='lat'>,</span> <span class='ocrx_word' id='word_1_389' title='bbox 2675 4089 2795 4139; x_wconf 76' lang='lat'><strong>1051</strong></span> <span class='ocrx_word' id='word_1_390' title='bbox 2821 4104 2835 4137; x_wconf 72' lang='grc' dir='ltr'><strong>ε</strong></span> 
     </span>
     <span class='ocr_line' id='line_1_71' title="bbox 1815 4164 2844 4237; baseline -0.006 -15"><span class='ocrx_word' id='word_1_391' title='bbox 1815 4189 1843 4214; x_wconf 75' lang='grc' dir='ltr'><strong><em>κ</em></strong></span> <span class='ocrx_word' id='word_1_392' title='bbox 1870 4168 2025 4223; x_wconf 87' lang='lat' dir='ltr'>Solus</span> <span class='ocrx_word' id='word_1_393' title='bbox 2056 4167 2309 4221; x_wconf 88' lang='lat' dir='ltr'>immunis</span> <span class='ocrx_word' id='word_1_394' title='bbox 2344 4177 2493 4221; x_wconf 87' lang='lat' dir='ltr'>metu</span> <span class='ocrx_word' id='word_1_395' title='bbox 2518 4164 2844 4237; x_wconf 78' lang='lat' dir='ltr'>Hippolytus</span> 
     </span>
     <span class='ocr_line' id='line_1_72' title="bbox 1813 4243 2841 4315; baseline -0.005 -15"><span class='ocrx_word' id='word_1_396' title='bbox 1813 4267 1844 4295; x_wconf 67' lang='grc' dir='ltr'>ι</span> <span class='ocrx_word' id='word_1_397' title='bbox 1870 4247 2022 4302; x_wconf 86' lang='lat' dir='ltr'>arctis</span> <span class='ocrx_word' id='word_1_398' title='bbox 2042 4247 2279 4301; x_wconf 89' lang='lat' dir='ltr'>continet</span> <span class='ocrx_word' id='word_1_399' title='bbox 2299 4245 2468 4299; x_wconf 81' lang='lat' dir='ltr'>frenis</span> <span class='ocrx_word' id='word_1_400' title='bbox 2479 4264 2642 4315; x_wconf 81' lang='lat' dir='ltr'>equos</span> <span class='ocrx_word' id='word_1_401' title='bbox 2659 4284 2675 4310; x_wconf 77' lang='grc'><em>,</em></span> <span class='ocrx_word' id='word_1_402' title='bbox 2692 4243 2841 4297; x_wconf 80' lang='lat' dir='ltr'>Pavi-</span> 
     </span>
    </p>
   </div>
   <div class='ocr_carea' id='block_1_17' title="bbox 688 4315 2789 4396">
    <p class='ocr_par' dir='ltr' id='par_1_23' title="bbox 688 4315 2789 4396">
     <span class='ocr_line' id='line_1_73' title="bbox 688 4315 2789 4396; baseline 0.003 -26"><span class='ocrx_word' id='word_1_403' title='bbox 688 4315 815 4383; x_wconf 82' lang='lat' dir='ltr'>illud</span> <span class='ocrx_word' id='word_1_404' title='bbox 848 4324 1095 4373; x_wconf 75' lang='lat' dir='ltr'>exanimis</span> <span class='ocrx_word' id='word_1_405' title='bbox 1117 4332 1170 4376; x_wconf 80' lang='lat' dir='ltr'>e!</span> <span class='ocrx_word' id='word_1_406' title='bbox 1189 4328 1458 4378; x_wconf 67' lang='lat' dir='ltr'>citremum</span> <span class='ocrx_word' id='word_1_407' title='bbox 1489 4330 1724 4395; x_wconf 58' lang='lat' dir='ltr'>spei-itum</span> <span class='ocrx_word' id='word_1_408' title='bbox 1817 4346 1846 4373; x_wconf 66' lang='lat' dir='ltr'>s</span> <span class='ocrx_word' id='word_1_409' title='bbox 1869 4324 2068 4396; x_wconf 81' lang='lat' dir='ltr'>desque</span> <span class='ocrx_word' id='word_1_410' title='bbox 2087 4336 2225 4380; x_wconf 74' lang='lat' dir='ltr'>notae</span> <span class='ocrx_word' id='word_1_411' title='bbox 2245 4325 2388 4379; x_wconf 78' lang='lat' dir='ltr'>vocis</span> <span class='ocrx_word' id='word_1_412' title='bbox 2400 4324 2614 4378; x_wconf 79' lang='lat' dir='ltr'>hortatu</span> <span class='ocrx_word' id='word_1_413' title='bbox 2628 4323 2745 4377; x_wconf 78' lang='lat' dir='ltr'>ciet.</span> <span class='ocrx_word' id='word_1_414' title='bbox 2760 4343 2789 4366; x_wconf 60' lang='grc' dir='ltr'><em>ν</em></span> 
     </span>
    </p>
   </div>
  </div>
 </body>
</html>
