3185 5138
604 542 1690 623 METAMORPHOSEON
1742 559 1944 630 LIB.
2006 568 2223 638 XIV.

2351 573 2483 657 465

355 682 709 758 Concurrit
741 686 933 761 Latio
964 690 1335 791 Tyrrhenia
1364 697 1825 801 tota;'diuque

348 798 578 874 Ardua
614 801 916 879 sollicitis
944 806 1218 882 victoria
1256 814 1573 912 quaeritur
1603 818 1820 892 armis.

350 917 576 1013 Auget
603 936 881 1020 uterque
916 949 1067 996 suas
1104 942 1375 1000 externo
1412 930 1655 1006 robore
1689 935 1905 1011 vires:

350 1033 442 1104 Et
472 1030 665 1105 multi
704 1033 998 1110 Rutulos
1019 1093 1039 1124 ‚
1071 1038 1268 1113 multi
1298 1044 1587 1143 Troiana
1626 1065 1900 1126 tuentur

2385 1087 2487 1156 455

353 1147 584 1221 Castra
613 1177 631 1221 ε
661 1176 876 1250 neque
909 1152 1154 1228 AEneas
1189 1157 1481 1231 Evandri
1515 1159 1602 1234 ad
1634 1160 1862 1240 limina
1889 1167 2130 1246 frustra
2151 1169 2189 1260 ,’

348 1263 444 1336 At
477 1263 774 1338 Venulus
805 1295 1107 1362 magnam
1142 1271 1426 1371 profugi*
1447 1275 1791 1352 Diomedis
1822 1282 1906 1355 ad
1938 1286 2171 1362 urbem
2276 1303 2281 1308 ’

349 1378 639 1452 Venerat
667 1409 682 1452 ε
713 1380 824 1455 ille
858 1385 1126 1484 quidem
1158 1388 1285 1462 sub
1318 1391 1563 1492 Iapyge
1600 1396 1878 1470 maxima
1912 1400 2154 1477 Dauno

348 1570 379 1621 8
397 1607 412 1633 ‚
437 1567 527 1622 sed
553 1569 762 1624 frustra.
779 1571 974 1626 AEneas
990 1584 1174 1628 contra
1189 1577 1367 1629 Evan-

345 1649 427 1700 dri
444 1647 688 1703 auxilium
707 1659 760 1702 et
781 1650 1024 1720 implorat
1037 1663 1091 1705 et
1107 1653 1364 1723 impetrat.

348 1722 572 1792 Copiose
589 1725 700 1779 haec
714 1737 926 1781 tractata
940 1748 970 1781 a
988 1729 1224 1800 virgilio,
1239 1732 1365 1784 AEn.

348 1802 459 1855 VII
483 1813 536 1855 et
561 1802 716 1859 VIII.
754 1833 822 1847 --
858 1807 1039 1869 Latet»,
1083 1807 1138 1861 iu
1171 1808 1321 1862 Latio
1348 1830 1363 1873 ς

348 1881 534 1951 Virgit.
559 1901 689 1936 vers.
718 1885 781 1950 43
799 1923 814 1952 ,
838 1886 1026 1938 Dicam
1052 1927 1064 1939 .
1085 1924 1097 1938 .
1113 1928 1125 1940 .
1151 1889 1367 1959 Tyrrhe-

342 1980 555 2029 namque
574 1982 775 2015 manum
794 2004 808 2024 .
835 1974 1085 2034 totamque
1105 1970 1200 2018 sub
1222 1987 1367 2021 arma

345 2049 573 2092 coactam
589 2044 897 2109 Hesperiam.
911 2072 979 2085 --
993 2045 1173 2098 Ardua
1183 2087 1195 2107 ,
1222 2046 1368 2099 diffi-

347 2119 455 2173 cilis
471 2120 1148 2193 fortitudineijanorum
1167 2139 1219 2182 et
1235 2129 1365 2183 mul·
1385 2142 1391 2148 “

349 2198 571 2255 titudine
601 2202 828 2257 bostium
845 2211 1086 2260 :victoria
1107 2216 1361 2276 qua-dtur,

345 2280 573 2335 victoriae
589 2302 738 2336 causa
754 2296 1033 2353 pugnatur,
1045 2290 1282 2339 sollicitis
1292 2309 1371 2340 m·-

346 2366 457 2419 mis.
467 2361 684 2414 sollicite
702 2401 718 2428 ‚
740 2363 982 2416 studiose.
1007 2364 1084 2418 Ea
1100 2385 1243 2418 arma
1270 2366 1367 2419 ha-

327 2429 472 2492 'bent
495 2440 653 2493 libros
676 2460 762 2494 sex
779 2445 1090 2510 posteriores
1110 2446 1368 2500 AEneidis.

409 2520 522 2582 4⁵5.
548 2520 768 2573 Rutulos
792 2521 1108 2590 adjuvabant
1141 2524 1368 2580 Mezen-

341 2595 443 2650 tius
469 2596 814 2651 Etruscorum
835 2619 927 2652 rex
948 2620 1070 2653 cum
1096 2602 1205 2656 filio
1226 2604 1367 2658 Lau-

339 2693 398 2726 so
418 2712 434 2739 ,
468 2673 765 2729 Aventinus
780 2676 1027 2730 Herculis
1045 2678 1182 2732 filius
1201 2720 1215 2747 ,
1247 2679 1365 2734 Ca-

340 2751 478 2805 tillus
501 2761 556 2804 et
580 2749 747 2806 Coras
765 2792 780 2820 ,
807 2752 1074 2807 Tiburtini
1097 2794 1113 2821 ,
1143 2755 1366 2810 Camilla

341 2848 369 2882 e
385 2827 697 2883 Volscorum
713 2841 889 2900 gente,
908 2841 961 2884 et
978 2831 1060 2885 alii
1076 2853 1089 2896 ;
1109 2833 1224 2887 vide
1238 2836 1367 2888 Vir-

341 2906 520 2976 gilium
536 2945 554 2972 ,
577 2907 687 2962 Vll
710 2947 725 2974 ,
752 2908 868 2977 647,
896 2908 961 2962 ad
981 2909 1139 2963 fin.—
1150 2915 1370 2967 Tueatur

340 3004 437 3053 pro
451 2983 647 3055 vulgari
666 3024 682 3051 ,
706 2998 1022 3055 sequuntur,
1039 2988 1180 3057 quod
1193 3000 1247 3043 et
1260 2990 1361 3045 boc

341 3061 455 3115 loco
479 3082 616 3116 unus
642 3062 747 3118 MS
784 3064 942 3119 habet
958 3104 975 3133 ‚
1002 3084 1101 3120 nec
1127 3067 1363 3142 displicet

342 3143 695 3198 Burmanno.'

403 3221 517 3287 456.
541 3224 806 3288 Evander,
839 3243 902 3278 ex
927 3223 1152 3278 Arcadia
1176 3226 1364 3296 profu-

343 3316 435 3365 gus
455 3336 470 3363 ,
499 3297 684 3352 Fauno
706 3312 959 3369 regnante
976 3301 1032 3354 in
1049 3302 1253 3356 ltaliam
1270 3324 1364 3358 ve-

341 3384 493 3426 nerat
511 3413 526 3439 ‚
554 3376 678 3429 etin
693 3377 931 3432 Palatino
947 3391 1130 3433 monte
1151 3381 1362 3439 Pallan-

341 3460 486 3503 teum
501 3452 754 3520 oppidum
769 3456 1075 3511 condiderat
1095 3478 1109 3521 ;
1139 3458 1359 3532 Dionys.

339 3528 606 3582 Halicarn.
632 3532 687 3596 1,
714 3532 773 3583 31
799 3552 813 3593 ς
841 3533 1034 3587 Jusiin.
1063 3535 1248 3591 xutl
1269 3577 1284 3603 ,
1317 3559 1361 3592 ι.

338 3605 425 3657 Ab
448 3623 513 3658 eo
538 3624 647 3658 non
671 3606 896 3677 benigue
922 3610 1084 3663 modo
1104 3611 1361 3682 excipitur

336 3681 554 3751 AEneas‚
568 3683 664 3739 sed
678 3685 1180 3755 quadringentorum
1198 3691 1359 3745 etiam

338 3762 578 3830 equitum
594 3762 822 3815 subsidio
846 3764 1149 3832 adjuvatur,
1172 3768 1358 3835 quibus

335 3851 556 3908 praerat
582 3839 772 3908 Pallas,
801 3842 985 3896 unicus
1013 3842 1246 3897 Evandri
1279 3845 1357 3898 fi-

338 3916 436 3969 lius
452 3938 469 3980 3
497 3912 677 3988 Vix-gil.
699 3920 835 3973 vm
860 3960 875 3987 ,
905 3922 1001 3987 514
1031 3941 1225 3990 sqq.-—
1250 3924 1356 3978 Pro

338 3997 416 4047 ad
441 3999 618 4048 limina
652 3995 808 4065 vulgo
847 4001 924 4049 ad
949 4005 1135 4051 moem‘a
1158 4016 1178 4062 ‚·
1218 4020 1354 4055 unus

337 4073 491 4126 Basil.
531 4083 586 4127 et
622 4093 760 4127 unus
786 4077 933 4132 Voss.
968 4077 1223 4133 omittunt
1242 4083 1353 4133 ad:

333 4153 588 4208 Heinsius
618 4155 764 4209 malit
786 4157 1045 4211 Euandre&
1063 4161 1267 4218 limina,
1293 4170 1354 4213 ut

333 4234 619 4287 Evandrius
630 4239 785 4295 enselr,
803 4253 946 4287 mons
959 4236 1241 4288 Evandrius
1256 4245 1353 4289 etc.

334 4321 390 4365 et
411 4312 572 4367 verbo
595 4317 762 4367 νοεῖτε
795 4332 929 4384 saepe
964 4323 1178 4383 quartus
1205 4333 1352 4369 casus

565 4402 707 4474 JV.

1463 1567 1676 1624 additur
1695 1572 1807 1628 sine
1825 1581 2204 1648 praepositione.
2220 1615 2287 1629 —
2304 1588 2487 1658 Codex

1464 1647 1661 1718 Regius
1694 1652 1742 1704 B
1781 1655 1918 1710 solus
1950 1658 2107 1715 habet
2136 1674 2332 1721 moem‘a.
2362 1667 2484 1727 Hod

1463 1724 1578 1780 loco
1592 1739 1651 1782 ut
1665 1730 1847 1800 saepins
1861 1734 1984 1789 alibi
1997 1757 2143 1794 mere
2160 1746 2486 1814 conjecturat

1463 1803 1741 1862 Heinsius:
1759 1811 1961 1867 codices
1974 1836 2102 1887 ergo
2118 1830 2376 1880 tueamur.
2387 1832 2485 1884 Ed.

1531 1886 1643 1953 457.
1671 1889 1945 1943 Diomedes
1966 1932 1981 1955 ‚
2009 1892 2116 1946 ‘llio
2141 1901 2308 1953 exciso
2331 1942 2345 1970 ,
2371 1918 2487 1974 post

1463 1963 1656 2018 multos
1681 1986 1886 2024 errores
1909 1971 1965 2024 in
1989 1973 2234 2043 Apuliam
2238 1984 2487 2052 profugus

1464 2041 1663 2095 venisse
1684 2046 1987 2102 tradebatur
2002 2091 2018 2117 ‚
2040 2056 2219 2115 Dauni
2232 2061 2364 2129 regis
2383 2062 2489 2116 filia

1464 2116 1519 2169 in
1545 2124 1943 2178 matrimonium
1967 2127 2120 2184 ducta
2140 2171 2155 2198 ,
2181 2137 2377 2190 dotalia
2397 2159 2487 2192 at*-
2536 2138 2543 2144 ’

1464 2216 1552 2257 να,
1580 2210 1783 2266 partem
1800 2204 1907 2270 agri
1927 2204 2060 2260 dotis
2078 2211 2190 2263 loco
2203 2251 2218 2279 ,
2238 2217 2484 2285 tenuisse,

1460 2276 1518 2328 in
1557 2277 1719 2345 iisque
1754 2286 1920 2336 urbem
1943 2288 2235 2344 condidisse
2256 2333 2272 2361 ,
2309 2295 2392 2348 cui
2421 2298 2483 2350 ab

1462 2353 1617 2423 Argis
1651 2357 2037 2430 Peloponnesi,
2070 2384 2298 2434 quorum
2333 2373 2485 2427 anti-

1461 2451 1626 2500 quum
1651 2454 1849 2492 nomen
1874 2434 2021 2518 Α’ργος
2048 2451 2199 2501 lucau
2217 2488 2234 2516 ,
2260 2449 2361 2505 hoc
2391 2453 2485 2524 ip·-

1438 2526 1575 2571 ,sum
1597 2530 1797 2567 nomen
1816 2516 2149 2591 imposuerit,
2175 2527 2317 2594 quod
2337 2542 2483 2598 post·-

1459 2607 1520 2641 ea
1554 2591 1609 2642 in
1649 2593 1996 2665 Argyrippam
2032 2614 2361 2661 contractum
2382 2611 2485 2675 εἰη

1460 2667 1682 2737 Strabo,
1709 2673 1812 2738 Vl,
1841 2692 1889 2742 p.
1914 2679 2028 2744 434.
2048 2680 2133 2733 Ad
2150 2702 2274 2737 eum
2293 2687 2479 2757 igitur,

1461 2765 1626 2815 quum
1670 2748 1867 2805 Graeris
1919 2755 2241 2829 Teucrisque
2287 2765 2480 2821 invisus

1458 2836 1610 2892 esset,
1638 2830 1856 2884 Venulus
1869 2845 2046 2888 orator
2059 2840 2287 2895 mittitur
2302 2865 2330 2897 a
2348 2847 2482 2900 Tur-

1458 2920 1531 2954 no
1550 2942 1564 2968 ,
1585 2905 1668 2956 cui
1694 2917 1747 2959 et
1764 2908 1857 2978 ipsi
1874 2931 2036 2980 graeca
2054 2917 2198 2987 origo
2217 2922 2479 2978 tribuitur.

1456 2983 1718 3050 —Magna
1729 2989 1861 3049 urbs,
1883 2989 2003 3058 quia
2020 2998 2321 3067 metropolis
2337 3002 2479 3058 Dau-

1457 3055 1558 3111 niae
1583 3078 1737 3114 :mox
1762 3071 1988 3137 maxima
2009 3080 2195 3128 mania
2212 3116 2224 3139 ,
2254 3089 2307 3132 et
2333 3080 2481 3151 Virg.

1457 3135 1534 3190 xl
1553 3175 1569 3202 ,
1597 3138 1696 3190 215
1712 3178 1727 3205 ,
1754 3161 1940 3210 maffia
1962 3148 2226 3204 Diomedeis·
2250 3159 2317 3206 ab
2341 3162 2475 3211 urbe.

1455 3210 1564 3265 Sed
1605 3215 1855 3273 Heinsius
1880 3240 1980 3277 nec
2003 3225 2192 3297 vulgat.
2223 3230 2474 3300 damnat,

1453 3298 1927 3365 magne‘Dt‘omedelc,
1961 3316 2020 3357 ut
2037 3308 2182 3378 Virg.
2209 3308 2349 3365 Vlll
2366 3352 2381 3378 ‚
2411 3335 2473 3386 9,

1455 3376 1677 3429 m'tmur
1690 3389 1744 3432 et
1763 3388 1941 3449 magni
1965 3387 2185 3440 Venulus
2208 3390 2473 3445 Diomedis

1452 3456 1530 3504 ad
1544 3458 1712 3508 urbem
1737 3476 1754 3508 :
1774 3458 1867 3511 sed
1901 3460 1972 3513 ita
2007 3462 2113 3516 duo
2152 3478 2325 3520 essent
2349 3471 2473 3538 epi·-

1454 3530 1598 3585 theta
1619 3572 1634 3599 ,
1660 3537 2049 3605 magniprofhgi.
2063 3567 2128 3580 -—
2142 3541 2294 3613 Regii
2308 3550 2477 3603 nostri

1451 3609 1653 3663 codices
1667 3629 1838 3680 neque
1855 3622 2214 3688 magm'neque
2236 3642 2473 3692 magnam

1452 3685 1647 3739 babent
1665 3726 1680 3753 ,
1706 3687 1797 3741 sed
1818 3691 1900 3743 A!
1918 3694 2137 3748 Venulus
2150 3695 2353 3763 frustm
2373 3714 2471 3758 etc.

1452 3764 1595 3817 unde
1628 3784 1736 3818 non
1783 3767 2073 3824 audiendus
2099 3785 2175 3827 est
2215 3776 2469 3837 Heinsius

1451 3844 1538 3912 qui
1562 3844 1709 3898 malit
1739 3847 1812 3900 Ut
1836 3850 2056 3902 Venulus
2070 3870 2086 3901 .·
2099 3852 2139 3904 si
2143 3852 2345 3920 frustra
2361 3876 2474 3914 non

1450 3935 1740 3992 reponatur
1764 3964 1779 3991 ,
1829 3929 2091 3995 praestabit
2140 3937 2190 3986 to·
2216 3932 2429 4005 profugi
2443 3978 2460 4002 ,

1450 4001 1594 4069 quod
1615 3998 1864 4071 sn‘adent,
1885 4023 2002 4073 que
2024 4006 2161 4062 infra
2182 4049 2197 4075 ‚
2222 4030 2352 4066 vers.
2370 4015 2469 4083 476

1448 4090 1503 4133 et
1524 4099 1621 4149 sqq
1640 4120 1655 4147 ,
1681 4094 2063 4137 memorantur.
2090 4087 2350 4144 Preterea
2374 4112 2471 4162 pro

1445 4159 1612 4210 urbem
1630 4158 1793 4212 codex
1818 4159 1866 4212 A
1890 4160 1978 4215 dat
1995 4181 2165 4227 arces,
2187 4166 2329 4235 quod
2350 4168 2471 4226 Cio·

1446 4233 1603 4288 sanus
1635 4234 1691 4288 in
1718 4235 1977 4292 Vaticano
2010 4239 2109 4311 legi
2136 4255 2333 4300 monet.
2364 4249 2464 4302 lau.

1448 4336 1513 4357 ·-
1545 4317 1711 4387 Iapyx
1737 4334 1835 4385 pro
1868 4316 2110 4392 Iapygius
2134 4322 2294 4379 etiam
2323 4324 2452 4398 Virg

2079 4413 2162 4480 30
