3185 5138
577 538 707 605 312

1133 540 1211 604 P.
1268 540 1622 607 OVIDII
1685 538 2143 607 NASole

578 680 777 755 Misit
805 680 872 753 in
908 678 1226 756 AEaciden
1248 735 1267 769 ,
1303 681 1488 782 quod
1520 699 1587 754 et
1619 710 1705 756 aes
1727 737 1746 769 ‚
1783 700 1849 755 et
1883 683 2183 784 proxima
2208 681 2401 783 rupit

575 799 791 894 Terga
826 825 1078 875 novena
1115 799 1358 885 boum,
1398 799 1651 872 decimo
1686 816 1899 873 tamen
1936 799 2100 872 orbe
2131 816 2478 873 moratum.

576 916 850 991 Excutit
884 916 1015 990 hoc
1049 917 1245 991 heros
1268 973 1287 1003 ‚
1325 946 1688 1017 rursusque
1725 918 2066 991 trementia
2102 916 2263 991 sorti

577 1033 740 1109 Tela
769 1064 967 1108 manu
1007 1035 1204 1109 torsit
1231 1066 1248 1107 :
1279 1063 1511 1109 rursus
1547 1037 1689 1109 sine
1727 1033 1995 1109 vulnere
2027 1063 2271 1136 corpus
2294 1092 2313 1122 ,

581 1147 1057 1247 Sincerumque
1090 1147 1254 1235 fuit;
1291 1176 1412 1222 nec
1447 1149 1639 1221 tertia
1671 1148 1895 1248 cuspis
1924 1165 2263 1247 apertum,

584 1263 677 1336 Et
711 1291 778 1336 se
810 1261 1214 1363 praebentem
1247 1259 1456 1334 valuit
1491 1261 1897 1356 destringere
1932 1262 2247 1362 Cycnum.

586 1378 790 1454 Haud
827 1407 1017 1453 secus
1054 1377 1333 1465 exarsit,
1372 1406 1569 1479 quam
1605 1378 1780 1451 circo
1812 1396 2041 1452 taurus
2072 1395 2300 1480 aperto
2322 1434 2341 1464 ‚

584 1501 816 1597 Quum
851 1526 966 1572 sua
1003 1496 1283 1571 terribili
1318 1497 1489 1598 petit
1520 1496 1889 1570 irritamina
1921 1524 2166 1583 cornu,

584 1612 932 1687 Poeniceas
965 1629 1177 1685 vestes
1198 1669 1216 1698 ,
1250 1609 1560 1711 elusaque
1597 1610 1863 1703 vulnera
1893 1611 2115 1683 sentit.

588 1733 770 1804 Num
803 1747 1017 1803 tamen
1054 1730 1368 1803 exciderit
1401 1730 1686 1816 serrum,
1721 1729 2134 1814 considerat,
2166 1726 2421 1800 hastae?

2634 1748 2724 1801 105

507 1850 512 1857 ’
590 1848 903 1923 Haerebat
935 1847 1122 1943 ligno
1152 1878 1169 1920 τ
1208 1882 1241 1912 «
1274 1848 1516 1921 Manus
1553 1864 1655 1920 est
1687 1874 1831 1920 mea
1867 1844 2107 1919 debilis
2138 1873 2338 1940 ergo;

594 2060 773 2107 mero,
801 2041 943 2107 un,
974 2045 1097 2109 2473
1123 2049 1187 2105 Υ,
1216 2041 1340 2113 259,
1364 2040 1520 2093 etiam
1539 2039 1615 2093 la-

595 2121 693 2176 tini
712 2131 877 2192 poete
891 2161 906 2188 ,
927 2131 985 2175 ut
1001 2122 1248 2191 Virgilius
1264 2161 1278 2188 ,
1302 2122 1512 2175 AEneid.
1528 2123 1578 2175 X
1596 2161 1612 2187 ,

596 2201 692 2271 783
707 2240 721 2266 ,
738 2219 1153 2253 commemorare
1171 2201 1369 2267 solent,
1393 2211 1520 2269 quot
1536 2200 1615 2254 la-

597 2279 766 2332 minas
784 2289 836 2331 et
853 2279 992 2331 coria
1009 2278 1223 2348 (κι-ὐχας
1331 2298 1508 2332 merus
1520 2298 1618 2331 vo-

598 2360 714 2424 cat)
740 2356 903 2409 telum
925 2357 1140 2410 missum
1167 2358 1534 2425 penetraverit.
1551 2384 1619 2397 -

604 2437 813 2502 Tergmn
834 2446 1012 2487 amant
1030 2447 1196 2503 poetae
1214 2453 1309 2504 pro
1326 2434 1522 2504 vulgari
1540 2455 1620 2488 co·

598 2518 740 2565 tium.
754 2540 820 2552 -
835 2514 1045 2565 Decimo
1060 2517 1175 2564 orbe
1190 2552 1201 2569 ,
1237 2512 1442 2565 decimo
1458 2512 1621 2565 corio.

603 2592 753 2660 Soepe
774 2596 941 2662 clypei
962 2595 1123 2653 orbis,
1153 2591 1274 2644 hinc
1298 2593 1456 2645 etiam
1479 2594 1621 2644 coria

602 2672 737 2724 circa
759 2669 998 2742 clypeum
1026 2669 1178 2724 ducta
1197 2674 1352 2723 orbes.
1377 2671 1485 2723 Pro
1507 2674 1625 2723 orbe

609 2747 1114 2816 Cantabrigiensiset
1129 2766 1265 2799 unus
1280 2747 1481 2800 Heinsii
1495 2765 1622 2811 αντη·

607 2825 893 2879 Vossianus
928 2834 980 2876 et
1013 2824 1257 2877 Menardi
1294 2828 1408 2877 orbe
1436 2830 1632 2878 resistit

608 2903 633 2973 (
650 2903 705 2956 in
728 2901 901 2970 Regiis
915 2901 1105 2953 uostris
1117 2905 1231 2954 orbe
1244 2911 1485 2955 moratum
1494 2913 1576 2955 est
1585 2904 1624 2967 ).

611 2982 874 3052 Expressit
898 2991 1072 3033 autem
1095 2982 1346 3036 Nostrum
1376 2993 1427 3035 et
1449 2982 1627 3050 inpri-

609 3062 709 3115 mis
725 3057 962 3112 Vossian.
980 3067 1034 3111 et
1048 3059 1292 3112 Menard.
1311 3059 1500 3114 codicis
1521 3061 1629 3115 lec-

610 3141 816 3195 tionem
858 3137 1053 3192 Statius
1080 3176 1095 3204 ,
1134 3137 1302 3192 Theb.
1341 3139 1417 3192 lx
1439 3178 1454 3203 ,
1502 3143 1625 3208 104:

611 3221 865 3286 latorque!
872 3217 1108 3282 jaculum
1122 3257 1135 3276 ‚
1164 3220 1284 3268 dum
1306 3220 1442 3283 quod
1457 3221 1511 3268 in
1536 3237 1632 3270 ere

609 3307 867 3354 moratum,
885 3296 1342 3362 Transnmsmnque
1351 3306 1516 3348 lamen
1525 3299 1630 3366 cly-

601 3380 696 3444 pei
711 3378 852 3428 steti!
869 3377 986 3427 orbe
1006 3377 1238 3426 secundo.
1283 3394 1288 3398 ·

678 3454 759 3524 98.
781 3455 1006 3505 Excutit.
1033 3452 1173 3504 Ante
1201 3450 1482 3504 Heinsium
1503 3449 1630 3503 ede-

611 3535 769 3586 batur
786 3532 1253 3602 exce'pit.-Regius
1276 3542 1453 3585 noster
1471 3533 1517 3585 A
1539 3550 1633 3584 ex·-

614 3618 744 3666 cuti!
763 3632 781 3678 ,·
829 3612 1024 3681 Regius
1059 3612 1106 3666 Β
1138 3617 1340 3680 excipit.
1388 3615 1635 3665 Decutere

614 3690 746 3743 dixit
783 3689 1030 3758 Virgilius
1070 3690 1122 3741 in
1161 3708 1218 3741 re
1248 3689 1419 3743 simili.
1451 3691 1634 3742 Ed.—

613 3767 868 3820 Excntere
893 3765 1141 3818 dicuntur
1164 3766 1405 3820 homines
1433 3776 1486 3819 et
1506 3765 1634 3820 ferae

615 3842 784 3897 hastas
802 3881 817 3907 ,
845 3842 945 3895 tela
967 3879 983 3908 ,
1012 3843 1265 3895 venabula
1295 3840 1450 3894 infi'xa
1475 3860 1488 3894 :
1514 3841 1633 3924 vidf

617 3921 900 3975 Heinsium
931 3929 984 3974 et
1013 3920 1400 3973 Bur-mannum.
1427 3947 1494 3959 -
1517 3921 1638 3973 Sin-

615 4019 778 4053 cenm
803 4001 1095 4054 Burmann.
1121 3998 1496 4067 interpretatur
1522 4014 1634 4048 non

616 4076 840 4131 tinctum
858 4118 873 4143 ,
888 4076 1142 4132 soedatum
1155 4077 1421 4147 sanguine.
1445 4074 1634 4128 Malim

617 4155 833 4212 illesum
849 4195 864 4223 ,
881 4170 940 4211 ut
953 4159 977 4212 1
992 4197 1006 4224 ,
1027 4177 1139 4230 191,
1152 4163 1515 4225 peruincere,
1536 4156 1636 4208 Lu-

615 4231 808 4287 cretius
822 4271 838 4300 ,
874 4234 992 4299 111,
1026 4256 1079 4304 7¹
1092 4256 1117 4304 7
1135 4274 1151 4303 ,
1176 4240 1393 4288 membra
1421 4240 1634 4288 sincera.

613 4314 865 4368 &lecerunt
881 4314 1025 4368 enim
1049 4333 1208 4370 omne
1231 4312 1282 4368 id
1296 4353 1310 4381 ,
1339 4312 1481 4385 quod
1505 4314 1632 4368 vitio

1708 2039 2215 2107 caret-Apertum,
2243 2038 2528 2104 inermem,
2556 2039 2728 2091 nuda-

1710 2128 1827 2170 tum
1857 2117 2048 2170 casside
2077 2127 2132 2170 et
2162 2134 2357 2186 parma.
2379 2144 2444 2156 —-
2468 2119 2531 2168 Se
2547 2122 2733 2184 pra-bct

1712 2193 1803 2261 qui
1825 2213 1878 2246 se
1904 2194 2165 2247 attractari
2191 2215 2205 2257 ;
2244 2192 2345 2247 boc
2379 2192 2524 2257 loco,
2556 2194 2645 2263 qui
2672 2215 2727 2246 se

1712 2270 1856 2323 feriri
1869 2271 2344 2340 sinit—Virgilius,
2369 2271 2492 2325 AEn.
2508 2274 2557 2326 X
2570 2312 2584 2337 ,
2604 2274 2699 2338 314
2714 2312 2728 2338 ,

1714 2352 1852 2402 latus
1870 2352 2041 2402 hauri!
2057 2361 2277 2416 apertum
2287 2390 2302 2411 ,
2334 2349 2388 2402 id
2405 2359 2603 2402 estnon
2624 2360 2732 2404 tec-

1717 2438 1831 2479 tum
1852 2424 2049 2498 clypeo.
2074 2429 2173 2479 Ed.

1791 2525 1897 2558 102.
1924 2504 2087 2557 Haud
2095 2524 2240 2558 secus
2255 2510 2451 2559 exarsit
2469 2518 2565 2561 etc.
2598 2508 2732 2578 Apta

1718 2597 1771 2638 et
1796 2586 2049 2639 Romanis
2071 2596 2214 2655 grata
2232 2589 2566 2655 comparatio.
2587 2590 2734 2643 Tau-

1719 2683 1900 2717 rorum
1912 2683 2077 2732 genus
2087 2664 2354 2732 quoddam
2369 2706 2383 2732 ,
2407 2686 2571 2735 quum
2587 2669 2734 2737 puni·

1719 2762 1871 2796 ceum
1890 2743 2214 2813 rubrumque
2228 2745 2458 2799 colorem
2473 2745 2610 2801 serre
2623 2767 2733 2801 non

1721 2833 1926 2891 posset,
1952 2821 2177 2875 vestibus
2202 2834 2255 2875 et
2275 2823 2389 2893 pilis
2413 2823 2568 2892 hujus
2591 2826 2736 2879 colo—

1722 2904 1792 2955 ris
1807 2904 1861 2955 in
1884 2904 2023 2957 circo
2042 2906 2282 2975 expositis
2300 2907 2488 2960 irritari
2505 2908 2699 2962 solebat
2716 2931 2731 2973 ς

1723 2980 1977 3036 Martialis
1997 2981 2230 3051 spectac.
2260 3005 2319 3056 ¹9
2337 2992 2390 3037 et
2415 2988 2724 3045 :im—Circo,

1722 3059 1952 3112 claustris
1973 3059 2123 3125 circi,
2148 3080 2300 3114 cavea
2315 3101 2329 3126 ,
2356 3062 2407 3114 in
2428 3080 2585 3129 quam
2602 3081 2735 3115 con-

1724 3137 1862 3190 clusa
1877 3137 2276 3191 animalia.-—Ut
2287 3138 2734 3208 gladiator-esicius

1724 3213 1999 3267 adversarii
2024 3225 2078 3268 et
2099 3220 2306 3270 vulnera
2332 3219 2541 3271 eludunt
2564 3217 2735 3271 decli—

1724 3292 1937 3346 natione
1960 3295 2191 3363 corporis
2217 3334 2231 3360 ,
2270 3295 2341 3348 ita
2363 3294 2521 3349 etiam
2547 3296 2610 3349 ab
2632 3295 2741 3349 istis

1725 3369 2106 3436 incitamentis,
2134 3372 2264 3424 dum
2293 3371 2488 3426 cedunt
2517 3373 2741 3426 irruenti

1727 3459 1880 3502 tauro
1897 3487 1912 3515 ,
1935 3453 2143 3503 vulnera
2160 3454 2436 3513 eluduntur,
2464 3472 2574 3508 non
2599 3452 2744 3505 infli-

1728 3539 1925 3599 guntur
1944 3530 2353 3585 vulnera—Pro
2376 3537 2530 3587 seam
2551 3534 2743 3601 Regius

1728 3617 1906 3661 noster
1928 3607 2089 3661 codex
2112 3610 2158 3662 B
2186 3609 2341 3663 habet
2357 3617 2548 3674 sensim
2577 3612 2709 3664 male
2726 3651 2742 3677 ,

1727 3696 1942 3753 propter
1959 3690 2008 3740 το·
2023 3685 2306 3755 precedens
2321 3689 2614 3755 petia—De
2636 3706 2743 3741 voc.

1729 3766 2003 3827 Paem'ceas,
2025 3764 2075 3817 id
2094 3776 2170 3818 est
2186 3785 2493 3838 purpureas,
2511 3769 2620 3836 jam
2634 3786 2745 3820 non

1727 3841 1888 3894 semel
1908 3841 2121 3896 dictum.
2147 3845 2242 3895 Ed.

1801 3923 1908 3974 105.
1928 3923 2058 3974 Num
2071 3929 2236 3974 lamen
2248 3924 2497 3975 exciderit
2513 3930 2609 3974 etc.
2637 3921 2750 3975 Ad-

1730 3997 2066 4052 mirationem
2094 4000 2306 4053 Achillis
2332 4000 2467 4053 bene
2490 4000 2747 4069 exprimit.

1730 4077 1901 4130 Simul
1925 4098 2106 4132 rerum
2129 4079 2193 4131 ab
2218 4097 2282 4133 eo
2307 4089 2570 4148 gestarum
2598 4079 2747 4131 indi-

1729 4157 1875 4211 culus
1888 4156 2119 4225 additur,
2140 4170 2199 4212 ut
2217 4158 2297 4211 IX
2311 4197 2326 4223 ,
2351 4159 2441 4210 182
2459 4176 2570 4225 sqq.
2590 4154 2747 4209 Cous.

1731 4237 1901 4301 xm,
1936 4256 2020 4306 ¹7¹
2044 4256 2168 4306 sqq,
2195 4247 2249 4290 et
2272 4236 2464 4304 Quint.
2497 4233 2745 4296 Calaber,

1731 4315 1756 4367 1
1764 4316 1832 4381 V,
1854 4318 1945 4368 150
1958 4334 2067 4386 sqq.
2083 4316 2243 4386 Apud
2264 4317 2565 4369 Homerum
2583 4312 2743 4381 ,11.1,
