3185 5138
586 558 1693 643 METAMORPHOSEON
1751 579 1952 650 LIB.
2011 589 2248 660 VIII.
2393 599 2478 666 33

355 694 600 795 Cuspis
629 697 960 772 Echionio
991 702 1277 802 primum
1312 728 1615 809 contorta
1648 714 1889 794 lacerto

2378 760 2479 828 345
2556 750 2566 760 '

353 809 541 883 Vana
572 811 736 901 fuit,
778 831 1145 918 truncoque
1181 821 1364 896 dedit
1400 825 1536 901 leve
1569 830 1809 907 vulnus
1841 865 2099 916 acerno.

354 923 703 1015 Proxima,
746 929 800 1002 si
835 932 1058 1008 nimiis
1092 937 1414 1013 mittentis
1451 944 1703 1021 viribus
1739 978 1857 1024 usa

349 1040 509 1113 Non
541 1042 744 1132 foret,
780 1047 850 1119 in
885 1065 1071 1145 tergo
1106 1054 1243 1128 visa
1277 1074 1378 1129 est
1399 1056 1661 1137 haesura
1692 1069 1948 1166 petito:

259 1178 263 1186 ¹
350 1157 653 1251 Longius
682 1162 737 1232 it
764 1190 780 1233 :
812 1182 1044 1237 auctor
1077 1165 1197 1239 teli
1220 1169 1563 1265 Pagasaeus
1596 1179 1813 1255 Iason.

356 1303 394 1335 α
432 1272 684 1349 Phoebe
708 1332 727 1363 ‚
760 1278 853 1351 ait
882 1280 1316 1383 Ampycides,
1354 1290 1412 1361 si
1447 1307 1510 1364 te
1545 1293 1855 1400 coluique
1884 1302 2198 1406 coloque,

2273 1240 2278 1247 α

2381 1336 2482 1389 350

356 1421 393 1452 »
430 1388 537 1462 Da
568 1391 731 1464 mihi
754 1449 772 1480 ‚
810 1396 992 1495 quod
1023 1400 1308 1499 petitur,
1348 1423 1527 1480 certo
1560 1413 1943 1511 contingere
1976 1418 2130 1494 telo.
2171 1455 2205 1488 »ι

349 1505 509 1601 Qua
538 1509 764 1607 potuit
795 1513 1105 1611 precibus
1141 1518 1324 1592 Deus
1354 1519 1589 1603 ‚adnuit
1617 1553 1633 1598 τ
1668 1526 1838 1602 ictus
1870 1532 1952 1605 ab
1988 1534 2137 1625 illo,

346 1619 485 1693 Sed
519 1620 661 1695 sine
692 1623 994 1715 vulnere,
1031 1657 1188 1729 aper
1218 1662 1235 1704 :
1265 1631 1508 1710 ferrum
1537 1639 1753 1716 Diana
1784 1644 2034 1722 volanti

347 1735 734 1813 Abstulerat
759 1740 978 1839 jaculo
1011 1772 1028 1833 3
1064 1744 1316 1843 lignum
1349 1751 1491 1827 sine
1524 1759 1823 1832 acumine
1856 1765 2053 1838 venit.

345 1853 454 1924 Ira
486 1851 605 1926 feri
636 1873 817 1930 mota
850 1875 987 1947 est3
1022 1888 1143 1935 nec
1176 1863 1451 1943 fulmine
1486 1869 1699 1948 lenius
1734 1878 1930 1953 arsit:

2374 1911 2472 1963 355

344 1975 495 2048 Lux
526 1976 725 2051 micat
757 2008 834 2053 ex
869 1981 1117 2071 oculis,
1154 1987 1491 2091 spiratque
1528 2021 1562 2066 e
1592 2015 1856 2096 pectore
1892 2001 2166 2080 flamma.

347 2096 571 2197 thue
604 2097 780 2174 volat
808 2100 1016 2176 moles
1036 2160 1055 2193 ,
1095 2106 1380 2185 adducto
1413 2117 1670 2192 concita
1702 2148 1902 2213 nervo
1922 2180 1941 2212 ‚

346 2219 576 2315 Quum
610 2222 780 2322 petit
807 2242 923 2298 aut
951 2254 1210 2320 muroS,
1248 2251 1363 2307 aut
1392 2236 1625 2335 plenas
1654 2241 1860 2318 milite
1898 2263 2146 2338 turres;

346 2434 458 2502 apri
471 2436 616 2488 enim
632 2437 686 2489 in
706 2439 976 2510 obliquum
989 2445 1160 2500 solent
1181 2448 1353 2502 ferire.

410 2512 522 2584 349,
538 2514 735 2568 Auctor
744 2521 856 2580 teli,
885 2521 972 2587 qui
991 2522 1152 2577 mittit
1169 2524 1351 2592 telum,

340 2601 404 2644 ut
421 2591 667 2662 Virgilius
684 2634 699 2659 ,
729 2595 852 2649 AEn.
882 2599 958 2652 IX
979 2639 995 2665 ,
1021 2603 1132 2667 420.
1159 2603 1352 2674 Regius

342 2679 523 2723 noster
563 2672 613 2724 A
650 2672 824 2727 minus
855 2675 990 2731 bene
1028 2678 1186 2733 habet
1222 2685 1358 2737 lator

338 2751 443 2801 teli.
480 2747 582 2800 Ed.

405 2825 520 2878 350.
542 2827 860 2898 Ampycides.
886 2829 1179 2901 Palatinus,
1204 2833 1351 2890 can-

341 2902 470 2956 tabr.
516 2902 832 2961 oxoniensis
857 2947 872 2972 ,
922 2909 1310 2968 Arundelianus
1332 2954 1349 2982 ‚

339 2980 529 3051 aliique
546 2983 788 3052 plurimi,
819 2987 1075 3053 OE'cle'deu
1101 3008 1246 3059 aeque
1263 2992 1350 3045 be·

341 3078 438 3122 ηις
462 3079 589 3113 nam
615 3062 773 3114 etiam
809 3063 1155 3133 Amphiaraus
1188 3089 1350 3123 saeer-

342 3133 436 3188 dos
457 3135 643 3190 Phoebi
664 3157 676 3190 ε
695 3137 817 3192 ideo
830 3139 972 3194 hunc
991 3142 1211 3198 invocat.
1227 3145 1349 3199 Eu-

340 3212 492 3282 ripid.
533 3214 669 3283 apud
703 3217 1026 3289 Hermogen.
1065 3242 1113 3291 p.
1144 3224 1240 3290 564
1256 3264 1272 3290 ,
1312 3227 1349 3279 ὦ

342 3301 428 3346 Ζεῦ
446 3330 461 3356 ,
502 3296 673 3359 γίνοιτο
712 3301 978 3350 καταέκλεῖν
1012 3308 1093 3362 τὴν
1134 3313 1213 3354 σῦν
1256 3306 1348 3369 ‘'pe'-

340 3367 414 3420 Et
436 3370 623 3438 passim
644 3384 929 3426 occurrunt
942 3375 1067 3429 tales
1081 3397 1257 3447 preces
1272 3379 1349 3432 in·

340 3455 423 3498 ter
444 3446 787 3516 pugnandum
805 3489 820 3517 ,
863 3463 922 3505 ut
945 3452 1068 3507 AEn.
1097 3457 1174 3508 xl
1192 3496 1207 3522 ,
1237 3459 1347 3527 785.

338 3525 524 3578 -Site
537 3529 679 3578 colui
690 3527 922 3582 solemne
940 3531 996 3582 in
1017 3533 1347 3589 sacerdotum

338 3606 590 3673 precibus.
618 3607 839 3663 Homer.
860 3610 919 3662 11.
948 3613 996 3664 A
1016 3652 1031 3680 ,
1058 3615 1123 3687 39
1143 3635 1252 3685 sqq.
1280 3618 1344 3671 In

336 3679 415 3735 his
437 3687 596 3738 colere
622 3695 727 3752 est,
754 3706 894 3742 sacra
918 3689 1140 3745 adolere.
1167 3722 1233 3734 --
1256 3698 1348 3748 Da

335 3762 472 3812 mibi.
512 3761 650 3815 Vide
675 3762 739 3815 ad
770 3764 795 3816 1
815 3803 832 3830 ,
876 3767 987 3832 486.
1011 3796 1077 3809 -
1112 3774 1306 3825 Certum
1324 3814 1341 3838 ,

335 3836 475 3905 quod
506 3839 632 3892 serit
667 3860 899 3911 scopum.
924 3872 990 3885 —
1019 3849 1160 3912 Qua,
1205 3870 1345 3919 qua-

334 3925 488 3970 tenus
509 3958 525 3983 ‚
552 3930 829 3989 quantum.
854 3950 919 3963 —-
936 3928 1131 3978 Ferrum
1151 3930 1345 3983 Diana.

334 3993 489 4063 Regii
509 3999 673 4050 nostri
700 3998 895 4054 habent
906 4003 1192 4071 sttrumque
1212 4008 1345 4060 Dia-

330 4092 415 4126 na.
452 4073 516 4126 In
548 4075 723 4129 Diana
760 4079 927 4148 prima
949 4081 1141 4153 syllaba
1164 4102 1344 4151 quan-

333 4150 504 4221 doque
531 4156 870 4224 producitur;
896 4160 1040 4230 Virg.
1056 4162 1265 4217 AEneid.
1287 4164 1342 4231 Ι,

334 4232 431 4302 499
446 4270 461 4296 ,
479 4234 697 4286 Exercet
718 4237 898 4289 Diana
909 4241 1112 4304 choran
1130 4241 1219 4293 sed
1239 4261 1344 4296 me-

331 4306 429 4364 lius
460 4322 516 4365 et
548 4313 875 4382 frequentius
912 4319 1206 4389 corripitur.
1240 4324 1342 4377 Ed.

598 4428 742 4499 IV.

1448 2479 1516 2494 —·
1562 2455 1721 2524 Apud
1753 2456 2055 2512 Homerum
2091 2471 2144 2514 et
2177 2464 2459 2533 Virgilium

1447 2550 1581 2602 saepe
1625 2534 1772 2590 Deus
1813 2536 1995 2607 aliquis
2021 2539 2302 2612 detorquet
2335 2543 2464 2601 has-

1462 2622 1570 2665 tam
1599 2612 1825 2667 misum.

1512 2691 1627 2744 355.
1644 2694 1844 2748 Iaem‘us.
1863 2695 2111 2751 Heinsius
2125 2699 2460 2755 scribendum

1447 2780 1625 2823 censet
1640 2776 1826 2830 secius.
1855 2784 1915 2827 ut
1932 2774 1987 2827 11
2004 2815 2020 2841 ,
2042 2776 2154 2848 809.
2176 2777 2323 2847 Regii
2338 2798 2460 2833 nos-

1446 2846 1543 2913 tri,
1571 2851 1745 2901 lenam.
1769 2849 1907 2906 Vide
1932 2853 2098 2907 varias
2124 2855 2369 2916 lectiones
2381 2857 2454 2910 'ad

1446 2923 1619 2977 locum
1641 2927 1871 2980 citatum.
1891 2931 1991 2982 Ed.
2006 2957 2072 2971 -·
2093 2934 2209 2984 Lux
2223 2939 2380 2987 nuk-a!
2393 2955 2458 2987 ez

1444 3006 1634 3064 oculis,
1660 3015 1757 3059 etc.
1780 3004 1928 3059 Olim
1959 3006 2054 3078 (et
2066 3010 2138 3063 sic
2161 3014 2325 3066 nostri
2346 3014 2459 3067 Re-

1445 3082 1550 3151 gii)
1567 3082 1820 3138 edebatur
1841 3089 2049 3141 Emi-at
2056 3109 2122 3141 ex
2134 3095 2298 3144 oculis·
2312 3131 2329 3158 ,
2352 3098 2460 3160 spi-

1443 3169 2173 3235 ratquoquepectomflammas.
2195 3170 2301 3223 Sed
2316 3183 2454 3239 octo,

1443 3243 1602 3291 mel-at
1614 3256 1642 3302 ,·.
1661 3241 1893 3310 quinque
1913 3282 1928 3309 ,
1960 3250 2216 3313 spiratque
2220 3259 2450 3315 μείονες

1443 3325 1497 3369 et
1522 3315 1754 3371 Floreat.
1777 3319 1833 3372 S.
1851 3320 2017 3376 Marci
2038 3361 2053 3388 ,
2063 3327 2293 3391 stamma.
2319 3325 2452 3380 Inde

1444 3392 1697 3450 Heinsius
1729 3397 2009 3453 lectionem
2041 3422 2190 3455 suam
2223 3421 2451 3471 compo-

1441 3470 1575 3538 suit,
1603 3475 1692 3543 qui
1727 3485 1903 3529 tamen
1929 3496 2040 3531 non
2075 3489 2262 3548 negat,
2303 3498 2449 3548 posse

1442 3560 1497 3601 et
1502 3553 1746 3617 stammas
1765 3555 1976 3608 servari.

1506 3628 1620 3699 357.
1641 3632 1806 3684 Moles
1816 3672 1829 3694 ,
1851 3633 2044 3702 lapides
2058 3633 2282 3688 molares
2296 3635 2449 3705 ejecti

1441 3723 1471 3757 e
1499 3704 1740 3776 ballistis,
1766 3728 1882 3777 que
1908 3729 2019 3763 non
2045 3712 2221 3767 minus
2238 3752 2253 3779 ,
2289 3732 2448 3783 quam

1442 3802 1588 3838 arcus
1620 3805 1812 3840 aereum
1841 3787 2098 3845 habebant
2124 3831 2139 3858 ,
2176 3793 2266 3861 qui
2288 3795 2450 3845 addu-

1439 3866 1645 3917 cebatur
1663 3884 1681 3917 .·
1703 3867 1841 3936 apud
1857 3866 2134 3938 Virgilium
2153 3911 2166 3936 ,
2187 3871 2315 3922 AEn.
2338 3870 2445 3936 XI,

1440 3938 1569 4008 616,
1603 3943 1860 4000 Acontius
1881 3947 1987 4000 ruit
2010 3947 2065 3999 in
2091 3965 2297 4000 morem
2331 3956 2449 3999 tor-

1440 4025 1843 4084 mentopondetelt
1855 4027 2228 4091 act1·.--1mpete
2235 4025 2447 4095 antique

1440 4111 1537 4161 pro
1555 4131 1570 4158 ‚
1594 4100 1804 4163 bunia,
1844 4109 1901 4150 ut
1921 4100 2004 4153 111
2020 4138 2035 4166 ,
2066 4121 2128 4172 79
2143 4140 2160 4165 ‚
2183 4101 2274 4155 ubi
2288 4102 2447 4155 etiam

1439 4182 1588 4224 vasto
1622 4172 1847 4227 additur.
1883 4177 2002 4229 Hoc
2034 4178 2149 4230 loco
2170 4189 2317 4233 vasto
2349 4199 2445 4250 pro

1438 4260 1571 4303 certo
1586 4271 1647 4303 ex
1667 4252 1909 4307 Leidensi
1934 4275 2041 4309 uno
2058 4268 2112 4310 et
2132 4257 2344 4312 Sixiano
2364 4280 2447 4312 re·

1438 4328 1576 4394 cepit
1590 4329 1965 4404 Burmannus,
2005 4335 2127 4405 quia
2148 4345 2279 4390 certo
2302 4355 2446 4406 prae-

2069 4455 2106 4519 3
