3185 5138
670 515 1695 587 METAMORPHOSEON
1742 520 1936 588 LIB.
1989 526 2080 590 X.

2330 528 2443 594 161

424 655 512 727 Π.
550 650 759 727 Collis
792 670 968 739 erat,
1008 651 1370 754 collemque
1405 684 1606 756 super
1639 656 2019 758 planissima
2050 664 2263 763 campi

326 769 541 855 Area3
581 796 779 868 quam
814 767 1088 842 viridem
1122 770 1453 843 faciebant
1486 774 1798 866 graminis
1831 775 2069 849 herbae.

329 885 585 958 Umbra
620 885 771 959 loco
808 884 1026 958 deerat
1061 915 1077 957 :
1115 915 1245 985 qua
1275 904 1631 987 postquam
1667 910 1850 989 parte
1885 893 2125 967 resedit

330 1003 457 1075 Dis
494 1001 755 1097 genitus
787 1018 967 1074 vates
989 1055 1008 1088 ‚
1045 1018 1111 1073 et
1143 1000 1252 1074 fila
1289 1003 1590 1076 sonantia
1626 1007 1868 1092 movit3

329 1117 588 1189 Umbra
621 1116 769 1190 loco
802 1117 982 1190 venit
1012 1145 1027 1188 z
1059 1144 1198 1188 non
1235 1117 1524 1191 Chaonis
1558 1119 1772 1192 abfuit
1802 1120 2003 1196 arbos
2024 1178 2043 1209 ‚
2389 1159 2460 1216 90

330 1234 487 1306 Non
518 1259 750 1305 nemus
787 1230 1172 1319 Heliadum,
1207 1261 1346 1305 non
1378 1232 1714 1309 frontibus
1748 1237 2006 1313 esculus
2038 1238 2186 1313 altis
2208 1295 2227 1328 ‚

330 1349 468 1422 Nec
503 1348 656 1421 tiliae
689 1346 924 1422 molles
946 1404 965 1436 ‚
1003 1376 1122 1421 nec
1157 1347 1385 1442 sagus,
1423 1367 1489 1423 et
1521 1351 1773 1427 innuba
1811 1353 2065 1430 laurus:

330 1467 419 1538 Et
448 1463 654 1566 coryli
683 1462 947 1558 fragiles
971 1520 990 1551 ‚
1030 1481 1095 1536 et
1127 1464 1421 1538 fraxinus
1455 1466 1639 1541 utilis
1673 1469 1880 1543 hastis
1903 1526 1921 1557 ‚

331 1635 364 1688 3
390 1675 405 1702 ,
449 1638 645 1689 Herem
680 1637 845 1686 etatt's
880 1635 1184 1686 Hasdrubal
1209 1638 1358 1702 patre·

331 1718 643 1767 Hannibalis
662 1711 932 1778 fruendam
952 1716 1179 1781 prebuit.
1216 1712 1349 1767 Cae-

332 1806 508 1847 terum
530 1793 820 1847 Phanocles
842 1793 1114 1861 scripserat
1138 1787 1346 1870 ἔρωτας,

333 1873 387 1925 in
423 1872 611 1942 quibus
642 1871 808 1924 multa
840 1870 906 1923 de
931 1870 1136 1940 Orphei
1163 1872 1349 1941 paede-

333 1953 485 2006 rastia
513 1950 779 2004 exstabant
802 1971 816 2013 ;
857 1949 946 2003 sed
974 1950 1044 2003 illi
1065 1950 1350 2005 intercide-

333 2041 459 2083 runt
484 2045 497 2078 :
521 2028 640 2081 vide
666 2028 963 2081 Heinsium.

397 2108 500 2160 86-
511 2128 527 2159 1
537 2109 618 2173 4²·
634 2107 853 2159 Arbores
874 2107 1064 2173 Orphei
1070 2116 1222 2160 canta
1241 2128 1350 2161 mo-

332 2193 420 2244 !ae.
446 2185 498 2237 in
524 2184 709 2253 quibus
725 2182 991 2237 nonnulla:
1009 2186 1349 2237 transforma-

334 2263 478 2314 tione
515 2261 728 2314 nobiles.
763 2259 963 2313 Cantus
995 2261 1138 2314 enim
1167 2263 1349 2316 suavi-

336 2350 441 2393 tate
457 2338 791 2391 arboresloco
807 2339 1049 2404 movisse,
1063 2338 1349 2394 fluminum

333 2418 504 2487 lapsus
527 2425 911 2484 ventorumque
937 2417 1193 2484 impetum
1220 2436 1348 2469 mo-

331 2508 479 2551 ratus
501 2514 609 2549 esse
631 2533 645 2559 ,
675 2504 729 2547 et
751 2494 1221 2549 immanesssbestias
1248 2495 1347 2548 do·-

332 2575 555 2641 muisse,
578 2573 679 2626 hoc
702 2582 777 2626 est
797 2613 811 2639 ,
847 2573 1126 2625 hominum
1149 2574 1348 2626 essera-

335 2666 514 2709 torum
560 2671 734 2706 mores
777 2652 1049 2706 mollivisse
1081 2691 1096 2717 ,
1146 2652 1349 2721 legitur.

335 2730 566 2786 Horat.1
583 2770 598 2797 ,
614 2729 719 2783 Od.
736 2746 836 2794 xn,
855 2750 880 2800 7
896 2749 1005 2798 sqq.
1030 2750 1042 2793 ;
1070 2729 1184 2782 Art.
1203 2729 1350 2783 Poet.

335 2813 427 2884 ³9¹
456 2832 470 2874 ς
498 2809 683 2863 Senec.
709 2809 868 2861 Herc.
896 2808 1010 2861 OEt.
1045 2809 1162 2860 1031
1193 2829 1302 2878 sqq.

401 2889 482 2943 86.
505 2891 818 2941 Plane‘ut‘ma
848 2891 1021 2953 campi
1045 2906 1165 2938 ama
1182 2928 1194 2947 ‚
1228 2887 1348 2956 pla-

337 2965 581 3019 nissimus
625 2982 853 3031 campus.
887 2962 996 3015 Cic.
1043 2965 1195 3015 Verr.
1236 2964 1347 3029 lv,

340 3045 405 3109 48
421 3082 435 3107 ,
460 3048 514 3095 e'n
529 3061 719 3093 samma
741 3050 920 3092 monte
938 3048 1019 3091 est
1031 3049 1226 3108 equata
1240 3044 1358 3106 agri

331 3124 590 3188 planities.
611 3117 895 3171 Vossianus
920 3116 1075 3169 habet
1090 3119 1350 3183 placidis-

338 3203 562 3250 se‘ma.—
582 3199 841 3249 Grame'nis
863 3197 1013 3247 herba
1033 3195 1190 3247 etiam
1215 3193 1350 3263 apud

343 3275 490 3345 Virg.
516 3274 624 3327 Ecl.
647 3275 718 3337 V,
747 3272 838 3333 26;
868 3271 976 3323 Liv,
1001 3289 1050 3338 1,
1079 3275 1165 3338 24;
1196 3271 1355 3325 Clau-

343 3355 483 3408 dian.
498 3353 597 3407 bet
615 3352 734 3405 Get.
757 3353 843 3421 147
865 3391 879 3415 ,
900 3351 980 3404 vel
999 3352 1118 3419 quia
1137 3370 1353 3420 gramen

340 3432 484 3484 inter
501 3428 686 3481 herbas
702 3428 928 3480 refertur
949 3426 974 3495 (
993 3427 1125 3479 Plin.
1147 3427 1352 3494 XXIV,

352 3507 478 3581 19),
500 3505 580 3559 vel
591 3509 746 3558 herba
760 3515 836 3557 est
856 3524 1071 3573 germen
1094 3506 1356 3574 graminis.

345 3587 539 3654 Georg.
559 3585 612 3647 I,
643 3586 734 3650 134
749 3623 764 3649 ,
773 3583 1197 3649 framentiherba.
1220 3585 1264 3637 F
1264 3595 1357 3637 ast.

348 3668 373 3720 l
388 3706 404 3733 ‚
436 3668 528 3732 154
541 3704 557 3730 ‚
580 3668 786 3716 semines
802 3662 968 3715 herba.

411 3748 490 3800 88.
520 3745 723 3796 Umbra.
751 3744 980 3797 Arbores
1006 3744 1277 3797 umbrosa.
1294 3771 1361 3786 -

347 3827 466 3885 Dis,
493 3822 612 3876 Deo
636 3832 689 3875 et
703 3822 847 3888 Dea,
872 3821 990 3875 vide
1013 3822 1075 3875 ad
1095 3842 1223 3874 vers.
1256 3824 1359 3889 167.

348 3931 416 3946 ·—
436 3905 551 3955 ma
587 3906 826 3954 sonantia
851 3942 865 3964 ,
905 3901 1035 3955 fides
1061 3941 1076 3968 ,
1105 3899 1323 3953 chordas
1343 3941 1357 3969 ,

348 3986 524 4041 novit,
543 3979 782 4049 pulsavit.

414 4077 498 4130 9⁰·
528 4059 645 4108 Non
673 4058 908 4109 Chaonis.
942 4055 1193 4123 Sequitur
1215 4065 1364 4107 cata—

349 4135 498 4205 logus
514 4134 762 4187 arborum
779 4174 795 4200 ‚
815 4132 1260 4202 quemadmodum
1281 4152 1363 4185 ca-

352 4217 551 4285 talogos
566 4213 848 4267 fluviorum
865 4254 880 4279 ‚
906 4215 1168 4267 montium
1188 4252 1202 4279 ,
1227 4212 1366 4266 side-

353 4310 476 4345 rum
491 4302 588 4345 etc.
603 4290 722 4343 alibi
739 4291 958 4346 inseruit
970 4290 1192 4345 Ovidius
1208 4305 1221 4340 :
1236 4309 1367 4344 con-

539 4386 681 4457 IV.

1443 1637 1539 1689 ser.
1558 1638 1707 1708 Virg.
1726 1638 1844 1691 Cul.
1869 1660 1890 1694 1
1904 1639 1961 1692 16
1975 1660 2086 1709 sqq.
2107 1641 2329 1710 Statius,
2344 1645 2456 1713 vl,

1448 1717 1526 1768 88.
1559 1715 1761 1770 Seneca
1787 1757 1801 1783 ,
1847 1718 2027 1789 OEdip.
2070 1722 2167 1773 530
2201 1742 2310 1791 sqq.
2350 1723 2457 1777 Sed

1444 1796 1714 1849 exornavit
1737 1797 1963 1867 singulas
1986 1800 2194 1853 arbores
2216 1802 2458 1871 epithetis

1444 1870 1580 1924 bene
1618 1871 1831 1927 dilectis.
1874 1874 2163 1944 Copiosior·
2186 1887 2366 1932 tamen
2402 1881 2459 1935 in

1444 1947 1540 2000 illis
1564 1950 1887 2004 ornamentis
1915 1963 1991 2004 est
2012 1953 2258 2024 Virgilius
2286 1955 2337 2008 d.
2362 1956 2462 2008 l.—

1448 2027 1671 2079 Cbaomlr
1703 2031 1870 2081 arbos.
1917 2030 2069 2099 Regii
2102 2033 2267 2085 nostri
2299 2038 2462 2089 arbor.

1445 2130 1512 2142 —
1535 2105 1760 2156 Chaonis
1781 2109 1954 2166 arbos,
1982 2126 2215 2175 quercus.
2233 2108 2462 2163 Dodona

1447 2180 1592 2232 euim
1612 2220 1627 2247 ,
1657 2181 1782 2234 olim
1809 2182 2034 2236 habitata
2065 2204 2093 2236 a
2122 2183 2426 2241 Chaonibus
2444 2226 2460 2253 ,

1449 2254 1705 2323 (Strabo,
1733 2277 1782 2324 p.
1807 2258 1904 2328 498
1927 2259 1947 2321 )
1969 2298 1984 2324 ,
2018 2259 2210 2313 nobilia
2240 2260 2463 2317 habebat

1449 2344 1711 2400 querceta.
1727 2334 2155 2405 EtiamVirgilius
2167 2376 2181 2402 ,
2199 2337 2390 2409 Georg.
2403 2340 2428 2392 l
2444 2378 2461 2406 ‚

1446 2411 1478 2462 8
1491 2449 1507 2476 ,
1530 2413 1761 2463 Chaonia
1780 2416 1944 2478 glans.
1966 2440 2033 2452 —
2059 2417 2248 2466 Nemas
2268 2419 2462 2469 Heba-

1446 2492 1590 2548 dutn,
1631 2489 1713 2542 vel
1739 2490 1912 2558 populi
1934 2530 1948 2556 ,
1976 2491 2055 2543 vel
2081 2491 2220 2557 alni,
2255 2494 2309 2546 in
2337 2514 2465 2564 quas

1453 2564 1705 2620 Heliades
1719 2608 1733 2633 ‚
1752 2567 2094 2623 Phaethontis
2106 2589 2334 2639 sorores,
2352 2594 2465 2628 mu·

1449 2656 1566 2699 tatae
1584 2658 1767 2701 erant:
1792 2648 1910 2701 vide
1928 2650 2009 2717 11,
2033 2651 2129 2704 325
2150 2671 2257 2721 sqq.
2278 2657 2465 2709 Nemus

1446 2723 1607 2792 igitur
1634 2723 1700 2778 de
1732 2726 1899 2800 tribus
1933 2729 2201 2783 arboribus
2239 2732 2462 2801 capien-

1449 2800 1596 2854 dum.
1617 2831 1684 2843 —-
1704 2807 1928 2857 Escalas
1944 2846 1956 2866 ,
1997 2807 2150 2859 arbor
2184 2810 2409 2863 maxima
2432 2831 2464 2865 e

1449 2898 1742 2948 quercuum
1783 2901 1975 2952 genere
2006 2923 2022 2951 ‚
2070 2905 2177 2953 quae
2221 2897 2461 2954 quantam

1447 2960 1627 3009 merlin
1646 2962 1725 3010 ad
1751 2979 1909 3013 auras
1934 2964 2192 3015 AE'tbenas
2214 3004 2226 3024 ,
2268 2973 2463 3019 tantum

1447 3036 1619 3087 radice
1645 3041 1698 3088 ia
1732 3046 1926 3090 tartara
1955 3043 2149 3105 under,-
2183 3042 2430 3112 Virgilius
2450 3083 2467 3111 ,

1415 3116 1426 3126 '
1448 3110 1642 3182 Georg.
1671 3114 1756 3180 11,
1787 3136 1896 3188 29¹·
1916 3116 2058 3169 Hinc
2077 3117 2175 3171 hoc
2192 3119 2469 3186 locosmn-

1447 3193 1581 3242 libus
1627 3194 1765 3244 altis.
1819 3193 2010 3246 Monet
2057 3195 2396 3250 Burmannus
2438 3217 2469 3251 a

1449 3270 1617 3338 poetis
1622 3270 1825 3336 frontes
1847 3272 1960 3324 dari
1981 3274 2250 3327 arboribus
2266 3314 2281 3340 ‚
2306 3275 2465 3344 idque

1451 3347 1682 3403 docuisse
1697 3352 1978 3404 Heinsium
1994 3352 2056 3404 ad
2074 3353 2465 3423 Claudian.111,

1455 3427 1607 3496 Rapt.
1633 3430 1744 3495 346.
1777 3431 2025 3485 Heinsius
2053 3443 2242 3485 tamen.
2270 3434 2321 3486 h.
2345 3434 2376 3488 Ι.
2404 3456 2467 3490 ex

1455 3505 1600 3558 MSS
1619 3506 1722 3558 suis
1737 3506 1881 3560 malit
1897 3507 2469 3581 ,stonde'bas.—Regius

1451 3593 1633 3635 noster
1650 3582 1829 3636 Codex
1846 3586 1890 3637 A
1908 3624 1924 3650 ‚
1939 3604 2031 3637 aec
2032 3586 2305 3652 [madibus
2313 3609 2334 3656 ‚·
2354 3589 2467 3643 Co-

1456 3660 1551 3714 dex
1565 3661 1610 3713 B
1630 3701 1644 3728 ,
1664 3662 2330 3730 aonsrondibus.—-lnnuba‚
2351 3688 2469 3738 quae

1455 3757 1565 3792 non
1590 3740 1741 3791 nubit
1764 3739 1876 3792 viro
1893 3779 1907 3806 ,
1935 3752 1994 3793 ut
2013 3741 2120 3809 IX,
2154 3746 2270 3813 147,
2296 3747 2470 3801 lauras

1454 3821 1668 3878 innuba,
1713 3817 1888 3871 laurus
1914 3857 1929 3883 ,
1967 3819 2022 3872 in
2060 3839 2217 3888 quam
2244 3823 2470 3893 Daphne

1455 3895 1656 3947 innuba
1693 3904 1907 3949 mutata.
1934 3897 2172 3950 Tibullus
2190 3938 2205 3965 ,
2235 3900 2349 3967 111,
2378 3919 2467 3971 IV,

1460 3974 1522 4025 23
1536 4012 1550 4038 ,
1568 3982 1717 4025 casta
1731 3978 1931 4037 [aarum
1954 3972 2298 4043 Claudianus,
2325 3979 2388 4032 R.
2410 3981 2471 4034 P.

1460 4050 1515 4102 Π
1528 4088 1543 4114 ,
1571 4049 1723 4102 Praes.
1741 4050 1802 4102 23
1819 4088 1835 4115 ,
1863 4052 2162 4120 Cirrhaeique
2178 4056 2473 4124 Deiquam-

1461 4136 1535 4185 νὴ·
1566 4134 1844 4197 despexerit
1865 4140 2025 4193 artes,
2066 4134 2276 4200 Orpheis
2299 4139 2472 4191 laurus

1461 4211 1668 4261 vocibus
1693 4217 1811 4259 acta
1832 4212 1980 4260 oem't.

1527 4286 1609 4361 93.
1652 4287 1807 4341 Utdaezr
1834 4289 1999 4340 hastis
2034 4304 2050 4339 .·
2084 4286 2202 4340 vide
2227 4290 2291 4344 ad
2311 4292 2393 4364 V,
2422 4314 2470 4367 9.

2124 4405 2146 4444 Ι
2170 4406 2192 4445 1
