3185 5138
680 547 817 641 494

1232 546 1312 611 Ρ.
1386 544 1739 613 OVIDII
1794 544 2243 614 NASONIS

681 687 1031 788 Concipit,
1072 703 1140 759 et
1173 714 1320 787 quae
1353 687 1440 760 sit
1467 715 1685 760 rerum
1723 704 1956 761 natura
1988 687 2288 790 requirit.

675 805 895 902 Hujus
928 830 1112 876 amor
1145 829 1315 876 curae
1342 859 1361 891 ,
1388 802 1647 903 patria,
1677 799 2103 904 Curibusque
2133 803 2383 879 relictis
2399 827 2424 892 ,·

671 919 890 1007 Fecit,
924 937 1001 993 ut
1035 916 1341 993 Herculei
1376 935 1751 1020 penetraret
1787 919 1870 991 ad
1903 918 2196 1019 hospitis
2234 920 2503 994 urbem:

681 1039 880 1112 Graia
915 1037 1065 1139 quis
1099 1035 1344 1110 Italicis
1378 1054 1612 1110 auctor
1642 1037 1977 1137 posuisset
2008 1037 2076 1109 in
2115 1037 2252 1113 oris

674 1156 930 1258 Moenia
967 1155 1281 1257 quaerenti
1306 1210 1325 1244 ‚
1363 1155 1456 1229 sic
1489 1184 1524 1229 e
1561 1155 1939 1229 senioribus
1973 1184 2148 1230 unus
2755 1194 2821 1228 m

674 1271 965 1347 Rettulit
992 1270 1318 1366 indigenis
1337 1326 1356 1357 ,
1387 1271 1624 1345 veteris
1654 1300 1793 1345 non
1825 1271 2070 1345 inscius
2106 1272 2220 1346 aevi
2250 1301 2269 1344 τ

680 1420 716 1453 «
755 1388 959 1460 Dives
990 1385 1075 1458 ab
1117 1387 1383 1459 Oceano
1414 1385 1645 1460 bubus
1678 1389 1842 1460 Jove
1876 1403 2076 1478 natus
2107 1384 2317 1460 Iberis

675 1494 903 1569 Litora
937 1492 1109 1566 felici
1148 1492 1431 1567 tenuisse
1466 1493 1731 1566 Lacinia
1767 1520 1965 1567 cursu

676 1611 950 1697 Fertur,
988 1627 1094 1697 et,
1131 1627 1425 1682 armento
1465 1626 1717 1684 teneras
1750 1627 2007 1683 errante
2036 1637 2156 1710 per
2188 1608 2462 1698 herbaS,

664 1808 819 1876 jora,
847 1807 976 1859 scitu
1012 1805 1249 1874 digniora
1280 1816 1335 1858 et
1357 1806 1608 1875 graviora.
1630 1834 1696 1847 —
1791 1807 2008 1861 Gracia
2047 1807 2257 1877 Magnae
2293 1806 2348 1860 in
2375 1827 2438 1861 ea
2481 1805 2641 1860 ltalia
2679 1825 2806 1872 ora,

681 1889 913 1953 Concepit
929 1924 943 1946 ,
966 1885 1093 1938 scire
1115 1885 1303 1938 studet.
1331 1886 1660 1954 Frequenter
1676 1925 1691 1951 ,

1792 1904 1907 1953 quoe
1931 1884 2086 1937 hodie
2117 1886 2359 1937 Calabria
2382 1882 2806 1936 dicitur.—·I!ali-

674 1961 765 2016 sed
785 1962 928 2014 vario
957 1982 1112 2015 sensu
1134 2002 1149 2028 ,
1177 1963 1380 2016 Noster
1407 1963 1505 2016 hoc
1532 1963 1695 2015 verbo
1790 1969 1869 2015 cis
1881 1968 1995 2015 orelr.
2013 1961 2224 2015 Primus
2235 1959 2612 2025 Pal.Urbinas,
2634 1961 2807 2012 Aron·

673 2040 1171 2109 mitum—Remini,
1183 2043 1494 2111 cognoscere
1511 2041 1654 2109 cupit
1666 2079 1681 2105 ‚

672 2140 780 2189 que
798 2123 871 2172 sit
886 2139 1043 2172 rerum
1067 2129 1273 2181 natura,
1306 2118 1686 2189 philosophiam

673 2215 893 2267 graecam
915 2237 930 2264 ,
953 2216 1070 2266 qun
1092 2198 1392 2252 versabatur
1420 2197 1477 2250 in
1506 2216 1686 2251 rerum

674 2287 863 2330 natura
885 2275 1204 2346 explicanda.

739 2378 784 2427 7.
810 2357 981 2424 Hujus
1006 2376 1163 2419 cure,
1204 2356 1361 2425 buius
1398 2355 1588 2422 studii,
1627 2367 1688 2411 ut

668 2454 802 2489 vers.
821 2435 1148 2490 65.—Patn·a
1164 2475 1177 2495 ‚
1213 2437 1537 2503 Curibusque,
1581 2455 1685 2504 pa-

670 2514 769 2568 tria
782 2553 797 2581 ,
812 2512 913 2567 boc
928 2524 1004 2567 est
1022 2511 1267 2585 Curibus:
1284 2512 1346 2566 ln
1365 2532 1495 2565 cure
1513 2521 1565 2566 et
1584 2514 1689 2565 Cu·-

675 2596 812 2646 ribus
837 2602 1101 2661 captatum
1128 2612 1239 2646 esse
1271 2592 1334 2645 ab
1364 2590 1561 2645 Ovidio
1590 2589 1687 2643 lu-

670 2689 787 2724 sum
820 2670 1134 2737 verborum,
1170 2680 1319 2740 putat
1360 2669 1598 2722 Lenzius.
1620 2697 1686 2709 -

669 2751 911 2801 Herculei
940 2751 1154 2814 hospite}
1191 2752 1331 2810 urbs,
1378 2748 1584 2801 Croton
1608 2787 1623 2813 ,
1655 2766 1684 2799 a

670 2824 909 2879 Crotone
926 2864 940 2890 ,
983 2826 1071 2893 qui
1112 2828 1374 2878 Herculem
1413 2824 1680 2894 quondam

668 2905 986 2969 hospitaliter
1003 2896 1298 2971 exceperat,
1328 2902 1400 2955 sic
1425 2903 1585 2969 dicta,
1624 2913 1682 2958 ut

668 2979 863 3032 docent
878 2979 1518 3045 sequentia—penetraret
1529 3022 1542 3040 .
1567 3000 1681 3049 per-

668 3055 888 3108 veniret.
911 3055 1040 3108 Erat
1058 3074 1181 3108 sane
1199 3057 1410 3123 antiqua
1439 3056 1676 3123 traditio,

666 3132 904 3186 Numam
945 3130 1178 3184 Crotona
1208 3150 1317 3185 esse
1349 3130 1640 3201 profectum
1661 3172 1675 3198 ,

660 3210 840 3280 ibique
860 3230 888 3264 a
904 3211 1199 3283 Pythagora
1215 3222 1465 3281 praecepta
1475 3212 1679 3280 sapien-

662 3292 747 3345 tiae
761 3291 1075 3361 cognovisse.
1101 3290 1206 3345 Sed
1224 3310 1345 3344 eam
1370 3291 1677 3361 gravissimis

660 3372 981 3439 argumentis
1005 3369 1190 3424 refellit
1207 3370 1380 3424 Livius
1398 3370 1448 3423 d.
1464 3370 1604 3435 loco,
1625 3381 1677 3424 ct

664 3472 691 3496 κ
714 3461 901 3519 suopte
927 3450 1142 3519 ingenio
1172 3460 1522 3518 temperatum
1549 3449 1676 3501 Nu-

662 3548 690 3576 »
713 3547 812 3581 ωε
831 3529 1067 3582 animum
1093 3529 1365 3582 virtutibus
1386 3526 1540 3580 fuisse
1560 3531 1678 3594 opi-

662 3626 689 3652 »
714 3616 866 3657 natur
885 3607 1072 3676 magis3
1119 3607 1535 3673 instructumque
1562 3622 1672 3656 non

658 3704 687 3729 ι·
709 3694 816 3736 tam
841 3684 1127 3753 peregrinis
1152 3683 1345 3736 artibus
1365 3723 1380 3749 ,
1404 3701 1560 3751 quam
1586 3682 1672 3734 di-

664 3784 691 3809 »
716 3763 929 3833 sciplina
962 3763 1295 3817 Sabinorum.
1319 3785 1345 3809 ιο
1377 3761 1488 3815 Cic.
1517 3763 1673 3815 Tusc.

661 3840 743 3896 lv
759 3883 773 3904 ,
806 3863 823 3895 1
841 3880 856 3906 ,
881 3840 1193 3906 arbitratur,
1218 3851 1435 3911 propter
1461 3840 1673 3913 Pytha-

657 3938 936 3990 goreorum
986 3918 1389 3975 admirationem
1437 3920 1670 3972 Numam

658 4017 868 4065 quoque
894 4016 1094 4067 regem,
1120 3996 1514 4068 Pythagoreum
1531 4016 1559 4050 a
1575 4016 1673 4066 po-

658 4073 961 4128 sterioribus
984 4074 1353 4128 existimatum.
1371 4073 1670 4129 Commode

659 4159 836 4203 tamen
864 4152 920 4204 in
953 4172 1069 4206 rem
1088 4172 1238 4208 suam
1269 4152 1546 4208 traditione
1584 4152 1671 4206 illa

658 4245 780 4281 usus
805 4239 882 4281 est
902 4242 1072 4298 poeta.

717 4324 766 4377 9.
795 4308 959 4363 Graia
976 4315 1169 4377 menia,
1187 4311 1309 4379 quia
1326 4310 1530 4367 Croton
1549 4330 1667 4381 pars

1782 2039 1884 2093 del.
1903 2050 1957 2093 et
1991 2039 2073 2092 alii
2100 2042 2287 2103 Italis-5
2314 2039 2563 2093 Heinsius
2592 2039 2805 2106 coniicit

1782 2119 2229 2189 Italiis.—Regius
2251 2118 2413 2173 codex
2429 2118 2476 2170 A
2498 2121 2650 2171 Italis
2664 2123 2768 2171 oris
2780 2137 2803 2184 ‚-

1785 2197 1948 2250 codex
1972 2198 2017 2251 B
2049 2200 2251 2250 Jtalaekis
2263 2213 2285 2260 ‚⁶
2305 2196 2487 2250 confer
2510 2195 2646 2249 XIV
2663 2236 2679 2262 ,
2710 2217 2766 2266 ¹7
2780 2237 2798 2262 ,

1785 2273 1874 2327 ubi
1897 2275 2051 2327 ambo
2073 2273 2236 2327 iidem
2256 2273 2461 2327 codices
2486 2273 2679 2326 habent
2702 2274 2801 2325 Le·-

1783 2363 1891 2406 tore
1917 2358 1971 2407 in
1985 2356 2165 2408 Italico
2185 2371 2204 2418 ,·
2230 2352 2366 2407 infra
2391 2363 2566 2428 autem
2578 2392 2593 2420 ,
2611 2372 2682 2405 vs.
2699 2355 2762 2424 59
2777 2393 2795 2419 ,

1785 2429 1914 2483 dant
1943 2434 2093 2484 Italis
2120 2435 2173 2483 in
2188 2434 2387 2499 finibus
2409 2434 2559 2483 urbis.
2604 2428 2698 2482 Ed.
2729 2457 2799 2471 —

1785 2508 1980 2560 Auctor
1988 2514 2249 2575 posuit-sc!
2261 2549 2275 2568 ,
2317 2508 2634 2562 condidisset
2655 2526 2668 2560 :
2691 2527 2799 2560 an·-

1783 2597 1895 2641 clor
1905 2587 2242 2658 plenitudinis
2258 2608 2409 2655 causa
2425 2587 2632 2641 additur
2647 2609 2659 2647 ;
2677 2587 2797 2639 vir-

1784 2665 1931 2735 gilius
1954 2707 1968 2733 ,
2002 2665 2209 2720 AEneid.
2239 2668 2290 2718 V
2307 2705 2322 2731 ,
2356 2687 2440 2736 17,
2466 2667 2794 2719 stawle-

1774 2744 2341 2811 pitcrauctorSpondeat
2351 2761 2370 2807 ,⁰
2382 2742 2654 2809 Phaedrus,
2667 2741 2794 2811 prol.

1791 2839 1806 2869 ι
1830 2859 1845 2886 ,
1862 2823 2082 2889 AEsopus
2095 2832 2274 2874 auctor
2281 2841 2432 2890 quam
2443 2826 2702 2873 materian
2714 2838 2796 2871 rc-

1771 2904 1985 2964 perit.—
1995 2902 2182 2954 Veteris
2203 2905 2320 2964 eoi,
2340 2898 2660 2968 antiquitatis
2675 2938 2689 2964 ,
2710 2897 2792 2950 bi-

1778 2979 1948 3031 storioe
1978 2978 2217 3047 antiquae.
2243 3006 2309 3019 --
2336 2980 2444 3033 Pro
2480 2998 2580 3032 non
2603 2981 2791 3030 tascius

1779 3055 2046 3110 Leidensis
2068 3076 2169 3109 non
2189 3062 2403 3111 νεικείω.

1849 3154 1922 3187 12.
1950 3137 2077 3187 Jove
2096 3144 2248 3188 natus
2261 3176 2276 3197 ,
2321 3135 2601 3200 Hercules,
2634 3136 2787 3186 bubus

1773 3214 1957 3274 Iberis,
1975 3212 2238 3286 Geryonis
2255 3214 2520 3285 Hispania!
2536 3214 2668 3284 regis
2685 3253 2699 3279 ,
2713 3214 2784 3264 di·

1775 3293 2017 3362 res(quia
2027 3293 2219 3346 divitiae
2231 3292 2324 3347 illis
2338 3292 2661 3363 temporibus
2671 3310 2784 3345 cen·

1772 3372 2022 3425 sebantur
2056 3372 2348 3426 numerosis
2379 3372 2681 3442 gregibus),
2720 3374 2787 3422 ab

1759 3453 1982 3504 .0cean0
1996 3493 2009 3513 ‚
2031 3453 2120 3505 ubi
2145 3452 2376 3525 Erythea
2394 3493 2407 3519 ,
2428 3452 2688 3524 Geryonis
2705 3453 2783 3504 in·

1769 3531 1879 3582 sula
1897 3569 1911 3597 ,
1938 3531 2183 3596 veniens,
2219 3531 2438 3584 feliciter
2461 3532 2517 3583 in
2548 3531 2643 3584 illis
2667 3531 2784 3585 locis

1771 3609 2269 3679 adpulit—Lacinia
2280 3614 2442 3662 litora.
2454 3610 2565 3663 Liv.
2580 3611 2679 3663 XX
2688 3610 2704 3663 l
2714 3612 2782 3678 V,

1770 3688 1801 3740 3
1820 3707 1833 3741 :
1856 3708 1882 3733 κ
1906 3687 2008 3741 Sex
2025 3687 2184 3740 millia
2199 3688 2374 3741 aberat
2388 3689 2453 3741 ab
2472 3690 2600 3742 urbe
2625 3688 2781 3757 (Cro-

1772 3785 1799 3811 κ
1826 3763 1985 3824 tone)
2009 3764 2183 3817 nobile
2212 3764 2466 3834 templum
2488 3768 2633 3835 ,ipsa
2652 3764 2777 3817 urbe

1772 3866 1798 3890 υ
1825 3843 2078 3910 nobilius,
2109 3844 2331 3898 Laciniae
2359 3845 2616 3913 Junonis,
2648 3864 2778 3899 san-

1770 3944 1797 3969 2³
1820 3933 1963 3975 ctum
1986 3922 2229 3975 omnibus
2250 3924 2383 3977 circa
2410 3924 2627 3993 populis.
2649 3946 2676 3971 υ
2693 3924 2775 3976 De

1767 4002 2130 4071 promontorio
2152 4003 2366 4058 Laconia
2402 4003 2507 4057 vid.
2543 4005 2741 4059 Plinius
2758 4044 2775 4069 ,

1768 4078 1849 4132 111
1871 4119 1885 4145 ,
1912 4099 1985 4133 10.
2012 4078 2279 4133 Caeterum
2302 4100 2506 4134 summa
2528 4081 2777 4151 religione

1765 4155 1821 4208 in
1845 4156 1953 4210 istis
1976 4158 2080 4211 oris
2112 4159 2365 4214 Hercules
2388 4158 2655 4213 colebatur
2671 4199 2685 4226 ,
2723 4168 2780 4211 et

1765 4236 1930 4288 multa
1941 4236 2056 4305 ejus
2066 4248 2410 4290 monumenta
2424 4236 2777 4290 ostendeban-

1765 4323 1880 4383 tur,
1906 4312 2006 4370 vid.
2029 4313 2187 4368 Diod.
2209 4313 2311 4369 Sic.
2330 4313 2429 4381 IV,
2449 4332 2512 4367 ao
2531 4333 2545 4380 3
2567 4312 2773 4379 strabo,
