3185 5138
641 486 776 554 306

1212 487 1293 551 P.
1357 451 1720 554 ovum
1767 486 2224 555 NAsoms

643 625 847 700 Unde
869 680 888 712 ,
931 654 1020 725 qu
1034 624 1122 697 od
1153 642 1256 699 est
1288 653 1570 725 usquam
1592 680 1614 712 ‚
1646 625 1949 726 quamvis
1976 625 2368 720 regionibus
2399 626 2613 717 absit,

638 739 1035 844 Inspicitur,
1076 756 1514 840 penetratque
1544 767 1736 814 cavas
1766 769 1894 813 vox
1931 741 2151 813 omnis
2180 740 2264 813 ad
2297 768 2508 815 aures.

638 857 843 929 Fama
879 871 1096 941 tenet,
1133 852 1830 953 summaquedomum
1863 852 1994 926 sibi
2024 853 2186 949 legit
2218 853 2290 926 in
2324 882 2518 943 arce;

639 976 1170 1073 Innumerasque
1202 971 1460 1061 aditus,
1494 1000 1570 1045 ac
1604 969 1783 1045 mille
1815 970 2138 1045 foramina
2173 973 2362 1046 tectis

639 1090 959 1179 Addidit,
995 1109 1063 1165 et
1092 1087 1297 1164 nullis
1324 1087 1598 1162 inclusit
1630 1088 1859 1162 limina
1893 1090 2130 1189 portis.
2720 1115 2786 1181 45

640 1208 855 1280 Nocte
893 1203 1130 1305 dieque
1159 1221 1387 1305 patet:
1424 1221 1564 1277 tota
1594 1220 1696 1277 est
1728 1230 1808 1276 ex
1838 1231 1964 1278 aere
1997 1205 2265 1278 sonanti
2292 1233 2308 1289 ;

638 1326 814 1398 Tota
837 1323 1100 1410 fremit,
1135 1349 1464 1422 vocesque
1496 1320 1736 1409 refert,
1773 1321 2099 1422 iteratque
2132 1323 2313 1422 quod
2340 1322 2565 1410 audit;

642 1521 719 1564 tas
737 1509 908 1580 plagas
932 1508 1173 1562 divisum.
1194 1536 1263 1548 —
1293 1510 1496 1575 Triplex·
1512 1528 1669 1560 mun-
1708 1536 1737 1553 ,f
1765 1508 1832 1560 tis
1855 1509 1909 1561 in
1936 1508 2178 1562 confiniis
2202 1510 2467 1563 istise—E!
2482 1513 2636 1563 nullis
2661 1529 2785 1580 pro,

641 1594 753 1652 das,
768 1589 821 1641 id
840 1599 936 1653 est,
955 1597 1198 1640 constans
1215 1586 1380 1639 tribus
1401 1586 1633 1656 partibus
1651 1625 1668 1652 ,

640 1669 746 1721 sive
773 1667 1080 1732 elementis,
1108 1686 1136 1719 e
1159 1665 1426 1735 disciplina
1453 1665 1667 1735 quidem

642 1745 874 1800 Lucretii
900 1784 916 1810 ,
956 1747 1005 1795 V
1030 1783 1046 1809 ,
1088 1747 1155 1816 94
1181 1763 1313 1812 sqq:
1345 1764 1371 1790 ct
1402 1743 1670 1814 Principio

646 1848 673 1875 n
700 1825 866 1878 maria
887 1844 947 1877 ac
972 1836 1136 1877 terras
1162 1824 1453 1892 celumque
1483 1834 1667 1876 tuere:

646 1925 673 1949 ›-
700 1902 918 1955 Horum
951 1912 1197 1955 naturam
1238 1899 1495 1969 triplicem
1515 1938 1531 1965 ‚
1571 1899 1671 1952 tria

645 2003 674 2028 v»
697 1999 916 2050 corpora
945 2018 959 2045 ,
1003 1979 1229 2032 Memmi
1259 2017 1274 2045 ,
1311 1978 1446 2031 Tres
1475 1978 1671 2047 species

646 2080 673 2106 ›-
698 2068 809 2112 tam
825 2057 1118 2122 dissimiles,
1135 2057 1232 2109 tria
1248 2056 1364 2109 talia
1381 2066 1517 2108 texta
1528 2066 1626 2108 ete.
1643 2078 1670 2102 ι·

643 2156 802 2207 quem
835 2137 1008 2190 locum
1043 2134 1249 2188 disertis
1283 2133 1453 2186 verbis
1477 2133 1670 2186 Noster

640 2214 851 2285 respicit
870 2213 1212 2278 11Trist.426
1230 2250 1245 2279 ,
1269 2222 1326 2264 et
1347 2211 1409 2264 ad
1433 2211 1634 2264 Liviam
1651 2250 1667 2277 ,

641 2294 739 2346 362
758 2332 772 2359 ,
796 2292 884 2345 ubi
911 2290 1143 2343 mundus
1164 2293 1346 2356 triplex
1366 2306 1492 2356 opus
1514 2308 1673 2343 voca-

643 2381 746 2424 tur.
785 2369 928 2423 Male
971 2368 1195 2422 Lennius
1229 2378 1453 2432 monet,
1478 2365 1671 2432 fretun

642 2466 755 2501 non
778 2466 886 2501 esse
909 2446 1189 2517 separatim
1206 2443 1550 2513 capiendum,
1575 2442 1671 2497 sed

642 2536 803 2582 terras
821 2524 1108 2595 fretumque
1143 2544 1253 2580 esse
1288 2525 1511 2578 omnino
1549 2535 1669 2578 ter-

644 2625 774 2659 ram.
816 2605 1140 2659 Adversatur
1181 2604 1305 2657 huic
1340 2605 1670 2673 interpreta-

645 2683 775 2737 tioni
797 2682 938 2752 quod
961 2682 1235 2751 subjicitur
1254 2722 1268 2747 ,
1307 2686 1492 2748 triplex
1514 2701 1672 2733 mun-

643 2764 755 2815 dus.
782 2762 846 2814 In
872 2759 1115 2813 confiniis
1137 2768 1277 2811 terre
1302 2769 1355 2812 et
1364 2757 1500 2826 freti
1518 2777 1673 2812 mons

645 2837 913 2891 eminebat
935 2855 1112 2890 versus
1142 2839 1332 2888 colum.
1370 2835 1502 2889 Inde
1534 2854 1672 2904 pro-

644 2922 840 2983 spectat
867 2914 1059 2979 Fama,
1098 2914 1257 2965 etiam
1283 2912 1426 2981 quod
1459 2913 1513 2965 in
1529 2911 1674 2980 freto

647 2992 848 3062 geritur
871 3029 885 3056 ,
913 3011 1044 3045 vers.
1061 2992 1222 3044 62.—-
1242 2995 1483 3058 Quamvis
1508 2996 1675 3059 κείο-

645 3073 794 3124 nibus
814 3073 966 3122 absit.
990 3067 1238 3122 Bartbius
1260 3067 1323 3121 ad
1352 3068 1613 3135 Statium,
1646 3071 1670 3122 1

648 3149 817 3205 Theb.
845 3167 944 3202 noo
963 3187 977 3214 ,
1005 3147 1219 3217 corrigit
1235 3153 1438 3216 quantis
1458 3154 1683 3216 rege'onb·

644 3229 751 3282 bas·
773 3227 973 3283 —Non
1002 3227 1206 3295 ingrata
1225 3226 1312 3278 illa
1334 3224 1636 3279 emendatio
1653 3265 1669 3292 ,

643 3306 735 3362 sed
761 3305 1039 3360 auctoritas
1062 3302 1303 3358 codicum
1333 3303 1491 3356 abest.
1506 3305 1675 3356 Ed.—

643 3388 945 3453 Iaspice'tut,
981 3393 1041 3436 ut
1078 3381 1215 3452 apud
1253 3381 1485 3435 Plinium
1501 3420 1517 3449 ,
1555 3381 1634 3434 Vl
1655 3420 1670 3448 ,

645 3483 726 3533 ep.
750 3463 808 3516 31
834 3501 850 3528 ,
878 3461 1330 3528 Que'djucundt’ns‚
1357 3478 1504 3528 quam
1523 3461 1677 3512 Prin-

644 3548 771 3610 εἰμὴ·
791 3543 1051 3612 justiniam
1065 3582 1077 3594 .
1092 3579 1129 3594 ..
1151 3544 1443 3608 ι’ωρὶωκΐ
1470 3550 1524 3592 et
1556 3540 1672 3593 Pa—

652 3638 837 3692 negyr.
862 3638 972 3687 cap.
1000 3618 1082 3671 83.

710 3700 790 3766 43.
841 3700 1060 3750 Domum
1097 3695 1329 3749 multum
1366 3704 1575 3764 prestat
1608 3705 1673 3766 τῷ

643 3781 835 3840 locum,
865 3777 987 3847 quia
1014 3776 1178 3830 Fama
1193 3774 1311 3829 Dea
1334 3785 1414 3828 est
1432 3812 1447 3841 ,
1472 3775 1587 3840 cui,
1615 3785 1675 3827 ut

645 3857 724 3910 xl
745 3895 761 3922 ,
792 3857 887 3928 593
905 3893 920 3921 ,
950 3855 1156 3909 Somno
1172 3893 1188 3920 ,
1213 3863 1354 3909 recte
1380 3857 1557 3906 domus
1574 3852 1674 3905 tri-

645 3935 843 4002 buitur,
870 3934 1258 4005 quoesoramina
1280 3945 1335 3987 et
1354 3940 1490 3987 atria
1511 3934 1672 3987 etiam

645 4012 802 4068 habet
819 4052 835 4079 ‚
855 4033 986 4067 vers.
1009 4015 1073 4066 53
1098 4017 1294 4068 :locum
1317 4011 1421 4066 huc
1444 4012 1675 4065 transla-

648 4101 762 4144 tum
787 4110 849 4145 ex
880 4092 938 4156 l,
978 4111 1036 4160 ²7
1061 4129 1076 4157 ‚
1105 4091 1194 4145 ubi
1220 4090 1364 4144 idem
1394 4110 1574 4145 versus
1605 4091 1670 4144 de

646 4168 784 4237 igne.
803 4168 881 4221 Ea
899 4168 1089 4222 domus
1106 4179 1220 4221 erat
1237 4188 1433 4221 summa
1453 4174 1506 4222 ia
1522 4188 1662 4232 arce,

647 4244 701 4298 in
720 4245 990 4299 cacumine
1009 4246 1206 4300 montis
1225 4266 1254 4298 e
1284 4256 1425 4299 terra
1447 4265 1673 4315 surgen-

1761 1606 1878 1647 πει,
1902 1591 2000 1639 sed
2014 1607 2113 1639 non
2135 1587 2334 1640 addidit
2356 1591 2786 1657 portam—Inclu-

1762 1671 1839 1719 si!
1858 1685 1955 1735 pro
1976 1666 2208 1736 simplice
2228 1706 2243 1731 ,
2267 1667 2463 1719 clausit.

1832 1744 1912 1808 46.
1937 1745 2037 1795 Es!
2055 1763 2121 1794 cx
2144 1763 2241 1796 ere
2259 1747 2500 1809 sonant1⁰‚·
2524 1742 2595 1797 ita
2617 1742 2787 1813 vulgo.

1766 1821 1870 1872 Es!
1877 1839 1943 1872 ex
1955 1840 2040 1874 ore
2050 1827 2261 1873 sonanti
2269 1839 2366 1889 pro
2379 1860 2393 1885 ,
2414 1831 2492 1874 est
2504 1839 2563 1873 os
2577 1840 2669 1873 son
2678 1840 2787 1887 ans,

1765 1907 1877 1949 tota
1906 1896 2268 1951 indesinenter
2300 1898 2520 1950 blaterat
2539 1937 2554 1962 ,
2593 1897 2786 1950 habent

1766 1995 1874 2029 non
1898 1978 1998 2029 nisi
2020 1976 2129 2030 duo
2146 1977 2293 2031 MSS
2310 1977 2454 2030 unde
2472 2017 2487 2042 ,
2514 1989 2785 2047 postquam

1767 2054 2031 2108 Gruterus
2046 2055 2109 2107 ad
2127 2057 2296 2108 Plaut.
2318 2056 2438 2107 Ant.
2459 2057 2571 2121 111,
2590 2073 2647 2108 vt
2662 2096 2678 2123 ,
2700 2056 2756 2108 18
2771 2096 2787 2122 ,

1768 2132 2079 2199 probaverat
2106 2172 2120 2198 ,
2166 2133 2364 2202 recepit
2407 2133 2747 2185 Burmannus
2768 2173 2786 2202 ‚

1766 2210 1956 2278 partim
1991 2210 2111 2279 quia
2143 2212 2335 2264 rectius
2369 2211 2572 2264 dicatur
2605 2232 2663 2264 os
2691 2232 2789 2264 so·-

1765 2278 1928 2351 nans',
1954 2307 2114 2357 quam
2129 2294 2296 2351 auris,
2327 2288 2517 2359 partim
2535 2292 2657 2359 quia
2667 2290 2791 2343 Vir·

1766 2364 1950 2435 gilius·,
1982 2366 2032 2418 d.
2056 2366 2090 2419 l.
2116 2365 2273 2419 babet
2293 2367 2357 2419 de
2376 2368 2562 2430 Fama,
2588 2371 2789 2421 totidem

1766 2464 1856 2495 ora
1877 2455 2075 2497 sonant.
2101 2445 2506 2513 Exquisitiorem
2527 2446 2668 2507 ,hanc
2688 2447 2790 2501 lec-

1768 2521 1969 2574 tionem
1982 2541 2091 2575 esse
2108 2522 2314 2591 vulgata
2329 2542 2423 2575 ere
2438 2563 2450 2586 ,
2468 2523 2625 2577 etiam
2648 2524 2792 2577 Len-

1768 2600 1876 2652 zius
1899 2598 2126 2667 judicat;
2155 2599 2245 2653 sed
2274 2602 2507 2670 quinque
2531 2601 2675 2655 MSS
2696 2602 2790 2655 ha-

1768 2679 1897 2731 bent
1922 2699 1989 2732 ex·
2013 2700 2134 2734 aure
2159 2720 2173 2743 ,
2217 2680 2360 2749 quod
2401 2682 2648 2751 equidem
2680 2700 2787 2735 non

1764 2757 2056 2827 spreverim
2094 2776 2202 2826 prae
2229 2759 2319 2811 illo
2345 2759 2523 2812 altero.
2547 2761 2791 2829 Namque

1775 2837 2016 2889 1⁰·etiam
2044 2837 2182 2890 auris
2208 2837 2363 2906 plena
2385 2837 2659 2892 sonoribus
2680 2877 2694 2902 ‚
2733 2848 2791 2891 ut

1767 2913 2004 2982 loquitur
2016 2914 2290 2969 Lucretius
2309 2954 2322 2981 ,
2343 2916 2427 2967 vl
2446 2953 2460 2979 ,
2485 2934 2503 2965 1
2518 2915 2626 2979 183,
2644 2925 2788 2967 recte

1767 2990 1869 3044 dici
1887 3001 2058 3060 potest
2074 3012 2291 3046 sonans:
2316 3007 2373 3043 ²0
2393 2993 2497 3059 jam
2514 3009 2670 3059 supra
2689 2990 2789 3044 ad·-

1768 3068 1974 3135 monui,
1996 3071 2250 3125 Nostrum
2268 3070 2317 3122 h.
2335 3069 2367 3121 l.
2384 3087 2567 3139 parum
2585 3089 2788 3139 expres·

1766 3150 1887 3202 sisse
1928 3150 2208 3220 Virgilium
2241 3188 2255 3216 ‚
2304 3148 2576 3218 multoque
2610 3149 2787 3204 minus

1767 3226 2063 3280 credendus
2076 3239 2154 3281 est
2173 3238 2279 3280 tam
2294 3224 2561 3296 pueriliter
2575 3227 2789 3298 vestigia

1767 3304 1901 3358 illius
1923 3315 2132 3360 secutus
2153 3325 2260 3359 esse
2280 3345 2294 3373 ‚
2321 3315 2380 3358 ut
2397 3345 2411 3372 ,
2436 3304 2689 3373 quoniam
2702 3304 2787 3357 ille

1770 3381 2003 3450 dixerat,
2029 3388 2233 3438 totidem
2254 3405 2347 3438 ora
2367 3395 2577 3448 sonant,
2605 3396 2660 3438 et
2681 3385 2788 3453 ipse

1773 3466 1878 3512 oris
1921 3468 2155 3514 sonantis
2202 3464 2532 3515 mentionem
2582 3463 2791 3516 faceret.

1770 3537 1920 3591 Idem
1951 3539 2197 3609 Virgilius
2222 3541 2383 3593 etiam
2404 3544 2613 3594 toteidem
2645 3558 2793 3591 aums

1769 3617 1814 3670 F
1816 3636 1946 3669 amae
1971 3617 2179 3671 tribuit:
2198 3639 2225 3664 κ
2248 3618 2351 3671 Cui
2376 3628 2505 3687 quot
2526 3628 2650 3672 sunt
2673 3636 2795 3670 cor·-

1772 3717 1797 3742 u
1824 3715 1951 3765 pore
1968 3696 2160 3765 plumae
2177 3737 2192 3762 ,
2210 3697 2317 3749 Tot
2339 3696 2516 3766 vigiles
2532 3696 2666 3748 oculi
2679 3695 2795 3748 sub·

1773 3796 1799 3820 n
1826 3786 1908 3827 ter
1926 3815 1940 3842 ,
1967 3775 2204 3829 mirabile
2230 3774 2373 3829 dictu
2395 3814 2409 3841 ,
2438 3774 2761 3844 'l'otlinguae
2778 3812 2794 3838 ,

1771 3874 1797 3899 >⁸
1824 3853 2047 3916 totidem
2081 3873 2172 3906 ora
2211 3864 2403 3907 sonant
2426 3892 2440 3919 ,
2468 3863 2546 3905 tot
2580 3853 2799 3921 subrigit

1772 3955 1798 3978 »o
1824 3952 2006 3994 aurem
2032 3954 2060 3980 υ
2086 3934 2147 3984 3⁰
2171 3934 2233 3986 In
2254 3931 2486 3985 notanda
2505 3931 2601 3985 hac
2622 3932 2798 3984 Famae

1767 4011 2082 4079 loquacitate
2110 4012 2304 4065 Noster
2332 4012 2438 4080 ipse
2460 4049 2474 4076 ,
2503 4011 2660 4062 etiam
2685 4009 2796 4063 sine

1769 4088 1940 4141 verbis
1968 4090 2095 4154 illis,
2127 4089 2192 4142 de
2218 4088 2407 4158 quibus
2431 4089 2682 4157 quaeritur
2699 4126 2713 4151 ,
2739 4087 2795 4137 in

1770 4168 2095 4237 loquacitatis
2125 4170 2462 4239 ineptissimae
2492 4168 2680 4222 vitium
2709 4166 2796 4216 in-

1768 4247 1922 4313 cidit3
1942 4247 2185 4300 eamdem
2202 4249 2345 4301 enim
2367 4268 2481 4300 rem
2500 4247 2564 4299 ad
2583 4244 2793 4298 taedium
