3185 5138
687 555 776 621 60

1255 559 1333 623 P.
1391 557 1746 629 OVIDII
1803 559 2262 632 NASONIS

692 696 1023 769 Stramina
1055 694 1453 788 flavescunt,
1488 699 1938 802 adopertaque
1972 731 2300 778 marmore
2337 703 2570 793 tellus,

693 810 1082 914 Caelataeque
1113 814 1328 902 fores,
1365 835 1722 918 aurataque
1757 835 1927 893 tecta
1959 819 2309 909 videntum

690 927 879 1002 Talia
914 959 1120 1031 quum
1152 930 1420 1032 placido
1451 933 1804 1008 Saturnius
1837 934 2051 1009 edidit
2085 965 2244 1010 ore:

690 1087 735 1118 α
772 1054 1028 1142 Dicite,
1059 1056 1234 1154 juste
1266 1084 1501 1144 senex,
1535 1074 1605 1130 et
1625 1057 1874 1151 ‘femina
1908 1061 2191 1160 conjuge
2220 1064 2404 1162 justo

695 1210 730 1241 »τ
767 1178 1025 1274 Digna,
1060 1179 1225 1279 quid
1260 1179 1528 1280 optetis.
1566 1216 1601 1245 »
1635 1183 1806 1255 Cum
1826 1184 2117 1259 Baucide
2137 1215 2348 1287 pauca
2379 1185 2676 1277 locutus,
2727 1209 2829 1279 705

688 1299 1029 1375 Judicium
1066 1302 1340 1403 Superis
1375 1304 1586 1406 aperit
1619 1334 1966 1381 commune
2004 1307 2401 1382 Philemon:

699 1459 733 1489 «
771 1427 937 1498 Esse
974 1425 1383 1516 sacerdotes,
1418 1426 1829 1531 delubraque
1862 1449 2079 1506 vestra
2112 1432 2287 1506 tueri

700 1580 735 1612 »
774 1548 1162 1638 Poscimus3
1197 1569 1265 1625 et
1298 1553 1615 1652 quoniam
1649 1555 2014 1630 concordes
2049 1556 2304 1653 egimus
2341 1585 2555 1632 annos
2581 1614 2600 1647 ,

703 1703 738 1734 n
777 1670 1052 1746 Auferat
1083 1672 1249 1746 hora
1284 1674 1454 1749 duos
1485 1675 1751 1764 eadem,
1785 1705 1907 1751 nec
1941 1680 2245 1778 conjugis
2279 1709 2578 1781 unquam

704 1827 739 1858 »
776 1795 986 1869 Busta
1018 1823 1177 1870 meae
1211 1796 1465 1871 videam
1480 1828 1503 1897 3
1541 1828 1673 1874 neu
1708 1802 1834 1874 sim
1872 1801 2299 1879 tumulandus
2334 1803 2418 1878 ab
2452 1802 2586 1879 illa.
2618 1837 2653 1870 »
2736 1841 2837 1897 ,ιο

700 1918 877 1989 Vota
905 1916 1069 1991 fides
1106 1919 1409 2021 sequitur
1442 1950 1457 1993 ε
1495 1920 1726 2024 templi
1764 1923 1969 1999 tutela
1999 1902 2221 2014 suere,

700 2041 930 2115 Donec
959 2043 1091 2115 vita
1128 2042 1278 2118 data
1311 2062 1412 2119 est
1440 2076 1455 2119 ε
1485 2047 1678 2123 annis
1709 2077 1983 2151 aevoque
2016 2051 2223 2125 soluti

701 2164 877 2240 Ante
910 2166 1152 2270 gradus
1187 2197 1409 2243 sacros
1448 2199 1655 2272 quum
1690 2190 1944 2249 starent
1972 2175 2143 2250 sorte
2166 2231 2184 2265 ,
2222 2174 2485 2278 locique

700 2371 881 2425 buitur
903 2372 1119 2442 quidem
1119 2374 1301 2444 flavus
1321 2376 1467 2430 color
1482 2387 1537 2433 et
1556 2396 1688 2432 auro
1705 2418 1721 2446 ,

702 2459 761 2502 ut
786 2450 865 2503 lx
883 2489 899 2516 ,
926 2451 1025 2505 688
1043 2491 1060 2517 ,
1086 2453 1141 2506 in
1168 2454 1349 2523 primis
1373 2466 1552 2510 tamen
1576 2466 1723 2510 stra—

702 2529 932 2583 minibus
948 2530 1081 2600 ipsis.
1098 2532 1283 2602 ltaque
1300 2533 1531 2588 hocloco
1546 2555 1574 2588 e
1592 2553 1726 2590 con-

703 2612 904 2678 jectura
943 2611 1250 2682 Caposerrei
1289 2616 1499 2670 mallem
1521 2615 1729 2682 salves-

705 2700 828 2742 cun!
842 2707 860 2754 ,·
884 2709 1011 2743 nam
1040 2693 1150 2744 auri
1161 2693 1318 2760 sulm
1340 2705 1559 2759 natur-23
1586 2694 1727 2749 Plin-

710 2786 908 2834 xxxrv,
937 2791 964 2821 2
988 2790 1028 2823 s.
1052 2773 1099 2824 3.
1134 2772 1241 2825 Sed
1263 2784 1422 2827 restat
1450 2775 1546 2828 alia
1573 2775 1726 2828 diffi-

705 2846 885 2900 cultas.
903 2847 1032 2899 Mox
1050 2867 1228 2902 rursus
1238 2861 1424 2904 aurata
1433 2860 1567 2905 tecta
1578 2870 1727 2906 com-

710 2936 1095 2979 memorantur.
1128 2925 1278 2979 Olim
1306 2927 1418 2982 haec
1444 2929 1602 2982 verba
1626 2930 1727 2983 alio

710 3001 897 3056 ordine
935 3003 1065 3057 lecta
1097 3014 1253 3068 sunt;
1295 3006 1546 3060 Heinsius
1581 3008 1728 3064 enim

712 3081 784 3133 ait
804 3119 819 3146 ,
843 3099 906 3133 ex
926 3079 1029 3134 fide
1047 3081 1369 3151 optimorum
1393 3084 1655 3138 Codicum
1671 3106 1728 3141 se

711 3157 956 3212 ordinem
982 3178 1167 3213 verum
1188 3161 1486 3215 restituisse.
1506 3163 1729 3218 Lenzius

711 3239 873 3309 igitur
910 3258 1021 3293 non
1060 3241 1194 3294 male
1233 3251 1381 3311 putat
1405 3281 1421 3308 ,
1470 3242 1730 3296 Ovidium

712 3317 991 3387 scripsisse,
1014 3319 1569 3388 Strame‘nafhwescunt
1587 3323 1608 3388 (
1617 3321 1730 3389 sul-

716 3398 960 3462 arescunt)
989 3407 1264 3465 aurataque
1295 3407 1429 3450 tecla
1465 3401 1728 3463 vc‘dentur,

718 3477 1010 3545 Celataeque
1017 3474 1166 3544 [σι-ω·
1185 3516 1199 3538 ,
1235 3478 1567 3545 adopertaque
1588 3497 1736 3529 mar-

716 3574 850 3608 more
860 3559 1024 3610 tellus.
1038 3556 1199 3610 Fores
1215 3560 1403 3610 celate
1416 3556 1575 3609 etiam
1588 3557 1644 3611 in
1660 3577 1737 3610 re·

722 3632 803 3700 gia
821 3632 975 3699 Solis,
994 3634 1067 3701 11,
1080 3634 1126 3687 6.
1147 3635 1272 3689 Post
1286 3653 1492 3688 versum
1516 3654 1610 3705 702
1628 3634 1740 3687 Co-

721 3709 821 3764 dex
835 3712 1032 3782 Regius
1044 3714 1091 3765 A
1108 3712 1251 3767 addit
1261 3713 1428 3767 hunc:
1448 3715 1745 3778 Conct‘pe‘unl

723 3793 1016 3859 Baucisque
1036 3811 1210 3859 preces
1234 3796 1533 3861 timidusque
1555 3796 1743 3846 Phile-

723 3889 855 3922 mon.
880 3867 1009 3937 Quo
1023 3888 1176 3922 versu
1190 3889 1313 3923 cum
1328 3869 1599 3938 praceden
1607 3868 1742 3923 tibus

724 3948 998 4016 sequentia
1018 3948 1191 4000 forsan
1221 3947 1409 4000 melius
1443 3948 1744 4016 jungeren-

723 4034 814 4077 tur
837 4045 849 4078 :
866 4025 957 4080 sed
973 4036 1107 4079 esset
1123 4025 1302 4080 vitiosa
1324 4026 1567 4096 repetitio
1582 4047 1597 4092 ;
1614 4044 1745 4080 nam

726 4104 770 4157 is
806 4114 884 4158 est
918 4107 1025 4173 jain
1050 4125 1229 4161 versus
1263 4105 1359 4159 682
1389 4128 1402 4169 ς
1443 4125 1604 4175 quare
1633 4125 1745 4160 non

731 4179 1124 4236 admittendum
1151 4184 1344 4237 censui.
1385 4187 1485 4237 Ed.

799 4262 911 4327 704.
935 4264 1155 4315 Jusle‘lae‘a
1176 4280 1384 4314 summa
1407 4262 1571 4317 virtus
1589 4302 1606 4329 ,
1631 4281 1748 4332 quae

732 4336 958 4407 reliquas
992 4338 1369 4409 complectitur
1395 4358 1596 4395 omnes.
1619 4367 1687 4383 -
1702 4341 1750 4396 E

1819 2380 2056 2451 plurimis
2080 2381 2242 2435 MSS.
2273 2384 2534 2435 Judz’cium
2571 2400 2842 2436 revocan-

1821 2458 1950 2511 dum
1972 2460 2180 2529 putavi,
2206 2459 2348 2528 quod
2377 2458 2629 2513 Ciosanus
2653 2479 2839 2530 pauco·

1819 2555 1942 2590 rum
1966 2537 2271 2591 auctoritate
2290 2577 2306 2605 ,
2331 2556 2442 2590 non
2472 2536 2607 2591 bene
2635 2537 2688 2591 in
2714 2557 2843 2591 con-

1819 2618 1993 2669 siliam
2027 2616 2250 2668 mutavit
2274 2638 2288 2680 ς
2326 2635 2559 2685 namque
2584 2617 2842 2682 judicium

1822 2694 2090 2764 eleganter
2103 2693 2294 2747 dicitur
2310 2693 2451 2763 quod
2468 2694 2728 2759 consulto,
2745 2693 2843 2747 de-

1822 2770 2130 2825 liberatione
2146 2771 2400 2839 instituta,
2414 2772 2488 2825 fit.
2505 2772 2662 2826 Multi
2678 2772 2843 2826 MSS.

1821 2851 2093 2911 inda-ium,
2131 2849 2265 2902 sacili
2295 2850 2456 2919 lapsu.
2485 2877 2550 2892 ·-
2574 2849 2751 2903 Etiam
2787 2849 2844 2901 in

1827 2925 2039 2980 AEneid.
2065 2927 2177 2981 Vll
2195 2966 2209 2992 ,
2235 2928 2331 2994 443
2357 2967 2371 2994 ,
2400 2930 2564 2981 Deum
2583 2926 2774 2998 effigies
2795 2937 2851 2980 et

1820 3009 2007 3072 lempla
2024 3004 2228 3058 luen'de
2245 3004 2437 3058 aedituo
2450 3045 2466 3072 ,
2485 3011 2700 3084 vemaes'pqs.
2719 3006 2844 3060 Non

1822 3094 2008 3152 optant
2020 3084 2092 3137 illi
2105 3103 2228 3153 opes
2245 3084 2544 3150 immensas,
2564 3083 2654 3138 sed
2667 3082 2848 3136 mode·

1823 3171 1935 3213 rata
1947 3162 2068 3215 satis
2081 3202 2096 3228 ,
2112 3181 2173 3215 ex
2191 3163 2381 3231 pietate
2400 3181 2493 3215 sua
2511 3172 2617 3215 tam
2634 3162 2690 3214 in
2701 3161 2846 3214 Deos

1824 3258 1986 3309 quam
1997 3243 2505 3304 mutua—Poscere,
2529 3239 2746 3311 precari.

1904 3337 2016 3388 7¹⁰·
2057 3321 2404 3373 Tumulandns
2424 3360 2439 3383 ,
2477 3317 2807 3390 sepeliendus
2828 3357 2845 3383 ,

1829 3407 1893 3451 ut
1909 3417 2066 3467 supra
2087 3397 2132 3445 V
2143 3398 2213 3452 11.
2229 3398 2380 3468 Saepe
2400 3417 2465 3451 eo
2478 3398 2641 3451 verbo
2656 3399 2849 3451 Noster

1831 3476 2027 3530 utitur:
2062 3494 2186 3530 usus
2220 3496 2286 3529 eo
2322 3486 2400 3531 est
2428 3477 2537 3546 jam
2573 3474 2812 3530 Catullus
2830 3515 2848 3543 ,

1834 3554 2007 3620 LXV,
2038 3554 2146 3606 153.

1904 3653 1960 3700 7¹
1973 3652 2014 3685 ι.
2035 3634 2185 3685 Fides
2200 3636 2432 3701 seqnitur,
2456 3633 2577 3701 quia
2595 3632 2683 3699 fit,
2707 3633 2852 3702 quod

1835 3709 2187 3780 promiserant
2208 3710 2568 3788 Dii—Tadu
2581 3751 2594 3771 ‚
2619 3721 2821 3765 tutores
2834 3751 2853 3778 ,

1839 3788 2093 3842 antistites
2118 3788 2316 3858 templi.
2341 3789 2515 3858 Supra
2533 3827 2547 3855 ,
2575 3788 2693 3856 111,
2719 3789 2815 3857 617
2836 3829 2853 3857 ,

1837 3871 1994 3920 tutela
2004 3869 2421 3934 prora—Saluti,
2453 3866 2859 3920 fracti—Annis

1838 3965 2035 4017 avoque
2047 3965 2170 3999 sane
2192 3946 2380 4000 eodem
2398 3944 2652 4009 redeunt3
2671 3946 2764 4000 sed
2782 3946 2858 3999 nil

1840 4025 2109 4080 lucramur
2125 4064 2139 4091 ,
2163 4025 2206 4080 si
2231 4044 2351 4079 cum
2381 4024 2604 4079 Heinsio
2624 4029 2862 4094 senioque

1842 4103 2166 4172 corrigimus.
2188 4130 2255 4144 —
2286 4104 2490 4155 Gradus
2525 4102 2708 4172 templi
2736 4139 2751 4168 ,
2791 4100 2860 4154 de

1844 4182 2032 4252 quibus
2055 4180 2174 4233 vide
2201 4180 2265 4233 ad
2292 4182 2350 4248 1,
2375 4181 2487 4249 375.
2503 4183 2866 4247 —Inctpcrent

1844 4260 2187 4314 Burmannus
2223 4256 2370 4312 dedit
2400 4277 2431 4312 e
2463 4268 2666 4329 septem
2696 4256 2860 4310 MSS.

1848 4339 2025 4411 Vulgo
2036 4345 2312 4394 narrarent.
2332 4338 2420 4395 sie
2437 4338 2588 4408 Regii
2611 4335 2864 4392 nostri.—
