<?xml version="1.0" encoding="UTF-8"?>
<!DOCTYPE html PUBLIC "-//W3C//DTD XHTML 1.0 Transitional//EN"
    "http://www.w3.org/TR/xhtml1/DTD/xhtml1-transitional.dtd">
<html xmlns="http://www.w3.org/1999/xhtml" xml:lang="en" lang="en">
 <head>
  <title>
</title>
<meta http-equiv="Content-Type" content="text/html;charset=utf-8" />
  <meta name='ocr-system' content='tesseract 3.04.00' />
  <meta name='ocr-capabilities' content='ocr_page ocr_carea ocr_par ocr_line ocrx_word'/>
</head>
<body>
  <div class='ocr_page' id='page_1' title='image "./publiusovidiusn02giergoog_0536.png"; bbox 0 0 3185 5138; ppageno 0'>
   <div class='ocr_carea' id='block_1_1' title="bbox 751 546 2329 632">
    <p class='ocr_par' dir='ltr' id='par_1_1' title="bbox 751 546 2329 632">
     <span class='ocr_line' id='line_1_1' title="bbox 751 546 2329 632; baseline 0.008 -17"><span class='ocrx_word' id='word_1_1' title='bbox 751 546 888 632; x_wconf 75' lang='lat'>524</span> <span class='ocrx_word' id='word_1_2' title='bbox 1289 551 1370 617; x_wconf 88' lang='lat' dir='ltr'>P.</span> <span class='ocrx_word' id='word_1_3' title='bbox 1447 550 1818 622; x_wconf 88' lang='lat' dir='ltr'>OVIDII</span> <span class='ocrx_word' id='word_1_4' title='bbox 1874 552 2329 628; x_wconf 83' lang='lat' dir='ltr'><strong>NASONIS</strong></span> 
     </span>
    </p>
   </div>
   <div class='ocr_carea' id='block_1_2' title="bbox 753 692 2726 1612">
    <p class='ocr_par' dir='ltr' id='par_1_2' title="bbox 754 692 2405 798">
     <span class='ocr_line' id='line_1_2' title="bbox 754 692 2405 798; baseline 0.005 -32"><span class='ocrx_word' id='word_1_5' title='bbox 754 692 1056 792; x_wconf 85' lang='lat' dir='ltr'>Corpora</span> <span class='ocrx_word' id='word_1_6' title='bbox 1091 692 1471 782; x_wconf 78' lang='lat' dir='ltr'><strong>tabuerint,</strong></span> <span class='ocrx_word' id='word_1_7' title='bbox 1503 695 1577 767; x_wconf 90' lang='lat' dir='ltr'>in</span> <span class='ocrx_word' id='word_1_8' title='bbox 1611 723 1814 798; x_wconf 42' lang='lat' dir='ltr'>*parva</span> <span class='ocrx_word' id='word_1_9' title='bbox 1845 694 2168 771; x_wconf 85' lang='lat' dir='ltr'>animalia</span> <span class='ocrx_word' id='word_1_10' title='bbox 2187 699 2405 773; x_wconf 80' lang='lat' dir='ltr'>verti?</span> 
     </span>
    </p>

    <p class='ocr_par' dir='ltr' id='par_1_3' title="bbox 753 806 2726 1484">
     <span class='ocr_line' id='line_1_3' title="bbox 756 806 2347 907; baseline 0.005 -28"><span class='ocrx_word' id='word_1_11' title='bbox 756 806 791 879; x_wconf 90' lang='lat' dir='ltr'>I</span> <span class='ocrx_word' id='word_1_12' title='bbox 828 834 1096 907; x_wconf 90' lang='lat' dir='ltr'>quoque</span> <span class='ocrx_word' id='word_1_13' title='bbox 1117 864 1136 897; x_wconf 92' lang='lat'>,</span> <span class='ocrx_word' id='word_1_14' title='bbox 1168 806 1463 883; x_wconf 86' lang='lat' dir='ltr'>delectos</span> <span class='ocrx_word' id='word_1_15' title='bbox 1492 826 1812 884; x_wconf 86' lang='lat' dir='ltr'>mactatos</span> <span class='ocrx_word' id='word_1_16' title='bbox 1845 810 2056 885; x_wconf 89' lang='lat' dir='ltr'>obrue</span> <span class='ocrx_word' id='word_1_17' title='bbox 2083 828 2347 902; x_wconf 86' lang='lat' dir='ltr'>tauros;</span> 
     </span>
     <span class='ocr_line' id='line_1_4' title="bbox 759 921 2275 1029; baseline 0.006 -34"><span class='ocrx_word' id='word_1_18' title='bbox 759 921 1047 1016; x_wconf 82' lang='lat' dir='ltr'>Cognita</span> <span class='ocrx_word' id='word_1_19' title='bbox 1074 949 1179 997; x_wconf 90' lang='lat' dir='ltr'>res</span> <span class='ocrx_word' id='word_1_20' title='bbox 1212 951 1339 998; x_wconf 87' lang='lat' dir='ltr'>usn</span> <span class='ocrx_word' id='word_1_21' title='bbox 1358 978 1379 1012; x_wconf 88' lang='lat'>,</span> <span class='ocrx_word' id='word_1_22' title='bbox 1417 923 1498 997; x_wconf 88' lang='lat' dir='ltr'>de</span> <span class='ocrx_word' id='word_1_23' title='bbox 1530 925 1716 1025; x_wconf 82' lang='lat' dir='ltr'>putri</span> <span class='ocrx_word' id='word_1_24' title='bbox 1751 926 1993 1014; x_wconf 81' lang='lat' dir='ltr'>yiscere</span> <span class='ocrx_word' id='word_1_25' title='bbox 2025 928 2275 1029; x_wconf 83' lang='lat' dir='ltr'>passim</span> 
     </span>
     <span class='ocr_line' id='line_1_5' title="bbox 754 1036 2554 1146; baseline 0.004 -33"><span class='ocrx_word' id='word_1_26' title='bbox 754 1036 1100 1135; x_wconf 82' lang='lat' dir='ltr'>Florilegae</span> <span class='ocrx_word' id='word_1_27' title='bbox 1129 1058 1493 1115; x_wconf 84' lang='lat' dir='ltr'>nascuntur</span> <span class='ocrx_word' id='word_1_28' title='bbox 1519 1070 1713 1145; x_wconf 76' lang='lat' dir='ltr'>apes„</span> <span class='ocrx_word' id='word_1_29' title='bbox 1752 1072 1896 1145; x_wconf 84' lang='lat' dir='ltr'>quae</span> <span class='ocrx_word' id='word_1_30' title='bbox 1922 1073 2105 1119; x_wconf 90' lang='lat' dir='ltr'>more</span> <span class='ocrx_word' id='word_1_31' title='bbox 2142 1062 2491 1146; x_wconf 87' lang='lat' dir='ltr'>parentum</span> <span class='ocrx_word' id='word_1_32' title='bbox 2546 1053 2554 1062; x_wconf 80' lang='grc'><em>“</em></span> 
     </span>
     <span class='ocr_line' id='line_1_6' title="bbox 753 1152 2726 1265; baseline 0.008 -37"><span class='ocrx_word' id='word_1_33' title='bbox 753 1152 940 1229; x_wconf 84' lang='lat' dir='ltr'>Rura</span> <span class='ocrx_word' id='word_1_34' title='bbox 977 1154 1247 1247; x_wconf 90' lang='lat' dir='ltr'>colunt,</span> <span class='ocrx_word' id='word_1_35' title='bbox 1289 1158 1608 1261; x_wconf 88' lang='lat' dir='ltr'>operique</span> <span class='ocrx_word' id='word_1_36' title='bbox 1637 1159 1895 1248; x_wconf 85' lang='lat' dir='ltr'>favent,</span> <span class='ocrx_word' id='word_1_37' title='bbox 1931 1162 2004 1235; x_wconf 90' lang='lat' dir='ltr'>in</span> <span class='ocrx_word' id='word_1_38' title='bbox 2037 1190 2355 1265; x_wconf 84' lang='lat' dir='ltr'>spemque</span> <span class='ocrx_word' id='word_1_39' title='bbox 2386 1162 2726 1243; x_wconf 75' lang='lat' dir='ltr'>laborant:</span> 
     </span>
     <span class='ocr_line' id='line_1_7' title="bbox 754 1271 2588 1377; baseline 0.008 -33"><span class='ocrx_word' id='word_1_40' title='bbox 754 1272 1034 1346; x_wconf 80' lang='lat' dir='ltr'>Pressas</span> <span class='ocrx_word' id='word_1_41' title='bbox 1069 1272 1275 1347; x_wconf 90' lang='lat' dir='ltr'>humo</span> <span class='ocrx_word' id='word_1_42' title='bbox 1308 1271 1596 1349; x_wconf 83' lang='lat' dir='ltr'><strong>bellator</strong></span> <span class='ocrx_word' id='word_1_43' title='bbox 1626 1302 1835 1377; x_wconf 81' lang='lat' dir='ltr'>equus</span> <span class='ocrx_word' id='word_1_44' title='bbox 1869 1278 2216 1353; x_wconf 85' lang='lat' dir='ltr'>crabronis</span> <span class='ocrx_word' id='word_1_45' title='bbox 2249 1279 2438 1377; x_wconf 84' lang='lat' dir='ltr'>origo</span> <span class='ocrx_word' id='word_1_46' title='bbox 2471 1299 2588 1357; x_wconf 85' lang='lat' dir='ltr'>est.</span> 
     </span>
     <span class='ocr_line' id='line_1_8' title="bbox 756 1387 2287 1484; baseline 0.006 -25"><span class='ocrx_word' id='word_1_47' title='bbox 756 1387 1062 1462; x_wconf 83' lang='lat' dir='ltr'>Concava</span> <span class='ocrx_word' id='word_1_48' title='bbox 1094 1387 1336 1463; x_wconf 88' lang='lat' dir='ltr'>litoreo</span> <span class='ocrx_word' id='word_1_49' title='bbox 1370 1391 1429 1464; x_wconf 90' lang='lat' dir='ltr'>si</span> <span class='ocrx_word' id='word_1_50' title='bbox 1464 1390 1685 1466; x_wconf 86' lang='lat' dir='ltr'>demas</span> <span class='ocrx_word' id='word_1_51' title='bbox 1715 1393 1985 1468; x_wconf 91' lang='lat' dir='ltr'>brachia</span> <span class='ocrx_word' id='word_1_52' title='bbox 2011 1421 2246 1468; x_wconf 88' lang='lat' dir='ltr'>cancro</span> <span class='ocrx_word' id='word_1_53' title='bbox 2267 1451 2287 1484; x_wconf 93' lang='lat'>,</span> 
     </span>
    </p>

    <p class='ocr_par' dir='ltr' id='par_1_4' title="bbox 757 1502 2271 1612">
     <span class='ocr_line' id='line_1_9' title="bbox 757 1502 2271 1612; baseline 0.007 -36"><span class='ocrx_word' id='word_1_54' title='bbox 757 1502 1008 1578; x_wconf 79' lang='lat' dir='ltr'>Caetera</span> <span class='ocrx_word' id='word_1_55' title='bbox 1040 1533 1379 1607; x_wconf 87' lang='lat' dir='ltr'>supponas</span> <span class='ocrx_word' id='word_1_56' title='bbox 1415 1524 1639 1597; x_wconf 80' lang='lat' dir='ltr'>terrae,</span> <span class='ocrx_word' id='word_1_57' title='bbox 1677 1507 1759 1582; x_wconf 92' lang='lat' dir='ltr'>de</span> <span class='ocrx_word' id='word_1_58' title='bbox 1789 1527 1979 1609; x_wconf 87' lang='lat' dir='ltr'>parte</span> <span class='ocrx_word' id='word_1_59' title='bbox 2010 1509 2271 1612; x_wconf 87' lang='lat' dir='ltr'>sepulta</span> 
     </span>
    </p>
   </div>
   <div class='ocr_carea' id='block_1_3' title="bbox 750 1619 2362 2076">
    <p class='ocr_par' dir='ltr' id='par_1_5' title="bbox 750 1619 2362 2076">
     <span class='ocr_line' id='line_1_10' title="bbox 750 1619 2362 1726; baseline 0.007 -34"><span class='ocrx_word' id='word_1_60' title='bbox 750 1619 1070 1720; x_wconf 84' lang='lat' dir='ltr'>Scorpius</span> <span class='ocrx_word' id='word_1_61' title='bbox 1108 1623 1353 1712; x_wconf 83' lang='lat' dir='ltr'>exibit,</span> <span class='ocrx_word' id='word_1_62' title='bbox 1393 1625 1731 1726; x_wconf 90' lang='lat' dir='ltr'>caudaque</span> <span class='ocrx_word' id='word_1_63' title='bbox 1764 1626 2129 1703; x_wconf 80' lang='lat' dir='ltr'>minabitur</span> <span class='ocrx_word' id='word_1_64' title='bbox 2159 1657 2362 1704; x_wconf 87' lang='lat' dir='ltr'>unca:</span> 
     </span>
     <span class='ocr_line' id='line_1_11' title="bbox 752 1734 2349 1837; baseline 0.01 -30"><span class='ocrx_word' id='word_1_65' title='bbox 752 1734 1054 1836; x_wconf 83' lang='lat' dir='ltr'>Quaeque</span> <span class='ocrx_word' id='word_1_66' title='bbox 1090 1738 1308 1814; x_wconf 80' lang='lat' dir='ltr'>solent</span> <span class='ocrx_word' id='word_1_67' title='bbox 1342 1741 1523 1815; x_wconf 85' lang='lat' dir='ltr'>canis</span> <span class='ocrx_word' id='word_1_68' title='bbox 1551 1741 1821 1818; x_wconf 83' lang='lat' dir='ltr'>frondes</span> <span class='ocrx_word' id='word_1_69' title='bbox 1855 1745 2147 1821; x_wconf 88' lang='lat' dir='ltr'>intexere</span> <span class='ocrx_word' id='word_1_70' title='bbox 2176 1745 2308 1822; x_wconf 77' lang='lat' dir='ltr'>filis</span> <span class='ocrx_word' id='word_1_71' title='bbox 2330 1803 2349 1837; x_wconf 93' lang='lat'>,</span> 
     </span>
     <span class='ocr_line' id='line_1_12' title="bbox 750 1851 2155 1954; baseline 0.01 -30"><span class='ocrx_word' id='word_1_72' title='bbox 750 1851 1064 1947; x_wconf 84' lang='lat' dir='ltr'>Agrestes</span> <span class='ocrx_word' id='word_1_73' title='bbox 1094 1854 1320 1946; x_wconf 81' lang='lat' dir='ltr'>tineae,</span> <span class='ocrx_word' id='word_1_74' title='bbox 1345 1884 1451 1931; x_wconf 87' lang='lat' dir='ltr'>res</span> <span class='ocrx_word' id='word_1_75' title='bbox 1488 1857 1831 1935; x_wconf 86' lang='lat' dir='ltr'>observata</span> <span class='ocrx_word' id='word_1_76' title='bbox 1863 1861 2155 1954; x_wconf 92' lang='lat' dir='ltr'>colonis,</span> 
     </span>
     <span class='ocr_line' id='line_1_13' title="bbox 750 1965 2140 2076; baseline 0.01 -36"><span class='ocrx_word' id='word_1_77' title='bbox 750 1966 808 2040; x_wconf 83' lang='lat' dir='ltr'><strong>F</strong></span> <span class='ocrx_word' id='word_1_78' title='bbox 806 1965 963 2041; x_wconf 87' lang='lat' dir='ltr'>erali</span> <span class='ocrx_word' id='word_1_79' title='bbox 993 1986 1254 2044; x_wconf 88' lang='lat' dir='ltr'>mutant</span> <span class='ocrx_word' id='word_1_80' title='bbox 1288 2000 1439 2045; x_wconf 88' lang='lat' dir='ltr'>cum</span> <span class='ocrx_word' id='word_1_81' title='bbox 1471 1974 1808 2076; x_wconf 84' lang='lat' dir='ltr'>papilione</span> <span class='ocrx_word' id='word_1_82' title='bbox 1841 1976 2140 2075; x_wconf 83' lang='lat' dir='ltr'>figuram.</span> 
     </span>
    </p>
   </div>
   <div class='ocr_carea' id='block_1_4' title="bbox 753 2084 2416 2192">
    <p class='ocr_par' dir='ltr' id='par_1_6' title="bbox 753 2084 2416 2192">
     <span class='ocr_line' id='line_1_14' title="bbox 753 2084 2416 2192; baseline 0.01 -34"><span class='ocrx_word' id='word_1_83' title='bbox 753 2084 1018 2163; x_wconf 84' lang='lat' dir='ltr'>Semina</span> <span class='ocrx_word' id='word_1_84' title='bbox 1046 2087 1243 2165; x_wconf 89' lang='lat' dir='ltr'>limus</span> <span class='ocrx_word' id='word_1_85' title='bbox 1273 2091 1475 2166; x_wconf 85' lang='lat' dir='ltr'>habet</span> <span class='ocrx_word' id='word_1_86' title='bbox 1504 2091 1746 2170; x_wconf 86' lang='lat' dir='ltr'>virides</span> <span class='ocrx_word' id='word_1_87' title='bbox 1775 2096 2151 2192; x_wconf 82' lang='lat' dir='ltr'>generantia</span> <span class='ocrx_word' id='word_1_88' title='bbox 2179 2087 2416 2188; x_wconf 78' lang='lat' dir='ltr'>ranas,</span> 
     </span>
    </p>
   </div>
   <div class='ocr_carea' id='block_1_5' title="bbox 2789 2123 2892 2196">
    <p class='ocr_par' dir='ltr' id='par_1_7' title="bbox 2789 2123 2892 2196">
     <span class='ocr_line' id='line_1_15' title="bbox 2789 2123 2892 2196; baseline 0 -20"><span class='ocrx_word' id='word_1_89' title='bbox 2789 2123 2892 2196; x_wconf 78' lang='lat'>³7⁵</span> 
     </span>
    </p>
   </div>
   <div class='ocr_carea' id='block_1_6' title="bbox 750 2202 2497 2316">
    <p class='ocr_par' dir='ltr' id='par_1_8' title="bbox 750 2202 2497 2316">
     <span class='ocr_line' id='line_1_16' title="bbox 750 2202 2497 2316; baseline 0.01 -42"><span class='ocrx_word' id='word_1_90' title='bbox 750 2202 845 2274; x_wconf 92' lang='lat' dir='ltr'>Et</span> <span class='ocrx_word' id='word_1_91' title='bbox 874 2223 1143 2299; x_wconf 83' lang='lat' dir='ltr'>generat</span> <span class='ocrx_word' id='word_1_92' title='bbox 1177 2222 1442 2282; x_wconf 86' lang='lat' dir='ltr'>truncas</span> <span class='ocrx_word' id='word_1_93' title='bbox 1471 2208 1802 2310; x_wconf 83' lang='lat' dir='ltr'>pedibns;</span> <span class='ocrx_word' id='word_1_94' title='bbox 1836 2242 1994 2288; x_wconf 87' lang='lat' dir='ltr'>mox</span> <span class='ocrx_word' id='word_1_95' title='bbox 2026 2231 2179 2316; x_wconf 87' lang='lat' dir='ltr'>apta</span> <span class='ocrx_word' id='word_1_96' title='bbox 2207 2213 2497 2290; x_wconf 83' lang='lat' dir='ltr'>natando</span> 
     </span>
    </p>
   </div>
   <div class='ocr_carea' id='block_1_7' title="bbox 733 2364 1774 4081">
    <p class='ocr_par' dir='ltr' id='par_1_9' title="bbox 733 2364 1774 4081">
     <span class='ocr_line' id='line_1_17' title="bbox 747 2364 1773 2435; baseline 0.011 -18"><span class='ocrx_word' id='word_1_97' title='bbox 747 2364 845 2417; x_wconf 83' lang='lat' dir='ltr'>bus</span> <span class='ocrx_word' id='word_1_98' title='bbox 860 2365 1196 2422; x_wconf 83' lang='lat' dir='ltr'>cadaveribus</span> <span class='ocrx_word' id='word_1_99' title='bbox 1207 2389 1373 2435; x_wconf 71' lang='lat' dir='ltr'>parva</span> <span class='ocrx_word' id='word_1_100' title='bbox 1390 2376 1661 2435; x_wconf 72' lang='lat' dir='ltr'>animalia,</span> <span class='ocrx_word' id='word_1_101' title='bbox 1690 2374 1773 2428; x_wconf 88' lang='lat' dir='ltr'>in-</span> 
     </span>
     <span class='ocr_line' id='line_1_18' title="bbox 748 2444 1773 2512; baseline 0.01 -18"><span class='ocrx_word' id='word_1_102' title='bbox 748 2451 886 2495; x_wconf 83' lang='lat' dir='ltr'>secta</span> <span class='ocrx_word' id='word_1_103' title='bbox 899 2481 914 2508; x_wconf 92' lang='lat'>,</span> <span class='ocrx_word' id='word_1_104' title='bbox 930 2444 1185 2512; x_wconf 76' lang='lat' dir='ltr'>generari.</span> <span class='ocrx_word' id='word_1_105' title='bbox 1202 2446 1346 2500; x_wconf 88' lang='lat' dir='ltr'>Hinc</span> <span class='ocrx_word' id='word_1_106' title='bbox 1359 2448 1517 2502; x_wconf 87' lang='lat' dir='ltr'>etiam</span> <span class='ocrx_word' id='word_1_107' title='bbox 1530 2447 1773 2504; x_wconf 81' lang='lat' dir='ltr'>fluxitilla</span> 
     </span>
     <span class='ocr_line' id='line_1_19' title="bbox 748 2519 1773 2593; baseline 0.013 -22"><span class='ocrx_word' id='word_1_108' title='bbox 748 2519 930 2591; x_wconf 87' lang='lat' dir='ltr'>opinio</span> <span class='ocrx_word' id='word_1_109' title='bbox 947 2561 962 2588; x_wconf 94' lang='lat'>,</span> <span class='ocrx_word' id='word_1_110' title='bbox 999 2541 1146 2593; x_wconf 86' lang='lat' dir='ltr'>posse</span> <span class='ocrx_word' id='word_1_111' title='bbox 1176 2543 1206 2578; x_wconf 92' lang='lat' dir='ltr'>e</span> <span class='ocrx_word' id='word_1_112' title='bbox 1231 2533 1468 2582; x_wconf 63' lang='lat' dir='ltr'>mactans</span> <span class='ocrx_word' id='word_1_113' title='bbox 1500 2538 1552 2583; x_wconf 78' lang='lat' dir='ltr'>et</span> <span class='ocrx_word' id='word_1_114' title='bbox 1582 2533 1773 2584; x_wconf 77' lang='lat' dir='ltr'>obrutis</span> 
     </span>
     <span class='ocr_line' id='line_1_20' title="bbox 745 2604 1769 2677; baseline 0.011 -27"><span class='ocrx_word' id='word_1_115' title='bbox 745 2604 908 2653; x_wconf 70' lang='lat' dir='ltr'>tauris</span> <span class='ocrx_word' id='word_1_116' title='bbox 929 2620 1065 2655; x_wconf 80' lang='lat' dir='ltr'>nova</span> <span class='ocrx_word' id='word_1_117' title='bbox 1088 2622 1249 2672; x_wconf 88' lang='lat' dir='ltr'>apum</span> <span class='ocrx_word' id='word_1_118' title='bbox 1273 2606 1510 2659; x_wconf 82' lang='lat' dir='ltr'>examina</span> <span class='ocrx_word' id='word_1_119' title='bbox 1533 2607 1769 2677; x_wconf 81' lang='lat' dir='ltr'>excludi,</span> 
     </span>
     <span class='ocr_line' id='line_1_21' title="bbox 748 2674 1771 2753; baseline 0.013 -27"><span class='ocrx_word' id='word_1_120' title='bbox 748 2674 816 2728; x_wconf 91' lang='lat' dir='ltr'>de</span> <span class='ocrx_word' id='word_1_121' title='bbox 840 2695 944 2745; x_wconf 87' lang='lat' dir='ltr'>qua</span> <span class='ocrx_word' id='word_1_122' title='bbox 968 2677 1085 2732; x_wconf 86' lang='lat' dir='ltr'>vide</span> <span class='ocrx_word' id='word_1_123' title='bbox 1109 2680 1255 2751; x_wconf 77' lang='lat' dir='ltr'>virg.</span> <span class='ocrx_word' id='word_1_124' title='bbox 1284 2681 1478 2753; x_wconf 75' lang='lat' dir='ltr'>Geor-g.</span> <span class='ocrx_word' id='word_1_125' title='bbox 1505 2683 1606 2751; x_wconf 89' lang='lat' dir='ltr'>IV,</span> <span class='ocrx_word' id='word_1_126' title='bbox 1635 2687 1771 2739; x_wconf 81' lang='lat'>281-</span> 
     </span>
     <span class='ocr_line' id='line_1_22' title="bbox 748 2755 1772 2830; baseline 0.01 -24"><span class='ocrx_word' id='word_1_127' title='bbox 748 2755 846 2821; x_wconf 75' lang='lat'>314</span> <span class='ocrx_word' id='word_1_128' title='bbox 866 2794 881 2822; x_wconf 91' lang='lat'>,</span> <span class='ocrx_word' id='word_1_129' title='bbox 905 2757 999 2810; x_wconf 88' lang='lat' dir='ltr'>ubi</span> <span class='ocrx_word' id='word_1_130' title='bbox 1020 2757 1240 2813; x_wconf 84' lang='lat' dir='ltr'>docetur</span> <span class='ocrx_word' id='word_1_131' title='bbox 1256 2800 1271 2827; x_wconf 93' lang='lat'>,</span> <span class='ocrx_word' id='word_1_132' title='bbox 1295 2761 1563 2830; x_wconf 86' lang='lat' dir='ltr'>quomodo</span> <span class='ocrx_word' id='word_1_133' title='bbox 1584 2781 1668 2816; x_wconf 88' lang='lat' dir='ltr'>res</span> <span class='ocrx_word' id='word_1_134' title='bbox 1687 2763 1772 2817; x_wconf 86' lang='lat' dir='ltr'>in-</span> 
     </span>
     <span class='ocr_line' id='line_1_23' title="bbox 744 2832 1769 2913; baseline 0.012 -27"><span class='ocrx_word' id='word_1_135' title='bbox 744 2832 1010 2890; x_wconf 82' lang='lat' dir='ltr'>stituenda</span> <span class='ocrx_word' id='word_1_136' title='bbox 1025 2839 1092 2891; x_wconf 83' lang='lat' dir='ltr'>sit</span> <span class='ocrx_word' id='word_1_137' title='bbox 1108 2861 1122 2901; x_wconf 72' lang='grc' dir='ltr'>ς</span> <span class='ocrx_word' id='word_1_138' title='bbox 1136 2839 1278 2894; x_wconf 77' lang='lat' dir='ltr'>conf.</span> <span class='ocrx_word' id='word_1_139' title='bbox 1295 2840 1456 2895; x_wconf 79' lang='lat' dir='ltr'>etiam</span> <span class='ocrx_word' id='word_1_140' title='bbox 1471 2843 1495 2895; x_wconf 89' lang='lat'>1</span> <span class='ocrx_word' id='word_1_141' title='bbox 1511 2842 1769 2913; x_wconf 53' lang='lat' dir='ltr'>Fal-377·</span> 
     </span>
     <span class='ocr_line' id='line_1_24' title="bbox 745 2912 1774 2989; baseline 0.01 -23"><span class='ocrx_word' id='word_1_142' title='bbox 745 2912 855 2967; x_wconf 86' lang='lat' dir='ltr'>Sed</span> <span class='ocrx_word' id='word_1_143' title='bbox 881 2934 1011 2968; x_wconf 77' lang='lat' dir='ltr'>vers.</span> <span class='ocrx_word' id='word_1_144' title='bbox 1036 2917 1134 2983; x_wconf 77' lang='lat'>364</span> <span class='ocrx_word' id='word_1_145' title='bbox 1152 2958 1167 2981; x_wconf 90' lang='lat'>,</span> <span class='ocrx_word' id='word_1_146' title='bbox 1195 2917 1505 2989; x_wconf 83' lang='lat' dir='ltr'>depravatus</span> <span class='ocrx_word' id='word_1_147' title='bbox 1538 2933 1652 2988; x_wconf 82' lang='lat' dir='ltr'>est;</span> <span class='ocrx_word' id='word_1_148' title='bbox 1683 2923 1774 2976; x_wconf 83' lang='lat' dir='ltr'>cui</span> 
     </span>
     <span class='ocr_line' id='line_1_25' title="bbox 745 2992 1773 3061; baseline 0.015 -18"><span class='ocrx_word' id='word_1_149' title='bbox 745 3011 774 3044; x_wconf 88' lang='lat' dir='ltr'>e</span> <span class='ocrx_word' id='word_1_150' title='bbox 780 2992 890 3045; x_wconf 84' lang='lat' dir='ltr'>nim</span> <span class='ocrx_word' id='word_1_151' title='bbox 901 2993 1096 3061; x_wconf 83' lang='lat' dir='ltr'>placeat</span> <span class='ocrx_word' id='word_1_152' title='bbox 1106 3000 1580 3054; x_wconf 75' lang='lat' dir='ltr'>delectosmoctalos</span> <span class='ocrx_word' id='word_1_153' title='bbox 1589 3005 1773 3058; x_wconf 74' lang='lat' dir='ltr'>obrue?</span> 
     </span>
     <span class='ocr_line' id='line_1_26' title="bbox 745 3068 1772 3140; baseline 0.011 -19"><span class='ocrx_word' id='word_1_154' title='bbox 745 3068 893 3122; x_wconf 85' lang='lat' dir='ltr'>MSS</span> <span class='ocrx_word' id='word_1_155' title='bbox 910 3069 1057 3125; x_wconf 88' lang='lat' dir='ltr'>valde</span> <span class='ocrx_word' id='word_1_156' title='bbox 1072 3074 1306 3140; x_wconf 80' lang='lat' dir='ltr'>variant,</span> <span class='ocrx_word' id='word_1_157' title='bbox 1332 3076 1423 3132; x_wconf 85' lang='lat' dir='ltr'>sed</span> <span class='ocrx_word' id='word_1_158' title='bbox 1448 3079 1580 3132; x_wconf 81' lang='lat' dir='ltr'>nihil</span> <span class='ocrx_word' id='word_1_159' title='bbox 1598 3078 1772 3132; x_wconf 83' lang='lat' dir='ltr'>auxilii</span> 
     </span>
     <span class='ocr_line' id='line_1_27' title="bbox 743 3148 1772 3224; baseline 0.011 -22"><span class='ocrx_word' id='word_1_160' title='bbox 743 3148 942 3205; x_wconf 74' lang='lat' dir='ltr'>serunt.</span> <span class='ocrx_word' id='word_1_161' title='bbox 959 3152 1144 3222; x_wconf 87' lang='lat' dir='ltr'>Itaque</span> <span class='ocrx_word' id='word_1_162' title='bbox 1164 3155 1480 3224; x_wconf 79' lang='lat' dir='ltr'>coniecturis</span> <span class='ocrx_word' id='word_1_163' title='bbox 1496 3158 1670 3212; x_wconf 86' lang='lat' dir='ltr'>Iocum</span> <span class='ocrx_word' id='word_1_164' title='bbox 1686 3178 1772 3212; x_wconf 84' lang='lat' dir='ltr'>sa·-</span> 
     </span>
     <span class='ocr_line' id='line_1_28' title="bbox 743 3230 1768 3303; baseline 0.01 -21"><span class='ocrx_word' id='word_1_165' title='bbox 743 3246 873 3284; x_wconf 83' lang='lat' dir='ltr'>nare</span> <span class='ocrx_word' id='word_1_166' title='bbox 890 3230 1063 3284; x_wconf 84' lang='lat' dir='ltr'>conati</span> <span class='ocrx_word' id='word_1_167' title='bbox 1076 3243 1201 3286; x_wconf 88' lang='lat' dir='ltr'>sunt</span> <span class='ocrx_word' id='word_1_168' title='bbox 1220 3233 1532 3303; x_wconf 83' lang='lat' dir='ltr'>interpretes</span> <span class='ocrx_word' id='word_1_169' title='bbox 1549 3253 1562 3287; x_wconf 71' lang='grc' dir='ltr'><strong>ι</strong></span> <span class='ocrx_word' id='word_1_170' title='bbox 1582 3236 1768 3292; x_wconf 77' lang='lat' dir='ltr'>Heius.</span> 
     </span>
     <span class='ocr_line' id='line_1_29' title="bbox 743 3306 1764 3383; baseline 0.009 -24"><span class='ocrx_word' id='word_1_171' title='bbox 743 3306 928 3361; x_wconf 79' lang='lat' dir='ltr'>suadet</span> <span class='ocrx_word' id='word_1_172' title='bbox 942 3347 957 3373; x_wconf 87' lang='lat'>,</span> <span class='ocrx_word' id='word_1_173' title='bbox 979 3311 1195 3364; x_wconf 80' lang='lat' dir='ltr'>Iscmbe</span> <span class='ocrx_word' id='word_1_174' title='bbox 1208 3313 1399 3365; x_wconf 81' lang='lat' dir='ltr'>delecto</span> <span class='ocrx_word' id='word_1_175' title='bbox 1410 3311 1526 3383; x_wconf 80' lang='lat' dir='ltr'>(vel</span> <span class='ocrx_word' id='word_1_176' title='bbox 1540 3316 1764 3383; x_wconf 75' lang='lat' dir='ltr'>delecta)</span> 
     </span>
     <span class='ocr_line' id='line_1_30' title="bbox 741 3389 1767 3456; baseline 0.009 -19"><span class='ocrx_word' id='word_1_177' title='bbox 741 3396 994 3441; x_wconf 78' lang='lat' dir='ltr'>mactatos</span> <span class='ocrx_word' id='word_1_178' title='bbox 1016 3397 1113 3442; x_wconf 88' lang='lat' dir='ltr'>etc.</span> <span class='ocrx_word' id='word_1_179' title='bbox 1136 3398 1227 3442; x_wconf 83' lang='lat' dir='ltr'>aut</span> <span class='ocrx_word' id='word_1_180' title='bbox 1249 3389 1408 3443; x_wconf 74' lang='lat' dir='ltr'>etiam</span> <span class='ocrx_word' id='word_1_181' title='bbox 1429 3429 1445 3456; x_wconf 90' lang='lat'>,</span> <span class='ocrx_word' id='word_1_182' title='bbox 1477 3395 1653 3445; x_wconf 82' lang='lat' dir='ltr'>scrobe</span> <span class='ocrx_word' id='word_1_183' title='bbox 1673 3396 1767 3446; x_wconf 84' lang='lat' dir='ltr'>de-</span> 
     </span>
     <span class='ocr_line' id='line_1_31' title="bbox 733 3465 1768 3538; baseline 0.009 -22"><span class='ocrx_word' id='word_1_184' title='bbox 733 3483 912 3533; x_wconf 73' lang='lat' dir='ltr'>presso</span> <span class='ocrx_word' id='word_1_185' title='bbox 921 3465 1002 3520; x_wconf 85' lang='lat' dir='ltr'>vel</span> <span class='ocrx_word' id='word_1_186' title='bbox 1014 3471 1189 3522; x_wconf 84' lang='lat' dir='ltr'>scrobe</span> <span class='ocrx_word' id='word_1_187' title='bbox 1199 3473 1384 3538; x_wconf 75' lang='lat' dir='ltr'>repleto</span> <span class='ocrx_word' id='word_1_188' title='bbox 1397 3487 1415 3535; x_wconf 92' lang='lat'>‚·</span> <span class='ocrx_word' id='word_1_189' title='bbox 1426 3470 1471 3523; x_wconf 90' lang='lat' dir='ltr'>B</span> <span class='ocrx_word' id='word_1_190' title='bbox 1478 3490 1701 3525; x_wconf 87' lang='lat' dir='ltr'>urmanu</span> <span class='ocrx_word' id='word_1_191' title='bbox 1708 3491 1768 3525; x_wconf 84' lang='lat' dir='ltr'>us</span> 
     </span>
     <span class='ocr_line' id='line_1_32' title="bbox 742 3544 1768 3619; baseline 0.01 -23"><span class='ocrx_word' id='word_1_192' title='bbox 742 3563 869 3597; x_wconf 81' lang='lat' dir='ltr'>vero</span> <span class='ocrx_word' id='word_1_193' title='bbox 898 3544 1055 3614; x_wconf 78' lang='lat' dir='ltr'>legit,</span> <span class='ocrx_word' id='word_1_194' title='bbox 1089 3550 1124 3599; x_wconf 92' lang='lat'><em>1</em></span> <span class='ocrx_word' id='word_1_195' title='bbox 1140 3552 1314 3602; x_wconf 79' lang='lat' dir='ltr'>scrobe</span> <span class='ocrx_word' id='word_1_196' title='bbox 1334 3555 1427 3604; x_wconf 78' lang='lat' dir='ltr'>sub</span> <span class='ocrx_word' id='word_1_197' title='bbox 1452 3560 1589 3605; x_wconf 79' lang='lat' dir='ltr'>tecla</span> <span class='ocrx_word' id='word_1_198' title='bbox 1617 3552 1768 3619; x_wconf 81' lang='lat' dir='ltr'>deje-</span> 
     </span>
     <span class='ocr_line' id='line_1_33' title="bbox 742 3625 1770 3699; baseline 0.007 -23"><span class='ocrx_word' id='word_1_199' title='bbox 742 3632 853 3677; x_wconf 75' lang='lat' dir='ltr'>ctos</span> <span class='ocrx_word' id='word_1_200' title='bbox 871 3634 967 3680; x_wconf 87' lang='lat' dir='ltr'>etc.</span> <span class='ocrx_word' id='word_1_201' title='bbox 991 3625 1212 3681; x_wconf 80' lang='lat' dir='ltr'>Lenzius</span> <span class='ocrx_word' id='word_1_202' title='bbox 1226 3628 1437 3695; x_wconf 81' lang='lat' dir='ltr'>suadet,</span> <span class='ocrx_word' id='word_1_203' title='bbox 1462 3632 1503 3682; x_wconf 92' lang='lat' dir='ltr'>I</span> <span class='ocrx_word' id='word_1_204' title='bbox 1505 3672 1518 3691; x_wconf 83' lang='lat'>,</span> <span class='ocrx_word' id='word_1_205' title='bbox 1536 3651 1662 3699; x_wconf 82' lang='lat' dir='ltr'>cape</span> <span class='ocrx_word' id='word_1_206' title='bbox 1677 3634 1770 3684; x_wconf 83' lang='lat' dir='ltr'>de-</span> 
     </span>
     <span class='ocr_line' id='line_1_34' title="bbox 742 3704 1767 3774; baseline 0.008 -21"><span class='ocrx_word' id='word_1_207' title='bbox 742 3704 902 3755; x_wconf 80' lang='lat' dir='ltr'>lectos</span> <span class='ocrx_word' id='word_1_208' title='bbox 915 3742 929 3764; x_wconf 90' lang='lat'><strong><em>‚</em></strong></span> <span class='ocrx_word' id='word_1_209' title='bbox 963 3714 1305 3774; x_wconf 61' lang='lat' dir='ltr'>macidosque</span> <span class='ocrx_word' id='word_1_210' title='bbox 1327 3717 1425 3760; x_wconf 83' lang='lat' dir='ltr'>etc.</span> <span class='ocrx_word' id='word_1_211' title='bbox 1459 3710 1583 3763; x_wconf 88' lang='lat' dir='ltr'>Nou</span> <span class='ocrx_word' id='word_1_212' title='bbox 1614 3710 1767 3764; x_wconf 85' lang='lat' dir='ltr'>male.</span> 
     </span>
     <span class='ocr_line' id='line_1_35' title="bbox 740 3784 1768 3859; baseline 0.01 -25"><span class='ocrx_word' id='word_1_213' title='bbox 740 3810 808 3823; x_wconf 91' lang='lat'>—-</span> <span class='ocrx_word' id='word_1_214' title='bbox 831 3784 939 3836; x_wconf 89' lang='lat' dir='ltr'>Pro</span> <span class='ocrx_word' id='word_1_215' title='bbox 956 3788 1201 3853; x_wconf 68' lang='lat' dir='ltr'>fiore‘legae</span> <span class='ocrx_word' id='word_1_216' title='bbox 1237 3785 1387 3841; x_wconf 84' lang='lat' dir='ltr'>multi</span> <span class='ocrx_word' id='word_1_217' title='bbox 1413 3827 1427 3854; x_wconf 96' lang='lat'>,</span> <span class='ocrx_word' id='word_1_218' title='bbox 1463 3789 1605 3844; x_wconf 87' lang='lat' dir='ltr'>inter</span> <span class='ocrx_word' id='word_1_219' title='bbox 1636 3810 1768 3859; x_wconf 88' lang='lat' dir='ltr'>quos</span> 
     </span>
     <span class='ocr_line' id='line_1_36' title="bbox 744 3862 1767 3935; baseline 0.008 -19"><span class='ocrx_word' id='word_1_220' title='bbox 744 3862 940 3932; x_wconf 68' lang='lat' dir='ltr'>Regius</span> <span class='ocrx_word' id='word_1_221' title='bbox 966 3874 1147 3918; x_wconf 83' lang='lat' dir='ltr'>noster</span> <span class='ocrx_word' id='word_1_222' title='bbox 1174 3866 1219 3919; x_wconf 91' lang='lat' dir='ltr'>B</span> <span class='ocrx_word' id='word_1_223' title='bbox 1237 3905 1251 3931; x_wconf 96' lang='lat'>,</span> <span class='ocrx_word' id='word_1_224' title='bbox 1274 3870 1560 3935; x_wconf 38' lang='lat' dir='ltr'>florigera&amp;</span> <span class='ocrx_word' id='word_1_225' title='bbox 1589 3868 1680 3923; x_wconf 79' lang='lat' dir='ltr'>sed</span> <span class='ocrx_word' id='word_1_226' title='bbox 1705 3889 1767 3923; x_wconf 82' lang='lat' dir='ltr'>ea</span> 
     </span>
     <span class='ocr_line' id='line_1_37' title="bbox 739 3940 1757 4012; baseline 0.008 -17"><span class='ocrx_word' id='word_1_227' title='bbox 739 3940 894 3997; x_wconf 85' lang='lat' dir='ltr'>lectio</span> <span class='ocrx_word' id='word_1_228' title='bbox 919 3962 1027 3996; x_wconf 88' lang='lat' dir='ltr'>non</span> <span class='ocrx_word' id='word_1_229' title='bbox 1054 3943 1233 4012; x_wconf 76' lang='lat' dir='ltr'>placet.</span> <span class='ocrx_word' id='word_1_230' title='bbox 1251 3948 1354 3999; x_wconf 78' lang='lat' dir='ltr'>Ed.</span> <span class='ocrx_word' id='word_1_231' title='bbox 1372 3973 1439 3985; x_wconf 97' lang='lat'>—</span> <span class='ocrx_word' id='word_1_232' title='bbox 1456 3950 1726 4002; x_wconf 79' lang='lat' dir='ltr'>Parentum</span> <span class='ocrx_word' id='word_1_233' title='bbox 1743 3989 1757 4010; x_wconf 86' lang='lat'>‚</span> 
     </span>
     <span class='ocr_line' id='line_1_38' title="bbox 742 4021 1768 4081; baseline 0.008 -8"><span class='ocrx_word' id='word_1_234' title='bbox 742 4030 1033 4076; x_wconf 84' lang='lat' dir='ltr'>taurorum.</span> <span class='ocrx_word' id='word_1_235' title='bbox 1056 4022 1162 4076; x_wconf 89' lang='lat' dir='ltr'>Sed</span> <span class='ocrx_word' id='word_1_236' title='bbox 1196 4021 1347 4077; x_wconf 85' lang='lat' dir='ltr'>aliter</span> <span class='ocrx_word' id='word_1_237' title='bbox 1376 4027 1510 4078; x_wconf 88' lang='lat' dir='ltr'>tauri</span> <span class='ocrx_word' id='word_1_238' title='bbox 1534 4046 1653 4080; x_wconf 79' lang='lat' dir='ltr'>rura</span> <span class='ocrx_word' id='word_1_239' title='bbox 1676 4045 1768 4081; x_wconf 86' lang='lat' dir='ltr'>co-</span> 
     </span>
    </p>
   </div>
   <div class='ocr_carea' id='block_1_8' title="bbox 740 4102 1769 4317">
    <p class='ocr_par' dir='ltr' id='par_1_10' title="bbox 740 4102 1769 4317">
     <span class='ocr_line' id='line_1_39' title="bbox 740 4102 1733 4177; baseline 0.007 -24"><span class='ocrx_word' id='word_1_240' title='bbox 740 4104 883 4165; x_wconf 79' lang='lat' dir='ltr'>lunt,</span> <span class='ocrx_word' id='word_1_241' title='bbox 910 4102 1060 4158; x_wconf 84' lang='lat' dir='ltr'>aliter</span> <span class='ocrx_word' id='word_1_242' title='bbox 1085 4123 1209 4174; x_wconf 75' lang='lat' dir='ltr'>apes</span> <span class='ocrx_word' id='word_1_243' title='bbox 1227 4104 1337 4158; x_wconf 88' lang='lat' dir='ltr'>ruri</span> <span class='ocrx_word' id='word_1_244' title='bbox 1360 4104 1518 4162; x_wconf 80' lang='lat' dir='ltr'>flores</span> <span class='ocrx_word' id='word_1_245' title='bbox 1537 4106 1733 4177; x_wconf 82' lang='lat' dir='ltr'>legunt.</span> 
     </span>
     <span class='ocr_line' id='line_1_40' title="bbox 807 4180 1768 4238; baseline 0.003 -4"><span class='ocrx_word' id='word_1_246' title='bbox 807 4180 921 4234; x_wconf 81' lang='lat'><strong>363.</strong></span> <span class='ocrx_word' id='word_1_247' title='bbox 945 4184 1157 4235; x_wconf 75' lang='lat' dir='ltr'>Pressas</span> <span class='ocrx_word' id='word_1_248' title='bbox 1174 4185 1323 4237; x_wconf 73' lang='lat' dir='ltr'>bum</span> <span class='ocrx_word' id='word_1_249' title='bbox 1336 4185 1549 4237; x_wconf 81' lang='lat' dir='ltr'>bellator</span> <span class='ocrx_word' id='word_1_250' title='bbox 1558 4195 1656 4238; x_wconf 85' lang='lat' dir='ltr'>etc.</span> <span class='ocrx_word' id='word_1_251' title='bbox 1668 4183 1768 4237; x_wconf 89' lang='lat' dir='ltr'>Ni-</span> 
     </span>
     <span class='ocr_line' id='line_1_41' title="bbox 744 4253 1769 4317; baseline 0.008 -9"><span class='ocrx_word' id='word_1_252' title='bbox 744 4253 939 4309; x_wconf 85' lang='lat' dir='ltr'>cander</span> <span class='ocrx_word' id='word_1_253' title='bbox 963 4258 1019 4311; x_wconf 88' lang='lat' dir='ltr'>in</span> <span class='ocrx_word' id='word_1_254' title='bbox 1040 4259 1280 4315; x_wconf 85' lang='lat' dir='ltr'>Theriac.</span> <span class='ocrx_word' id='word_1_255' title='bbox 1306 4280 1438 4316; x_wconf 84' lang='lat' dir='ltr'>vers.</span> <span class='ocrx_word' id='word_1_256' title='bbox 1470 4263 1561 4316; x_wconf 82' lang='lat'>133</span> <span class='ocrx_word' id='word_1_257' title='bbox 1592 4282 1607 4316; x_wconf 69' lang='grc' dir='ltr'><strong><em>τ</em></strong></span> <span class='ocrx_word' id='word_1_258' title='bbox 1641 4269 1769 4317; x_wconf 65' lang='grc' dir='ltr'><strong><em>ἵπποι</em></strong></span> 
     </span>
    </p>
   </div>
   <div class='ocr_carea' id='block_1_9' title="bbox 749 4341 1764 4414">
    <p class='ocr_par' dir='ltr' id='par_1_11' title="bbox 749 4341 1764 4414">
     <span class='ocr_line' id='line_1_42' title="bbox 749 4341 1764 4414; baseline 0.01 -25"><span class='ocrx_word' id='word_1_259' title='bbox 749 4341 805 4401; x_wconf 64' lang='lat'>&#39;⁸²3</span> <span class='ocrx_word' id='word_1_260' title='bbox 834 4346 1014 4404; x_wconf 60' lang='grc' dir='ltr'>σῃκῶν</span> <span class='ocrx_word' id='word_1_261' title='bbox 1033 4342 1211 4407; x_wconf 69' lang='grc' dir='ltr'>γένεσις</span> <span class='ocrx_word' id='word_1_262' title='bbox 1229 4376 1246 4409; x_wconf 72' lang='lat'>,</span> <span class='ocrx_word' id='word_1_263' title='bbox 1272 4350 1427 4414; x_wconf 68' lang='grc' dir='ltr'><strong><em>ταῦροι</em></strong></span> <span class='ocrx_word' id='word_1_264' title='bbox 1449 4346 1498 4397; x_wconf 69' lang='grc' dir='ltr'>δι’</span> <span class='ocrx_word' id='word_1_265' title='bbox 1519 4348 1764 4410; x_wconf 72' lang='grc' dir='ltr'><strong>μελισσῶν.</strong></span> 
     </span>
    </p>
   </div>
   <div class='ocr_carea' id='block_1_10' title="bbox 1859 2374 2886 4319">
    <p class='ocr_par' dir='ltr' id='par_1_12' title="bbox 1865 2374 2886 2839">
     <span class='ocr_line' id='line_1_43' title="bbox 1869 2374 2886 2448; baseline 0.006 -17"><span class='ocrx_word' id='word_1_266' title='bbox 1869 2374 2047 2433; x_wconf 83' lang='lat' dir='ltr'>Etiam</span> <span class='ocrx_word' id='word_1_267' title='bbox 2083 2378 2282 2434; x_wconf 80' lang='lat' dir='ltr'>Plinius</span> <span class='ocrx_word' id='word_1_268' title='bbox 2301 2419 2316 2447; x_wconf 91' lang='lat'>,</span> <span class='ocrx_word' id='word_1_269' title='bbox 2345 2381 2429 2435; x_wconf 82' lang='lat' dir='ltr'>XI</span> <span class='ocrx_word' id='word_1_270' title='bbox 2450 2418 2466 2447; x_wconf 91' lang='lat'>,</span> <span class='ocrx_word' id='word_1_271' title='bbox 2503 2396 2569 2433; x_wconf 63' lang='grc' dir='ltr'>πο</span> <span class='ocrx_word' id='word_1_272' title='bbox 2591 2418 2606 2446; x_wconf 84' lang='grc'><strong>,</strong></span> <span class='ocrx_word' id='word_1_273' title='bbox 2633 2379 2824 2448; x_wconf 82' lang='lat' dir='ltr'>tradit,</span> <span class='ocrx_word' id='word_1_274' title='bbox 2852 2400 2886 2437; x_wconf 79' lang='grc' dir='ltr'><strong>ο</strong></span> 
     </span>
     <span class='ocr_line' id='line_1_44' title="bbox 1866 2457 2885 2530; baseline 0.005 -19"><span class='ocrx_word' id='word_1_275' title='bbox 1866 2459 2212 2527; x_wconf 82' lang='lat' dir='ltr'>iuvencorum</span> <span class='ocrx_word' id='word_1_276' title='bbox 2224 2476 2444 2529; x_wconf 67' lang='lat' dir='ltr'>corpote</span> <span class='ocrx_word' id='word_1_277' title='bbox 2456 2457 2752 2513; x_wconf 85' lang='lat' dir='ltr'>exanimato</span> <span class='ocrx_word' id='word_1_278' title='bbox 2766 2481 2885 2530; x_wconf 74' lang='lat' dir='ltr'>apes</span> 
     </span>
     <span class='ocr_line' id='line_1_45' title="bbox 1867 2535 2885 2609; baseline 0.003 -19"><span class='ocrx_word' id='word_1_279' title='bbox 1867 2535 2007 2591; x_wconf 79' lang='lat' dir='ltr'>nasci</span> <span class='ocrx_word' id='word_1_280' title='bbox 2025 2576 2040 2604; x_wconf 93' lang='lat'>,</span> <span class='ocrx_word' id='word_1_281' title='bbox 2075 2536 2208 2591; x_wconf 84' lang='lat' dir='ltr'>sicut</span> <span class='ocrx_word' id='word_1_282' title='bbox 2230 2554 2491 2607; x_wconf 89' lang='lat' dir='ltr'>equorum</span> <span class='ocrx_word' id='word_1_283' title='bbox 2516 2556 2696 2607; x_wconf 75' lang='lat' dir='ltr'>vespas</span> <span class='ocrx_word' id='word_1_284' title='bbox 2728 2549 2885 2609; x_wconf 86' lang='lat' dir='ltr'>atque</span> 
     </span>
     <span class='ocr_line' id='line_1_46' title="bbox 1867 2615 2886 2682; baseline 0.003 -14"><span class='ocrx_word' id='word_1_285' title='bbox 1867 2615 2148 2669; x_wconf 83' lang='lat' dir='ltr'>crabrones</span> <span class='ocrx_word' id='word_1_286' title='bbox 2165 2654 2182 2682; x_wconf 95' lang='lat'>,</span> <span class='ocrx_word' id='word_1_287' title='bbox 2216 2625 2274 2668; x_wconf 82' lang='lat' dir='ltr'>et</span> <span class='ocrx_word' id='word_1_288' title='bbox 2293 2615 2562 2669; x_wconf 83' lang='lat' dir='ltr'>asinorum</span> <span class='ocrx_word' id='word_1_289' title='bbox 2591 2618 2886 2671; x_wconf 63' lang='lat' dir='ltr'>scarabaos.</span> 
     </span>
     <span class='ocr_line' id='line_1_47' title="bbox 1866 2693 2886 2765; baseline 0.004 -22"><span class='ocrx_word' id='word_1_290' title='bbox 1866 2718 1934 2732; x_wconf 90' lang='lat'><em>-</em></span> <span class='ocrx_word' id='word_1_291' title='bbox 1946 2693 2178 2746; x_wconf 79' lang='lat' dir='ltr'>Bellator</span> <span class='ocrx_word' id='word_1_292' title='bbox 2194 2711 2346 2762; x_wconf 74' lang='lat' dir='ltr'>equus</span> <span class='ocrx_word' id='word_1_293' title='bbox 2365 2711 2396 2748; x_wconf 90' lang='lat' dir='ltr'>e</span> <span class='ocrx_word' id='word_1_294' title='bbox 2419 2693 2644 2763; x_wconf 77' lang='lat' dir='ltr'>Virgilio</span> <span class='ocrx_word' id='word_1_295' title='bbox 2658 2733 2673 2762; x_wconf 89' lang='lat'>,</span> <span class='ocrx_word' id='word_1_296' title='bbox 2693 2693 2886 2765; x_wconf 77' lang='lat' dir='ltr'>Georg.</span> 
     </span>
     <span class='ocr_line' id='line_1_48' title="bbox 1865 2769 2099 2839; baseline -0.009 -14"><span class='ocrx_word' id='word_1_297' title='bbox 1865 2769 1924 2825; x_wconf 77' lang='grc' dir='ltr'>ΙΙ</span> <span class='ocrx_word' id='word_1_298' title='bbox 1941 2810 1957 2838; x_wconf 87' lang='grc'><em>,</em></span> <span class='ocrx_word' id='word_1_299' title='bbox 1992 2772 2099 2839; x_wconf 66' lang='grc' dir='ltr'>ιᾼῖ.</span> 
     </span>
    </p>

    <p class='ocr_par' dir='ltr' id='par_1_13' title="bbox 1865 2851 2884 3005">
     <span class='ocr_line' id='line_1_49' title="bbox 1931 2851 2882 2924; baseline 0.001 -18"><span class='ocrx_word' id='word_1_300' title='bbox 1931 2851 2045 2924; x_wconf 80' lang='grc'><strong>369.</strong></span> <span class='ocrx_word' id='word_1_301' title='bbox 2071 2852 2302 2906; x_wconf 74' lang='lat' dir='ltr'>litoreus</span> <span class='ocrx_word' id='word_1_302' title='bbox 2322 2872 2529 2916; x_wconf 78' lang='lat' dir='ltr'>cancer,</span> <span class='ocrx_word' id='word_1_303' title='bbox 2559 2863 2618 2908; x_wconf 85' lang='lat' dir='ltr'>ut</span> <span class='ocrx_word' id='word_1_304' title='bbox 2645 2854 2695 2907; x_wconf 81' lang='grc' dir='ltr'>Χ</span> <span class='ocrx_word' id='word_1_305' title='bbox 2715 2894 2730 2920; x_wconf 87' lang='grc'><em>,</em></span> <span class='ocrx_word' id='word_1_306' title='bbox 2764 2874 2850 2922; x_wconf 81' lang='lat'>¹²7</span> <span class='ocrx_word' id='word_1_307' title='bbox 2864 2895 2882 2921; x_wconf 91' lang='lat'>,</span> 
     </span>
     <span class='ocr_line' id='line_1_50' title="bbox 1865 2930 2884 3005; baseline 0.005 -23"><span class='ocrx_word' id='word_1_308' title='bbox 1865 2933 2034 2982; x_wconf 76' lang='lat' dir='ltr'>cauda</span> <span class='ocrx_word' id='word_1_309' title='bbox 2047 2949 2179 2983; x_wconf 74' lang='lat' dir='ltr'>unca</span> <span class='ocrx_word' id='word_1_310' title='bbox 2189 2935 2435 2994; x_wconf 57' lang='lat' dir='ltr'>nebulum·</span> <span class='ocrx_word' id='word_1_311' title='bbox 2451 2930 2572 2985; x_wconf 85' lang='lat' dir='ltr'>vide</span> <span class='ocrx_word' id='word_1_312' title='bbox 2586 2931 2650 2986; x_wconf 87' lang='lat' dir='ltr'>ad</span> <span class='ocrx_word' id='word_1_313' title='bbox 2672 2934 2724 2986; x_wconf 91' lang='lat'>11</span> <span class='ocrx_word' id='word_1_314' title='bbox 2742 2973 2756 2999; x_wconf 95' lang='lat'>,</span> <span class='ocrx_word' id='word_1_315' title='bbox 2781 2952 2884 3005; x_wconf 73' lang='lat'>¹99·</span> 
     </span>
    </p>

    <p class='ocr_par' dir='ltr' id='par_1_14' title="bbox 1859 3008 2885 4083">
     <span class='ocr_line' id='line_1_51' title="bbox 1930 3008 2884 3077; baseline 0.004 -17"><span class='ocrx_word' id='word_1_316' title='bbox 1930 3008 2043 3077; x_wconf 81' lang='lat'><strong><em>374.</em></strong></span> <span class='ocrx_word' id='word_1_317' title='bbox 2075 3011 2253 3062; x_wconf 79' lang='lat' dir='ltr'>Femle‘</span> <span class='ocrx_word' id='word_1_318' title='bbox 2278 3020 2375 3062; x_wconf 83' lang='lat' dir='ltr'>etc.</span> <span class='ocrx_word' id='word_1_319' title='bbox 2407 3008 2553 3063; x_wconf 89' lang='lat' dir='ltr'>Male</span> <span class='ocrx_word' id='word_1_320' title='bbox 2585 3022 2768 3063; x_wconf 81' lang='lat' dir='ltr'>auctor</span> <span class='ocrx_word' id='word_1_321' title='bbox 2798 3031 2884 3064; x_wconf 87' lang='lat' dir='ltr'>ar-</span> 
     </span>
     <span class='ocr_line' id='line_1_52' title="bbox 1866 3085 2885 3160; baseline 0.005 -23"><span class='ocrx_word' id='word_1_322' title='bbox 1866 3097 2242 3156; x_wconf 77' lang='lat' dir='ltr'>gumentorum</span> <span class='ocrx_word' id='word_1_323' title='bbox 2264 3086 2348 3140; x_wconf 87' lang='lat' dir='ltr'>bic</span> <span class='ocrx_word' id='word_1_324' title='bbox 2361 3085 2427 3140; x_wconf 86' lang='lat' dir='ltr'>de</span> <span class='ocrx_word' id='word_1_325' title='bbox 2437 3086 2779 3160; x_wconf 84' lang='lat' dir='ltr'>bombycibus</span> <span class='ocrx_word' id='word_1_326' title='bbox 2792 3107 2885 3142; x_wconf 88' lang='lat' dir='ltr'>co-</span> 
     </span>
     <span class='ocr_line' id='line_1_53' title="bbox 1866 3164 2876 3237; baseline 0.004 -20"><span class='ocrx_word' id='word_1_327' title='bbox 1866 3164 2058 3235; x_wconf 68' lang='lat' dir='ltr'>gitavit</span> <span class='ocrx_word' id='word_1_328' title='bbox 2075 3168 2251 3221; x_wconf 87' lang='lat' dir='ltr'>Immo</span> <span class='ocrx_word' id='word_1_329' title='bbox 2267 3167 2633 3237; x_wconf 75' lang='lat' dir='ltr'>intelliguntur</span> <span class='ocrx_word' id='word_1_330' title='bbox 2654 3167 2844 3221; x_wconf 83' lang='lat' dir='ltr'>insecta</span> <span class='ocrx_word' id='word_1_331' title='bbox 2859 3188 2876 3230; x_wconf 68' lang='grc' dir='ltr'>ς</span> 
     </span>
     <span class='ocr_line' id='line_1_54' title="bbox 1864 3244 2882 3314; baseline -0.001 -17"><span class='ocrx_word' id='word_1_332' title='bbox 1864 3262 1982 3313; x_wconf 75' lang='lat' dir='ltr'>quae</span> <span class='ocrx_word' id='word_1_333' title='bbox 1997 3244 2202 3298; x_wconf 88' lang='lat' dir='ltr'>Linneo</span> <span class='ocrx_word' id='word_1_334' title='bbox 2218 3244 2465 3314; x_wconf 77' lang='lat' dir='ltr'>phalaenae</span> <span class='ocrx_word' id='word_1_335' title='bbox 2483 3245 2790 3298; x_wconf 71' lang='lat' dir='ltr'>lucernariae</span> <span class='ocrx_word' id='word_1_336' title='bbox 2802 3244 2882 3297; x_wconf 87' lang='lat' dir='ltr'>di-</span> 
     </span>
     <span class='ocr_line' id='line_1_55' title="bbox 1862 3321 2880 3391; baseline -0.002 -16"><span class='ocrx_word' id='word_1_337' title='bbox 1862 3330 2070 3375; x_wconf 86' lang='lat' dir='ltr'>cuntur.</span> <span class='ocrx_word' id='word_1_338' title='bbox 2090 3321 2225 3376; x_wconf 88' lang='lat' dir='ltr'>Plin.</span> <span class='ocrx_word' id='word_1_339' title='bbox 2243 3322 2491 3377; x_wconf 82' lang='lat' dir='ltr'>XXVIII</span> <span class='ocrx_word' id='word_1_340' title='bbox 2508 3361 2523 3389; x_wconf 91' lang='lat'>,</span> <span class='ocrx_word' id='word_1_341' title='bbox 2556 3341 2646 3375; x_wconf 82' lang='lat'>10:</span> <span class='ocrx_word' id='word_1_342' title='bbox 2672 3345 2698 3369; x_wconf 73' lang='grc' dir='ltr'>«ι</span> <span class='ocrx_word' id='word_1_343' title='bbox 2726 3321 2880 3391; x_wconf 84' lang='lat' dir='ltr'>Papi-</span> 
     </span>
     <span class='ocr_line' id='line_1_56' title="bbox 1862 3397 2876 3470; baseline 0.003 -19"><span class='ocrx_word' id='word_1_344' title='bbox 1862 3419 1891 3446; x_wconf 81' lang='lat'><strong>»</strong></span> <span class='ocrx_word' id='word_1_345' title='bbox 1916 3397 1987 3451; x_wconf 92' lang='lat' dir='ltr'>lio</span> <span class='ocrx_word' id='word_1_346' title='bbox 2011 3418 2219 3470; x_wconf 86' lang='lat' dir='ltr'>quoque</span> <span class='ocrx_word' id='word_1_347' title='bbox 2241 3398 2579 3454; x_wconf 84' lang='lat' dir='ltr'>lucernarum</span> <span class='ocrx_word' id='word_1_348' title='bbox 2600 3400 2876 3454; x_wconf 81' lang='lat' dir='ltr'>luminibus</span> 
     </span>
     <span class='ocr_line' id='line_1_57' title="bbox 1865 3474 2877 3533; baseline 0.002 -4"><span class='ocrx_word' id='word_1_349' title='bbox 1865 3497 1893 3524; x_wconf 75' lang='grc' dir='ltr'>ιι</span> <span class='ocrx_word' id='word_1_350' title='bbox 1920 3474 2164 3531; x_wconf 80' lang='lat' dir='ltr'>advolans</span> <span class='ocrx_word' id='word_1_351' title='bbox 2187 3479 2328 3532; x_wconf 80' lang='lat' dir='ltr'>inter</span> <span class='ocrx_word' id='word_1_352' title='bbox 2341 3478 2476 3532; x_wconf 87' lang='lat' dir='ltr'>mala</span> <span class='ocrx_word' id='word_1_353' title='bbox 2495 3478 2877 3533; x_wconf 78' lang='lat' dir='ltr'>medicamenta</span> 
     </span>
     <span class='ocr_line' id='line_1_58' title="bbox 1864 3555 2878 3626; baseline -0.001 -17"><span class='ocrx_word' id='word_1_354' title='bbox 1864 3576 1893 3602; x_wconf 66' lang='grc' dir='ltr'><strong>υ</strong></span> <span class='ocrx_word' id='word_1_355' title='bbox 1918 3566 2244 3613; x_wconf 79' lang='lat' dir='ltr'>numeratur.</span> <span class='ocrx_word' id='word_1_356' title='bbox 2282 3579 2309 3603; x_wconf 65' lang='grc' dir='ltr'><strong>υ</strong></span> <span class='ocrx_word' id='word_1_357' title='bbox 2349 3557 2494 3611; x_wconf 87' lang='lat' dir='ltr'>Hinc</span> <span class='ocrx_word' id='word_1_358' title='bbox 2518 3555 2710 3626; x_wconf 70' lang='lat' dir='ltr'>stralis</span> <span class='ocrx_word' id='word_1_359' title='bbox 2732 3596 2748 3619; x_wconf 90' lang='lat'>,</span> <span class='ocrx_word' id='word_1_360' title='bbox 2779 3556 2878 3609; x_wconf 85' lang='lat' dir='ltr'>fu-</span> 
     </span>
     <span class='ocr_line' id='line_1_59' title="bbox 1863 3633 2878 3701; baseline 0 -14"><span class='ocrx_word' id='word_1_361' title='bbox 1863 3645 2041 3689; x_wconf 84' lang='lat' dir='ltr'>nestus</span> <span class='ocrx_word' id='word_1_362' title='bbox 2055 3674 2071 3701; x_wconf 89' lang='lat'>,</span> <span class='ocrx_word' id='word_1_363' title='bbox 2096 3633 2218 3687; x_wconf 88' lang='lat' dir='ltr'>mali</span> <span class='ocrx_word' id='word_1_364' title='bbox 2235 3635 2439 3689; x_wconf 86' lang='lat' dir='ltr'>ominis.</span> <span class='ocrx_word' id='word_1_365' title='bbox 2462 3635 2590 3690; x_wconf 87' lang='lat' dir='ltr'>Sine</span> <span class='ocrx_word' id='word_1_366' title='bbox 2608 3634 2769 3687; x_wconf 89' lang='lat' dir='ltr'>dubio</span> <span class='ocrx_word' id='word_1_367' title='bbox 2781 3633 2831 3687; x_wconf 87' lang='lat' dir='ltr'>b.</span> <span class='ocrx_word' id='word_1_368' title='bbox 2845 3633 2878 3687; x_wconf 87' lang='lat' dir='ltr'>l.</span> 
     </span>
     <span class='ocr_line' id='line_1_60' title="bbox 1862 3714 2877 3784; baseline -0.002 -17"><span class='ocrx_word' id='word_1_369' title='bbox 1862 3714 2086 3784; x_wconf 84' lang='lat' dir='ltr'>respexit</span> <span class='ocrx_word' id='word_1_370' title='bbox 2111 3714 2346 3768; x_wconf 85' lang='lat' dir='ltr'>Lactant.</span> <span class='ocrx_word' id='word_1_371' title='bbox 2369 3715 2424 3767; x_wconf 88' lang='lat' dir='ltr'>in</span> <span class='ocrx_word' id='word_1_372' title='bbox 2454 3714 2639 3768; x_wconf 79' lang='lat' dir='ltr'>Phoen.</span> <span class='ocrx_word' id='word_1_373' title='bbox 2663 3734 2733 3767; x_wconf 80' lang='lat' dir='ltr'>vs.</span> <span class='ocrx_word' id='word_1_374' title='bbox 2755 3731 2877 3783; x_wconf 83' lang='lat'>107:</span> 
     </span>
     <span class='ocr_line' id='line_1_61' title="bbox 1861 3793 2881 3862; baseline -0.004 -17"><span class='ocrx_word' id='word_1_375' title='bbox 1861 3793 1948 3845; x_wconf 82' lang='lat' dir='ltr'>Ac</span> <span class='ocrx_word' id='word_1_376' title='bbox 1957 3796 2098 3845; x_wconf 75' lang='lat' dir='ltr'>velut</span> <span class='ocrx_word' id='word_1_377' title='bbox 2113 3803 2334 3861; x_wconf 68' lang='lat' dir='ltr'>agrestes</span> <span class='ocrx_word' id='word_1_378' title='bbox 2345 3832 2358 3851; x_wconf 90' lang='lat'>‚</span> <span class='ocrx_word' id='word_1_379' title='bbox 2397 3812 2544 3860; x_wconf 71' lang='lat' dir='ltr'>quum</span> <span class='ocrx_word' id='word_1_380' title='bbox 2546 3796 2649 3862; x_wconf 83' lang='lat' dir='ltr'>filo</span> <span class='ocrx_word' id='word_1_381' title='bbox 2664 3793 2738 3844; x_wconf 80' lang='lat' dir='ltr'>ad</span> <span class='ocrx_word' id='word_1_382' title='bbox 2744 3809 2881 3843; x_wconf 72' lang='lat' dir='ltr'>sata</span> 
     </span>
     <span class='ocr_line' id='line_1_62' title="bbox 1865 3872 2880 3943; baseline -0.001 -16"><span class='ocrx_word' id='word_1_383' title='bbox 1865 3872 2150 3943; x_wconf 83' lang='lat' dir='ltr'>(Thomas.</span> <span class='ocrx_word' id='word_1_384' title='bbox 2167 3873 2315 3928; x_wconf 84' lang='lat' dir='ltr'>malit</span> <span class='ocrx_word' id='word_1_385' title='bbox 2332 3873 2493 3939; x_wconf 73' lang='lat' dir='ltr'>tata)</span> <span class='ocrx_word' id='word_1_386' title='bbox 2512 3884 2748 3936; x_wconf 70' lang='lat' dir='ltr'>tenentur,</span> <span class='ocrx_word' id='word_1_387' title='bbox 2771 3874 2880 3926; x_wconf 69' lang='lat' dir='ltr'>Hu-</span> 
     </span>
     <span class='ocr_line' id='line_1_63' title="bbox 1859 3949 2881 4019; baseline 0 -15"><span class='ocrx_word' id='word_1_388' title='bbox 1859 3956 2154 4018; x_wconf 75' lang='lat' dir='ltr'>tare‘pennae</span> <span class='ocrx_word' id='word_1_389' title='bbox 2181 3953 2203 4018; x_wconf 85' lang='lat'><strong>(</strong></span> <span class='ocrx_word' id='word_1_390' title='bbox 2230 3950 2478 4005; x_wconf 83' lang='lat' dir='ltr'>Thomas.</span> <span class='ocrx_word' id='word_1_391' title='bbox 2514 3949 2701 4019; x_wconf 64' lang='lat' dir='ltr'>leben)</span> <span class='ocrx_word' id='word_1_392' title='bbox 2717 3956 2881 4019; x_wconf 73' lang='lat' dir='ltr'>papi-</span> 
     </span>
     <span class='ocr_line' id='line_1_64' title="bbox 1861 4032 2190 4083; baseline 0.003 -1"><span class='ocrx_word' id='word_1_393' title='bbox 1861 4032 1994 4082; x_wconf 79' lang='lat' dir='ltr'>lione</span> <span class='ocrx_word' id='word_1_394' title='bbox 2014 4034 2190 4083; x_wconf 76' lang='lat' dir='ltr'>solent.</span> 
     </span>
    </p>

    <p class='ocr_par' dir='ltr' id='par_1_15' title="bbox 1859 4105 2880 4319">
     <span class='ocr_line' id='line_1_65' title="bbox 1928 4105 2880 4177; baseline 0 -18"><span class='ocrx_word' id='word_1_395' title='bbox 1928 4107 2039 4177; x_wconf 83' lang='lat'><strong>375.</strong></span> <span class='ocrx_word' id='word_1_396' title='bbox 2063 4109 2261 4162; x_wconf 63' lang='lat' dir='ltr'>&amp;mina</span> <span class='ocrx_word' id='word_1_397' title='bbox 2278 4111 2426 4161; x_wconf 74' lang='lat' dir='ltr'>limus</span> <span class='ocrx_word' id='word_1_398' title='bbox 2443 4108 2599 4161; x_wconf 77' lang='lat' dir='ltr'>babet</span> <span class='ocrx_word' id='word_1_399' title='bbox 2617 4118 2715 4162; x_wconf 78' lang='lat' dir='ltr'>etc.</span> <span class='ocrx_word' id='word_1_400' title='bbox 2741 4105 2880 4160; x_wconf 80' lang='lat' dir='ltr'>Con·</span> 
     </span>
     <span class='ocr_line' id='line_1_66' title="bbox 1859 4184 2877 4254; baseline 0 -16"><span class='ocrx_word' id='word_1_401' title='bbox 1859 4184 1947 4238; x_wconf 76' lang='lat' dir='ltr'>ser</span> <span class='ocrx_word' id='word_1_402' title='bbox 1972 4184 2030 4251; x_wconf 89' lang='lat'>1,</span> <span class='ocrx_word' id='word_1_403' title='bbox 2059 4185 2156 4251; x_wconf 79' lang='lat'>416</span> <span class='ocrx_word' id='word_1_404' title='bbox 2175 4204 2282 4254; x_wconf 78' lang='lat' dir='ltr'>sqq.</span> <span class='ocrx_word' id='word_1_405' title='bbox 2309 4186 2483 4241; x_wconf 79' lang='lat' dir='ltr'>Ranas</span> <span class='ocrx_word' id='word_1_406' title='bbox 2506 4205 2536 4239; x_wconf 91' lang='lat' dir='ltr'>e</span> <span class='ocrx_word' id='word_1_407' title='bbox 2559 4186 2688 4238; x_wconf 87' lang='lat' dir='ltr'>limo</span> <span class='ocrx_word' id='word_1_408' title='bbox 2709 4184 2877 4249; x_wconf 83' lang='lat' dir='ltr'>nasci,</span> 
     </span>
     <span class='ocr_line' id='line_1_67' title="bbox 1863 4262 2876 4319; baseline -0.003 -2"><span class='ocrx_word' id='word_1_409' title='bbox 1863 4262 1995 4317; x_wconf 83' lang='lat' dir='ltr'>etin</span> <span class='ocrx_word' id='word_1_410' title='bbox 2026 4262 2275 4317; x_wconf 88' lang='lat' dir='ltr'>eumdem</span> <span class='ocrx_word' id='word_1_411' title='bbox 2310 4262 2496 4317; x_wconf 79' lang='lat' dir='ltr'>resolvi</span> <span class='ocrx_word' id='word_1_412' title='bbox 2535 4264 2693 4319; x_wconf 82' lang='lat' dir='ltr'>tradit</span> <span class='ocrx_word' id='word_1_413' title='bbox 2722 4263 2876 4318; x_wconf 81' lang='lat' dir='ltr'>etiam</span> 
     </span>
    </p>
   </div>
   <div class='ocr_carea' id='block_1_11' title="bbox 1863 4341 2879 4413">
    <p class='ocr_par' dir='ltr' id='par_1_16' title="bbox 1863 4341 2879 4413">
     <span class='ocr_line' id='line_1_68' title="bbox 1863 4341 2879 4413; baseline -0.002 -15"><span class='ocrx_word' id='word_1_414' title='bbox 1863 4341 2001 4398; x_wconf 75' lang='lat' dir='ltr'>Ptin.</span> <span class='ocrx_word' id='word_1_415' title='bbox 2027 4342 2105 4400; x_wconf 80' lang='lat' dir='ltr'>xl</span> <span class='ocrx_word' id='word_1_416' title='bbox 2127 4381 2145 4413; x_wconf 89' lang='lat'>‚</span> <span class='ocrx_word' id='word_1_417' title='bbox 2179 4345 2225 4399; x_wconf 87' lang='lat'>8.</span> <span class='ocrx_word' id='word_1_418' title='bbox 2262 4343 2466 4412; x_wconf 80' lang='lat' dir='ltr'>Nempe</span> <span class='ocrx_word' id='word_1_419' title='bbox 2492 4341 2647 4399; x_wconf 82' lang='lat' dir='ltr'>ovula</span> <span class='ocrx_word' id='word_1_420' title='bbox 2667 4361 2760 4397; x_wconf 84' lang='lat' dir='ltr'>sua</span> <span class='ocrx_word' id='word_1_421' title='bbox 2780 4341 2879 4396; x_wconf 72' lang='lat' dir='ltr'>ina·</span> 
     </span>
    </p>
   </div>
  </div>
 </body>
</html>
