3185 5138
593 545 1699 617 METAMORPHOSEON
1757 550 1961 616 LIB.
2018 552 2257 620 XIII.

364 689 543 760 Nam
576 715 787 782 genus
806 743 826 776 ,
864 703 931 761 et
957 684 1275 789 proavos„
1313 704 1382 760 et
1412 716 1558 789 quae
1584 715 1724 760 non
1752 687 2025 764 fecimus
2062 692 2231 792 ipsi,

2372 555 2504 646 369

2415 718 2508 785 140

366 804 508 879 Vix
543 832 621 879 ea
648 822 882 878 nostra
919 833 1085 878 voco
1117 833 1134 877 ε
1172 803 1287 878 sed
1324 804 1494 878 enim
1517 860 1536 894 ,
1572 806 1728 905 quia
1760 806 2019 880 rettulit
2052 811 2220 908 Ajax

365 924 534 996 Esse
566 904 756 996 Jovi's
788 951 1127 1022 pronepos
1152 980 1170 1011 ,
1205 923 1420 995 nostri
1453 952 1722 1023 quoque
1754 926 2096 1021 sanguinis
2128 947 2364 1005 auctor

360 1040 631 1140 Jupiter
666 1057 800 1128 est,
839 1040 1250 1140 totidemque
1286 1038 1528 1135 gradus
1564 1040 1885 1115 distamus
1918 1044 2002 1118 ab
2038 1043 2177 1118 illo.

364 1161 537 1232 Nam
568 1158 736 1231 mihi
769 1159 1041 1232 Laertes
1072 1175 1260 1258 pater
1295 1175 1436 1247 est,
1473 1158 1787 1234 Arcesius
1825 1159 1962 1249 illi,

362 1274 633 1374 Jupiter
659 1273 847 1360 huic;
884 1302 1101 1375 neque
1126 1273 1194 1346 in
1219 1274 1327 1351 his
1352 1275 1704 1375 quisquam
1734 1274 2114 1366 damnatus,
2155 1297 2220 1352 et
2246 1278 2453 1354 exsul.

365 1393 494 1465 Est
532 1417 801 1491 quoque
828 1419 949 1490 per
982 1408 1256 1465 matrem
1293 1389 1633 1491 Cyllenius
1664 1390 1887 1465 addita
1922 1393 2119 1469 nobis

2418 1414 2511 1483 146

365 1504 594 1580 Altera
628 1503 946 1578 nobilitas
976 1534 993 1577 ε
1022 1505 1208 1579 Deus
1241 1523 1341 1578 est
1373 1505 1445 1577 in
1476 1522 1764 1604 utroque
1795 1525 2085 1605 parente.

369 1619 502 1693 Sed
535 1646 750 1719 neque
783 1637 1081 1693 materno
1120 1619 1302 1720 quod
1336 1649 1482 1694 sum
1520 1620 1909 1714 generosior
1938 1639 2126 1707 ortu,

364 1741 505 1812 Nec
541 1738 742 1826 mihi,
776 1737 961 1838 quod
992 1754 1182 1837 pater
1213 1753 1313 1811 est
1349 1736 1621 1810 fraterni
1658 1737 1995 1832 sanguinis
2028 1738 2295 1826 insonS,

371 1853 730 1956 Proposita
765 1882 940 1927 arma
971 1870 1132 1953 peto
1169 1882 1185 1925 ε
1219 1852 1474 1926 meritis
1500 1850 1850 1951 expendite
1883 1881 2163 1928 causam.

368 1969 758 2044 Dummodo
794 1970 975 2071 quod
1008 1970 1241 2059 fratres
1273 1968 1591 2043 Telamon
1612 2026 1631 2058 ,
1664 1968 2030 2072 Peleusque
2064 1973 2369 2060 fuerunt,

370 2087 593 2185 Ajacis
626 2087 936 2160 meritum
968 2113 1105 2158 non
1141 2086 1266 2172 sit3
1300 2111 1423 2158 nec
1457 2084 1801 2179 sanguinis
1830 2084 2037 2173 ordo,

370 2201 503 2274 Sed
541 2202 803 2275 virtutis
836 2201 1056 2274 honos
1091 2199 1323 2301 spoliis
1356 2214 1687 2298 quaeratur
1720 2199 1790 2269 in
1825 2199 1993 2271 istis.

367 2317 509 2389 Aut
543 2317 599 2389 si
634 2315 1023 2417 proximitas
1046 2370 1065 2401 ,
1102 2314 1489 2414 primusque
1526 2311 1891 2410 requiritur
1920 2313 2164 2400 haeres,

367 2436 496 2506 Est
529 2432 791 2527 genitor
823 2428 1101 2515 Peleus,
1137 2445 1244 2501 est
1275 2425 1571 2527 Pyrrhus
1604 2423 1783 2499 filius
1813 2423 1951 2513 illi;

2413 2449 2508 2502 155

371 2545 549 2644 Quis
585 2542 773 2618 locus
805 2542 1041 2642 Ajaci?
1070 2539 1388 2618 Phthiam
1424 2539 1759 2641 Scyronve
1792 2537 2130 2614 serantur:

371 2738 462 2808 qui
481 2756 597 2791 eam
613 2736 762 2790 novit
781 2744 835 2788 et
851 2741 1072 2787 exercet.
1097 2729 1299 2785 Confer
1317 2730 1391 2799 Q.

370 2815 659 2871 Calabrum
677 2853 693 2880 ,
719 2833 832 2886 ²9⁰·

442 2896 551 2961 140.
585 2895 721 2945 Nam
749 2908 935 2959 genus,
975 2895 1029 2942 et
1040 2906 1260 2955 proavos
1292 2897 1390 2941 etc.

372 2973 669 3030 verissime
692 2971 758 3025 de
782 2968 989 3042 generis
1011 2967 1278 3021 nobilitate
1303 2968 1393 3036 ju-

281 3087 288 3092 ·
371 3054 542 3120 dicat,
588 3069 749 3120 quam
795 3067 903 3102 non
944 3046 1218 3116 sprevisset
1240 3085 1256 3112 ,
1287 3045 1388 3099 nisi

369 3129 626 3195 scivisset,
666 3126 865 3181 meritis
890 3143 945 3178 se
971 3143 1118 3193 posse
1151 3132 1389 3176 conten-

372 3208 500 3262 dere
521 3226 645 3261 cum
677 3206 855 3275 Aiace.
877 3231 941 3243 —
963 3204 1096 3254 Esse
1106 3220 1378 3269 pronepos,

372 3306 536 3357 graeca
558 3285 783 3357 syntaxis
797 3323 813 3351 ,
830 3301 886 3337 se
900 3300 1008 3335 esse
1023 3292 1389 3350 pronepotem.

370 3367 729 3416 —Damalus
742 3361 950 3414 etexsul
956 3397 972 3421 ,
990 3358 1154 3427 qualis
1168 3358 1358 3412 Peleus
1370 3396 1388 3424 ,

372 3457 697 3510 quamquam
731 3456 831 3490 nec
864 3434 1123 3488 Telamon
1145 3433 1391 3502 fraterne

372 3522 525 3575 cedde
551 3522 726 3570 insom
753 3536 816 3568 ex
847 3512 1229 3567 nonnullorum
1262 3513 1389 3582 opi—

371 3595 564 3657 nione;
587 3592 705 3645 vide
732 3590 958 3657 x1,267
983 3588 1210 3658 sqq.-Sic
1239 3588 1392 3642 vicis-

371 3674 472 3727 sim
489 3634 701 3743 Ulysses
719 3666 868 3736 Aiaci
884 3662 1167 3735 quamdam
1186 3665 1392 3734 generis

374 3750 634 3805 maculam
658 3746 868 3815 objicit3
892 3744 1076 3798 confer
1097 3764 1227 3797 vers.
1246 3745 1323 3796 26.
1323 3770 1392 3786 --

374 3824 755 3899 Mater-Ulyssis
777 3823 876 3875 suit
904 3822 1144 3877 Anticlea
1162 3862 1178 3889 ,
1205 3823 1390 3876 Auto-

375 3907 476 3981 lyci
503 3906 609 3959 filia
627 3946 643 3973 ,
673 3903 928 3958 Mercurii
950 3902 1154 3971 neptis;
1180 3900 1287 3958 Od.
1311 3914 1389 3968 A,

375 3987 585 4052 84.—ln
591 3991 803 4051 parente
813 3993 1024 4050 utroque.
1041 3981 1096 4034 in
1113 3992 1392 4035 stemmate

373 4063 646 4130 utriusque
684 4059 927 4129 parentis.
969 4058 1268 4112 Commode
1305 4080 1395 4113 re-

375 4140 508 4210 petit
530 4138 638 4190 duo
668 4138 785 4205 illa,
820 4138 1007 4207 quibus
1033 4156 1127 4191 sua
1154 4137 1395 4192 nobilitas

376 4218 550 4286 major
572 4216 762 4284 Aiacis.

447 4299 557 4349 151.
579 4297 867 4351 Dummodo
887 4297 1129 4367 quodetc.
1161 4295 1285 4352 Non
1301 4312 1396 4364 po·

563 4417 702 4488 IV.

1487 2742 1588 2786 test
1615 2733 1747 2802 Aiax
1782 2731 2115 2787 hereditario
2148 2734 2264 2804 jure
2300 2735 2416 2791 niti.
2439 2764 2504 2778 -—

1485 2812 1663 2879 Spolia
1678 2811 1966 2865 aliaeu-ma
1980 2810 2116 2866 hosti
2129 2811 2360 2866 detracta
2374 2853 2390 2881 ,
2407 2814 2459 2868 h.
2472 2814 2508 2868 1.

1486 2906 1631 2941 arma
1656 2889 1890 2943 exstincti
1915 2889 2236 2943 relictae-la
2254 2895 2375 2945 istis
2398 2903 2504 2945 tra-

1485 2963 1673 3020 dendis
1697 2985 1839 3020 novo
1859 2966 2081 3021 domino
2101 2986 2213 3021 non
2236 2980 2494 3038 queratur,

1482 3043 1790 3111 respiciatur
1804 3084 1819 3112 ‚
1836 3049 2104 3114 sangmmle
2115 3049 2237 3099 ordo
2247 3086 2262 3110 ,
2289 3066 2506 3101 consan-

1484 3122 1711 3192 guinitas
1724 3163 1740 3190 ,
1759 3124 1856 3179 sed
1879 3131 2078 3179 unum
2097 3129 2271 3187 honos,
2306 3126 2468 3181 virtus
2482 3165 2499 3195 ,

1485 3218 1603 3269 qun
1612 3199 1714 3256 hoc
1722 3201 1925 3257 honore
1938 3214 1993 3257 et
2004 3204 2218 3274 premio
2232 3203 2339 3257 sola
2348 3203 2507 3274 digna

1485 3288 1590 3340 αις
1607 3285 1915 3347 prou'mitas
1933 3281 2093 3335 etiam
2113 3282 2161 3335 X
2174 3319 2190 3348 ,
2212 3281 2326 3347 340.

1555 3357 1664 3409 156.
1692 3359 1930 3411 Phthiam
1966 3361 2210 3430 Scyronve
2228 3358 2501 3425 see-antam

1486 3431 1595 3485 duo
1625 3435 1790 3488 nostri
1824 3435 2029 3489 codices
2063 3434 2248 3503 Regii,
2281 3445 2337 3488 et
2372 3435 2504 3489 alter

1485 3510 1646 3565 etiam
1660 3511 1855 3582 Regius
1870 3532 2029 3582 quem
2046 3513 2101 3565 in
2117 3512 2505 3582 manuinsuper

1486 3587 1775 3655 habemus,
1811 3588 1940 3643 dant
1962 3592 2199 3643 Phthiam
2223 3592 2362 3654 hac,
2397 3591 2504 3646 scil.

1486 3683 1665 3732 arma,
1703 3664 2223 3736 Scsmnoesemntum
2249 3685 2368 3720 eam
2387 3667 2504 3725 lect

1489 3760 1649 3811 quam
1688 3741 1951 3797 habebant
1988 3754 2192 3798 veteres
2228 3743 2350 3799 edit.
2392 3763 2505 3802 non

1486 3822 1644 3876 video
1679 3843 1774 3878 cur
1798 3825 2083 3878 mutaverit
2113 3825 2376 3880 Heinsius.
2403 3830 2505 3881 Ed.

1488 3902 1764 3953 -Phthiae
1794 3900 2058 3954 habitabat
2085 3903 2287 3956 Peleus.
2320 3906 2418 3956 Ed.
2439 3930 2506 3946 —-

1494 3976 1682 4047 Quum
1703 3977 1960 4032 Achilles
1948 3997 2002 4031 m
2019 3978 2185 4032 insula
2199 3981 2354 4052 Scyro
2374 3981 2509 4035 late-

1488 4067 1571 4109 ret
1594 4095 1610 4122 ,
1658 4075 1773 4109 rem
1808 4055 1991 4109 habuit
2027 4075 2148 4110 cum
2188 4057 2462 4112 Deidamia
2486 4098 2504 4127 ,

1489 4138 1625 4209 regis
1641 4138 1747 4193 filia
1764 4177 1779 4204 ,
1800 4159 1862 4192 ex
1875 4157 1977 4208 qua
1994 4149 2148 4192 natus
2162 4149 2240 4193 est
2253 4142 2508 4211 Pyrrhus,-

1491 4213 1734 4285 Apouod.
1758 4217 1842 4270 111
1858 4256 1875 4283 ,
1902 4232 2007 4269 xm
2021 4254 2037 4284 ,
2056 4216 2349 4288 8.—·Scsms
2369 4238 2463 4288 per
2476 4239 2508 4273 c

1491 4304 1569 4355 est
1585 4293 1751 4364 patria
1769 4294 2098 4366 Lycomedjn
2111 4296 2264 4366 Syros
2277 4297 2467 4366 absquo
2479 4317 2509 4352 c

2148 4417 2234 4501 ²4

2419 1876 2510 1927 150
2622 1882 2633 1890 ’
