3185 5138
642 504 778 598 296

1201 506 1280 569 Ρ.
1347 432 1692 572 ovum
1748 502 2196 572 NAsoMs

638 646 901 745 Perque
933 643 1072 717 dies
1102 639 1399 742 placidos
1417 699 1436 731 ‚
1471 614 1754 718 hiberno
1784 660 2076 743 tempore
2095 698 2114 730 ,
2146 660 2400 743 septem

2593 640 2601 654 ‘
2665 662 2766 739 74⁵

639 761 925 834 Incubat
959 756 1301 859 Halcyone
1335 756 1784 858 pendentibus
1811 786 2077 860 aequore
2107 759 2304 832 nidis.

640 878 814 949 Tum
842 874 948 947 via
982 890 1126 945 tuta
1156 872 1356 946 maris
1387 901 1404 945 ε
1432 887 1668 946 ventos
1700 872 2025 961 custodit,
2060 891 2132 946 et
2157 889 2336 947 arcet

641 991 884 1067 AEolus
917 1019 1183 1087 egressu
1203 1047 1224 1079 ,
1259 1007 1656 1091 praestatqne
1687 991 2046 1092 nepotibus
2079 1019 2324 1093 aequor.

741 1107 862 1180 XI.
900 1107 1051 1180 Hos
1080 1102 1322 1205 aliquis
1356 1105 1575 1179 senior
1607 1104 1854 1179 circum
1884 1104 2049 1179 freta
2080 1103 2212 1177 lata
2241 1103 2540 1179 volantes

646 1293 768 1338 ante
791 1292 1003 1353 captum
1027 1281 1250 1336 videtur.
1270 1284 1370 1336 Ed.
1384 1309 1452 1323 -
1467 1283 1665 1350 Consu-

640 1365 796 1430 (exele.
820 1360 995 1431 Vulgo
1026 1364 1047 1428 (
1068 1371 1123 1414 et
1144 1361 1199 1414 in
1230 1360 1419 1414 nostris
1445 1358 1665 1429 Regiis)

643 1440 911 1510 conjugale
920 1459 936 1492 .·
951 1439 1069 1493 vide
1081 1438 1144 1492 ad
1157 1440 1230 1506 V,
1245 1438 1664 1510 init—Halcyon

647 1522 670 1586 (
704 1518 908 1573 Nostris
943 1519 1344 1584 Europaeescber
1378 1519 1622 1585 Etsvogel
1639 1555 1654 1580 ,

646 1596 870 1651 Linneo
883 1594 1082 1649 Alcedo
1099 1594 1292 1665 Ipsida)
1309 1594 1414 1650 avis
1430 1595 1634 1649 marina
1645 1634 1660 1663 ‚

646 1673 805 1745 paulo
825 1673 1047 1742 amplior
1065 1691 1267 1742 passere
1286 1711 1301 1738 ,
1325 1682 1485 1726 rostro
1506 1674 1665 1742 longo

649 1761 704 1804 et
735 1757 886 1805 tenui.
936 1749 1206 1818 Quoniam
1244 1768 1354 1803 mas
1393 1769 1516 1803 cum
1558 1768 1666 1803 una

651 1829 859 1883 femella
889 1830 1049 1896 vivit,
1085 1848 1249 1898 eaque
1284 1829 1531 1883 exstincta
1553 1846 1667 1882 cn-

649 1910 760 1963 lebs
783 1926 998 1962 manere
1020 1909 1329 1963 credebatur
1346 1948 1362 1976 ,
1393 1917 1667 1979 propterea

653 2007 682 2039 a
705 1987 870 2056 poetis
892 1987 948 2039 in
973 1987 1161 2040 amoris
1181 1986 1417 2056 perpetui
1435 2025 1451 2053 ,
1476 1987 1669 2055 coniu-

652 2065 826 2134 giique
850 2065 1055 2130 honesti
1074 2066 1318 2135 exemplis
1339 2076 1668 2119 numeratur.

545 2170 546 2173 ¹
655 2143 797 2196 Eum
814 2154 991 2196 autem
1016 2143 1323 2197 instinctum
1340 2144 1532 2197 Noster
1546 2161 1670 2195 rur-

651 2241 776 2276 suse
785 2222 968 2276 sabulis
981 2222 1311 2292 repetitvers.
1325 2223 1434 2291 743.
1445 2222 1670 2275 Pariunt

651 2297 752 2352 inae
770 2318 887 2353 aves
908 2308 1119 2369 tempore
1136 2302 1359 2355 hiberno.
1375 2305 1395 2367 (
1412 2299 1672 2353 recentio-

653 2397 738 2433 res
761 2379 976 2434 tradunt
999 2382 1214 2434 ineunte
1230 2379 1399 2449 Aprili
1415 2382 1436 2448 )
1455 2398 1549 2448 per
1562 2398 1672 2446 sep·

655 2470 752 2511 tem
766 2500 779 2520 ,
806 2471 896 2513 aut
910 2459 1105 2514 secund
1112 2479 1203 2513 um
1217 2459 1341 2512 alios
1358 2458 1670 2530 quatuorde-

655 2537 759 2591 cim
772 2541 914 2604 dies,·
937 2538 1168 2605 Plinius,
1187 2539 1239 2594 X
1257 2578 1273 2605 ,
1296 2538 1430 2591 32:01
1447 2537 1672 2592 Faciunt

661 2635 688 2660 υ
713 2626 888 2668 autem
913 2625 1116 2687 septem
1139 2626 1261 2669 ante
1283 2616 1527 2669 brumam
1546 2614 1672 2668 die-

661 2715 688 2739 »
712 2694 807 2749 bus
830 2694 1008 2762 nidos,
1025 2706 1078 2748 et
1095 2694 1317 2748 totidem
1336 2694 1674 2763 sequentibus

660 2794 688 2819 υ
714 2773 955 2841 pariunt,
976 2795 1001 2817 ν
1023 2774 1113 2841 qui
1128 2772 1237 2826 dies
1250 2772 1583 2844 halcyonides
1601 2771 1677 2825 di·

657 2851 913 2903 cebantur
928 2860 1018 2902 aut
1032 2849 1301 2921 halcyonia
1313 2889 1327 2913 ,
1345 2850 1511 2919 iisque
1525 2869 1674 2905 mare

659 2936 772 2978 erat
787 2930 1076 2992 place’dum3
1097 2927 1409 2979 Theocritus
1435 2926 1513 2980 ld.
1534 2927 1644 2981 vll
1657 2965 1674 2993 ,

662 3006 723 3072 57
741 3024 754 3064 ς
771 3002 1034 3073 Hyginus,
1048 3001 1150 3053 sab.
1163 3003 1227 3054 65
1244 3022 1257 3066 ;
1275 3001 1474 3057 Seneca
1487 3003 1676 3072 Agam.

661 3079 773 3151 670.
801 3079 955 3132 Tunc
983 3079 1160 3132 AEolus
1175 3089 1392 3146 prestat
1411 3081 1470 3134 iis
1490 3101 1667 3150 equor,

661 3156 903 3210 concedit
927 3157 986 3209 iis
1005 3195 1020 3221 ,
1049 3156 1334 3226 permittit,
1364 3167 1419 3209 ut
1438 3157 1505 3210 ibi
1523 3157 1678 3212 nidos

661 3234 854 3289 faciant
875 3257 887 3297 ;
933 3233 1184 3288 Phaedrus
1206 3272 1222 3299 ,
1265 3235 1321 3289 11
1347 3273 1364 3301 ,
1403 3251 1509 3288 vm
1527 3274 1542 3303 ‚
1584 3236 1674 3303 ιθ,

651 3323 894 3384 prestare
916 3314 1184 3379 hospitium
1200 3352 1212 3373 ,
1250 3312 1335 3365 ubi
1366 3311 1466 3365 vid.
1492 3312 1681 3367 Schef-

660 3394 756 3447 ser.
782 3394 955 3447 Etiam
971 3396 1188 3460 prebere
1211 3393 1283 3447 sic
1305 3406 1680 3464 usurpatur.—

595 3494 598 3497 ’
662 3465 831 3525 Paulo
847 3481 967 3525 ante
982 3474 1071 3522 via
1089 3479 1199 3522 tuta
1215 3478 1370 3523 mans
1387 3488 1404 3531 ,·
1430 3471 1679 3525 Heinsius

663 3549 810 3601 malit
844 3553 978 3601 mari
1002 3557 1108 3613 est,·
1137 3547 1477 3603 Florentinus
1498 3559 1553 3602 et
1575 3549 1680 3603 duo

664 3627 749 3681 alii
763 3626 958 3681 habent
979 3629 1117 3681 Tunc
1124 3627 1274 3694 jacet
1287 3631 1424 3682 unda
1444 3632 1681 3682 mares.—

664 3706 729 3760 In
756 3706 945 3758 nostris
970 3705 1145 3774 Regiis
1178 3707 1300 3758 Tum
1325 3711 1412 3758 via
1432 3716 1542 3759 tuta
1564 3727 1677 3759 ma-

662 3785 1138 3850 tis.—Nepotibus,
1165 3794 1226 3837 ut
1244 3784 1318 3839 Vl
1336 3823 1351 3850 ,
1385 3785 1491 3837 138.
1517 3783 1681 3840 Nidos

661 3861 861 3915 faciunt
884 3862 936 3914 in
969 3861 1202 3915 cavernis
1230 3862 1311 3914 vel
1345 3861 1680 3931 scopulorum

664 3940 946 4010 (Propert.
973 3941 1083 4006 111,
1107 3957 1171 4006 V,
1199 3943 1253 3994 15
1273 3942 1293 4008 )
1313 3981 1326 4007 ,
1350 3941 1430 3993 vel
1452 3940 1678 3996 litorum.

667 4020 800 4073 Inde
829 4040 994 4091 quum
1018 4040 1151 4090 saepe
1186 4040 1214 4072 a
1247 4020 1489 4074 fluctibus
1520 4020 1678 4076 aufe-

664 4107 869 4162 rantur,
883 4115 1001 4152 aves
1015 4098 1136 4168 ipsae
1147 4117 1235 4151 eos
1250 4099 1519 4169 imponere
1533 4117 1679 4167 aquae

668 4177 1028 4240 (pendentibus
1060 4195 1249 4245 equore
1279 4176 1458 4246 m‘dek)
1488 4177 1682 4231 crede-

663 4251 1130 4307 bantur.—Caeter.
1157 4254 1316 4308 etiam
1346 4273 1521 4308 versus
1545 4254 1678 4322 735-

1762 1284 1857 1353 738
1877 1281 2075 1338 deletos
2092 1282 2318 1336 malebat
2336 1281 2585 1336 Heinsius
2600 1322 2615 1348 ,
2641 1300 2766 1335 me-

1761 1361 1909 1414 dium
1919 1372 2059 1416 certe
2074 1362 2297 1416 otiosum
2308 1360 2586 1431 judicabat,
2602 1380 2767 1430 quum

1760 1440 2077 1509 precesserit
2091 1443 2238 1492 modo
2254 1445 2389 1492 nates
2394 1447 2592 1508 pennis.
2604 1439 2768 1493 Recte

1760 1528 1941 1571 tamen
1962 1536 2052 1571 eos
2075 1528 2251 1571 tuetur
2263 1518 2601 1572 Burmannus
2616 1537 2675 1570 ex
2688 1516 2772 1569 lu-

1760 1596 1907 1649 xuria
1921 1596 2143 1650 Nasonis
2160 1634 2175 1662 ,
2200 1614 2302 1665 qua
2317 1596 2414 1649 sibi
2430 1596 2582 1650 toties
2596 1594 2771 1648 indul-

1762 1684 1849 1744 get
1866 1674 1920 1727 in
1938 1673 2198 1728 variandis
2217 1673 2599 1728 narrationibus
2615 1684 2670 1727 et
2680 1691 2773 1725 sae-

1762 1774 1827 1826 pe
1845 1754 1979 1808 ultra
1992 1754 2210 1807 modum
2222 1754 2577 1808 extendendis.
2587 1752 2770 1818 Addit,

1761 1834 1804 1887 si
1832 1834 2109 1903 ejiciantur
2139 1833 2194 1886 hi
2227 1852 2404 1887 versus
2422 1873 2437 1898 ,
2462 1852 2575 1886 non
2605 1851 2773 1902 appa-

1761 1932 1879 1965 rere
1897 1952 1912 1979 ,
1927 1931 2031 1982 quo
2045 1913 2315 1982 sequentia
2328 1912 2414 1966 illa
2428 1953 2444 1980 ,
2457 1916 2670 1965 senserit
2679 1913 2773 1962 hoc

1767 1991 1919 2060 Ceyx,
1933 1990 2115 2044 referri
2129 1989 2324 2061 possint
2338 2011 2351 2053 ;
2369 2009 2492 2044 nam
2508 1989 2573 2043 ad
2585 2006 2770 2043 sonum

1762 2066 1875 2121 hec
1888 2087 1997 2123 non
2012 2069 2274 2139 pertinere
2291 2108 2306 2135 ,
2325 2068 2416 2122 sed
2432 2068 2496 2123 ad
2512 2068 2682 2122 oscula
2697 2087 2712 2129 ς
2730 2066 2773 2119 si

1738 2186 1741 2187 γ
1766 2164 1927 2214 quem
1949 2150 1999 2200 τὲ
2019 2150 2297 2199 recentibus
2319 2143 2555 2199 offendat
2576 2183 2594 2211 ,
2625 2143 2773 2196 illum

1763 2240 1912 2293 posse
1927 2241 2050 2276 cum
2064 2241 2174 2276 uno
2194 2221 2440 2279 Mediceo
2453 2222 2625 2292 legere
2637 2259 2654 2288 ,
2675 2229 2775 2272 tre-

1762 2304 2023 2354 mentibus.
2234 2309 2242 2319 “

1834 2378 2084 2451 749-795.
2112 2381 2357 2440 fiacus,
2382 2376 2584 2432 Priami
2608 2374 2743 2428 filius
2760 2413 2775 2440 ,

1768 2466 1908 2509 amat
1924 2456 2196 2524 Hesperien
2215 2456 2505 2528 nympham
2517 2495 2533 2522 ,
2557 2473 2776 2523 eamque

1764 2535 2056 2606 fugientem
2076 2536 2382 2607 insequitur.
2400 2535 2689 2591 Vulnerata
2702 2533 2780 2587 la-

1768 2618 1926 2671 tentis
1947 2618 2204 2687 serpentis
2239 2635 2446 2671 veneno
2478 2633 2644 2685 quum
2675 2633 2779 2683 pe-

1765 2695 1935 2750 riisset
1948 2735 1964 2762 ,
1981 2696 2195 2749 AEsacus
2212 2696 2330 2748 vitae
2342 2713 2556 2764 perosus
2569 2693 2623 2746 in
2636 2711 2780 2745 mare

1768 2792 1822 2826 se
1840 2774 2035 2839 mittit,
2055 2772 2145 2828 sed
2164 2791 2194 2825 a
2207 2770 2451 2845 Tethyde
2472 2781 2705 2825 mutatur
2723 2769 2780 2821 in

1767 2873 1997 2920 mergum.
2017 2852 2239 2920 Adjecta
2259 2851 2466 2905 videtur
2487 2850 2595 2903 haec
2611 2847 2780 2900 sabula

1768 2947 1894 2996 supe
1900 2929 2023 2980 riori
2034 2929 2257 2980 maxime
2269 2937 2562 2996 propterea,
2574 2934 2632 2975 ut
2643 2933 2779 2975 tran-

1769 3005 1898 3059 situs
1912 3004 2073 3058 sacilis
2094 3015 2228 3059 esset
2249 3003 2314 3057 ad
2329 3023 2411 3056 res
2425 3001 2706 3069 Troianam
2726 3009 2779 3051 et

1770 3082 2049 3154 commode
2085 3083 2285 3153 adjecta
2306 3122 2321 3148 ,
2366 3080 2486 3151 quia
2521 3091 2576 3133 et
2610 3078 2778 3148 mergi

1773 3182 1891 3217 aves
1903 3162 2134 3231 marine,
2152 3161 2351 3216 Confer
2369 3158 2746 3230 Apollodorum
2761 3199 2777 3225 ,

1774 3241 1900 3308 111,
1944 3258 2025 3294 111
2043 3280 2059 3307 ,
2094 3244 2124 3294 5
2149 3281 2165 3307 ,
2206 3238 2345 3293 unde
2381 3250 2595 3309 apparet
2618 3278 2633 3305 ,
2670 3239 2783 3293 haec

1773 3336 1983 3387 quoque
2012 3317 2151 3371 varie
2189 3317 2316 3370 olim
2352 3336 2461 3371 esse
2492 3315 2696 3369 tradita.
2717 3345 2783 3357 —

1777 3395 2128 3463 Ce'rcumsreta
2150 3406 2248 3449 etc.
2278 3394 2415 3448 Mihi
2437 3413 2647 3464 quoque
2664 3395 2785 3448 satis

1773 3472 1940 3544 placet
1961 3472 2065 3527 MS
2086 3473 2318 3527 Florent.
2337 3472 2392 3525 S.
2413 3473 2583 3525 Marci
2604 3472 2755 3525 lectio
2768 3510 2785 3538 ,

1759 3551 1982 3619 junctim
1990 3550 2137 3618 fieta
2158 3554 2268 3603 lata
2291 3553 2534 3612 volantes,
2560 3568 2664 3618 quo
2685 3568 2782 3601 ser·

1774 3634 1885 3682 eati
1910 3647 2097 3682 eorum
2119 3628 2278 3682 etiam
2304 3639 2421 3698 post
2449 3627 2788 3682 transforma-

1775 3707 1978 3763 tionem
1997 3726 2193 3762 amores
2212 3707 2346 3759 bene
2364 3747 2379 3774 ,
2406 3717 2459 3762 et
2482 3708 2552 3762 ita
2575 3718 2634 3760 ut
2652 3708 2788 3762 Nos-

1773 3795 1857 3838 ter
1879 3786 2009 3839 solet
2028 3825 2042 3853 ,
2082 3795 2351 3839 notantur.
2383 3785 2471 3839 Sic
2505 3784 2586 3838 lv
2605 3824 2620 3850 ,
2653 3790 2750 3858 599
2770 3823 2785 3849 ,

1776 3863 2012 3917 Cadmus
2040 3874 2094 3917 et
2127 3862 2421 3916 Harmonia
2446 3862 2499 3914 in
2521 3873 2789 3931 serpentes

1774 3942 1959 3995 mutati
1971 3942 2153 4009 juncto
2178 3944 2432 3993 volumine
2456 3949 2671 4006 serpunt.
2702 3940 2790 3994 Sic

1773 4020 1929 4073 etiam
1943 4021 2021 4073 XI
2041 4058 2055 4084 ,
2075 4020 2141 4085 64
2154 4058 2169 4086 ,
2189 4017 2437 4087 Orpbeus
2456 4027 2509 4070 et
2528 4017 2786 4089 Eurydice

1773 4097 1910 4166 apud
1954 4096 2146 4150 inferos
2188 4096 2471 4162 conjunctis
2508 4100 2792 4161 spatiantur

1763 4179 2004 4242 passibus
2023 4178 2184 4228 ambo.
2206 4173 2510 4242 Elegantior
2530 4172 2686 4226 etiam
2710 4181 2785 4223 est

1770 4254 1855 4308 illa
1880 4254 2034 4309 lectio
2055 4293 2070 4322 ‚
2105 4273 2265 4324 quam
2285 4265 2345 4307 ut
2368 4273 2397 4307 a
2420 4252 2629 4307 librario
2651 4268 2785 4322 pro·
