3185 5138
663 583 1712 652 METAMORPHOSEON
1756 586 1946 653 LIB.
1991 589 2140 654 IX.
2386 615 2467 679 57
2548 587 2551 590 ¹

334 724 525 800 Dixit
556 740 624 796 et
660 722 927 798 Alcides
966 754 981 797 :
1015 725 1129 799 alii
1161 752 1409 799 cessere
1445 724 1735 798 duobus.

336 840 458 915 Ille
489 842 714 913 Iovem
746 867 1046 913 socerum
1086 840 1236 914 dare
1269 868 1337 914 se
1359 896 1379 927 ,
1416 840 1783 942 famamque
1817 838 2162 929 laborum,

340 959 433 1030 Et
463 972 769 1056 superata
808 983 941 1029 suae
973 955 1296 1030 referebat
1326 957 1506 1056 jussa
1539 984 1852 1030 novercae.
2407 982 2471 1030 15

345 1076 598 1147 Contra
637 1101 758 1167 ego
786 1102 800 1143 :
833 1089 1026 1172 turpe
1055 1074 1273 1146 Deum
1304 1070 1569 1146 mortali
1610 1072 1835 1146 cedere
1870 1071 2071 1162 duxi3

341 1192 660 1268 Nondum
690 1207 830 1264 erat
862 1186 972 1262 ille
1004 1191 1227 1276 Deus;
1272 1224 1308 1256 ιι
1341 1193 1590 1286 Regem
1626 1219 1728 1263 me
1764 1189 1977 1263 cernis
2012 1218 2329 1289 aquarum

342 1396 399 1430 re
424 1375 787 1445 antiquissimo
800 1373 1121 1443 ambagibus,
1139 1392 1256 1426 rem
1276 1374 1361 1442 ip-

341 1475 451 1509 sam
469 1455 718 1524 proponit
738 1460 1003 1520 :acctjvem
1019 1464 1078 1506 ut
1096 1455 1357 1520 λαμὸάνιιν,

343 1533 552 1603 proprie
571 1531 636 1584 de
653 1530 933 1601 adoptione
950 1551 963 1591 ;
985 1528 1088 1582 vid.
1105 1528 1270 1583 Corte
1291 1529 1359 1582 ad

342 1611 647 1665 Sallustium
670 1609 793 1676 Jug.
819 1627 906 1673 ro,
933 1607 1013 1678 (et
1032 1626 1146 1677 quoe
1162 1607 1358 1676 collega

340 1700 522 1742 noster
536 1687 760 1740 doctis]
765 1686 1125 1739 .L.Bmusour
1135 1685 1199 1738 ad
1216 1704 1361 1738 eum·

344 1767 467 1821 dem
484 1768 656 1821 locum
671 1765 879 1831 dixerit,
898 1775 1031 1817 nost.
1046 1763 1171 1818 edit.
1185 1785 1232 1834 p.
1252 1765 1357 1819 158.

343 1847 465 1912 Ed.)
492 1845 633 1898 Hinc
657 1844 816 1897 etiam
838 1843 973 1896 bene
1003 1882 1017 1909 ,
1042 1848 1270 1910 accipere
1279 1862 1361 1910 ge·

340 1943 510 1976 nerum
525 1963 539 1984 ‚
577 1933 638 1975 ut
666 1922 820 1987 alibi,
860 1927 1088 1989 accipere
1109 1926 1326 1974 amicum
1340 1962 1356 1984 ‚

341 2009 397 2056 in
427 2007 709 2056 amet-illam
723 2043 735 2063 ,
761 2008 816 2055 ιἰι
838 2005 1207 2053 matrimonium
1228 2021 1244 2053 .·
1268 2019 1366 2054 su—

344 2100 438 2150 pra
458 2120 472 2147 ,
499 2080 554 2133 11
578 2119 593 2147 ,
633 2079 729 2134 526
752 2119 768 2145 ,
800 2096 993 2132 sumere
1017 2097 1237 2131 socerum
1257 2118 1271 2140 ,
1305 2089 1360 2131 et

348 2158 572 2212 Hei-oid.
592 2158 675 2212 vl
694 2196 709 2224 ‚
736 2159 801 2210 8o
819 2197 834 2225 ‚
870 2176 1061 2210 sumere
1088 2177 1278 2210 numm.
1296 2185 1361 2197 --

345 2239 635 2290 Paedhaone
659 2243 811 2288 natas
828 2274 843 2295 .
895 2234 1104 2288 OEneus
1125 2273 1140 2300 ,
1169 2233 1234 2288 de
1255 2253 1360 2303 quo

345 2317 479 2371 libro
501 2316 774 2386 superiori.
799 2315 978 2383 Huius
999 2315 1160 2368 filiam
1185 2315 1363 2383 Deja-

347 2397 520 2450 niram
537 2396 733 2450 faciunt
747 2406 801 2449 et
823 2394 940 2461 alii,
965 2396 1139 2465 paucis
1162 2394 1365 2449 dissen-

347 2474 597 2528 tientibus
619 2513 633 2539 ,
679 2474 767 2543 qui
793 2474 841 2526 ei
864 2473 1236 2526 Dexamenum
1259 2492 1364 2546 pa-

345 2562 484 2605 trem
500 2549 647 2617 dant,
664 2550 744 2603 vel
762 2549 1045 2604 Bacchum.
1067 2550 1221 2618 Eam,
1240 2568 1366 2604 auc-

349 2642 462 2684 tore
473 2630 633 2684 Diod.
643 2629 898 2684 Hercules
912 2629 1076 2695 duxit,
1091 2629 1365 2700 Meleagro

346 2709 616 2762 exstincto.
652 2706 907 2776 Meleagri
940 2707 1126 2760 umbra
1160 2704 1367 2774 impul—

344 2806 449 2851 sus,
464 2805 629 2856 quum
643 2795 777 2838 esset
786 2783 924 2854 apud
935 2784 1150 2848 inferos,
1164 2782 1364 2837 duxisse

348 2882 464 2916 eam
485 2862 711 2915 traditur
724 2880 754 2913 a
772 2860 949 2914 Schol.
966 2860 1212 2926 Homeri,
1229 2859 1290 2912 ΙΙ.
1305 2870 1365 2913 ῦς

345 2939 642 2994 secundum
667 2939 971 2992 Homerum
991 2977 1007 3004 ,
1042 2938 1102 2992 ΙΙ.
1127 2943 1165 2992 Ξ
1185 2976 1200 3004 ,
1232 2940 1323 2990 ιι5
1347 2977 1362 3005 ,

348 3018 569 3072 Por-thei
595 3017 732 3070 lilius
761 3017 858 3071 suit
884 3017 1107 3069 OEneus.
1124 3044 1192 3056 -
1213 3016 1367 3068 Alcet-

349 3100 465 3157 des,
501 3095 647 3148 Alcei
670 3113 834 3163 nepos
858 3134 872 3161 ,
901 3093 1069 3147 dictus
1094 3091 1327 3147 creditur
1345 3132 1362 3160 ‚

351 3173 482 3224 dum
504 3172 558 3224 in
585 3172 735 3224 terris
754 3171 1058 3225 versabatur
1077 3209 1092 3237 ‚
1125 3172 1367 3223 Hert-ales

353 3260 532 3303 autem
550 3250 603 3303 in
619 3249 805 3303 celum
822 3259 1090 3319 receptur,
1111 3246 1286 3302 Cerda
1300 3248 1367 3301 ad

355 3329 538 3399 Virgil.
557 3329 695 3384 VIII
721 3368 736 3395 ,
768 3329 881 3381 203.
903 3355 970 3369 —··
992 3329 1135 3391 Alii,
1176 3328 1367 3381 coeteri.

353 3412 586 3464 Auctore
609 3411 880 3465 Lactantio
893 3449 909 3478 ,
925 3411 982 3463 in
1001 3411 1336 3479 Argumento
1348 3448 1364 3477 ,

350 3502 502 3560 pater
521 3490 851 3559 promiserat,
864 3509 919 3543 se
937 3488 1102 3542 filiam
1116 3488 1366 3542 daturum

351 3570 434 3636 ei,
462 3569 552 3639 qui
575 3569 712 3622 lucta
748 3568 949 3622 vicisset
979 3588 993 3621 ε
1029 3567 1155 3621 hinc
1194 3568 1370 3621 ceteri

351 3649 516 3718 proci,
537 3658 684 3701 metu
701 3645 941 3716 perculsi,
957 3655 1211 3699 cesserunt
1223 3647 1371 3699 Her-

347 3727 452 3781 culi
477 3737 531 3780 et
562 3725 810 3779 Acheloo.

421 3807 497 3871 14.
524 3807 621 3856 Ille
637 3806 815 3856 Jorem
836 3822 1058 3857 socerum
1081 3812 1179 3856 etc.
1201 3801 1372 3855 Nobi-

346 3883 457 3937 lem
474 3903 529 3937 se
552 3903 744 3953 genere
760 3923 776 3949 ,
811 3884 1012 3936 clarum
1038 3884 1195 3937 rebus
1218 3882 1372 3951 gestis

348 3963 509 4031 jactat
531 4002 546 4028 ,
608 3973 669 4015 ut
711 3963 933 4017 Perseus
971 3957 1373 4014 Andromedam

350 4040 589 4094 ambiens
605 4080 620 4108 ,
643 4039 745 4106 IV,
768 4041 1094 4109 357.—Daet,
1121 4048 1375 4106 tanquam

350 4137 552 4171 munus
567 4157 582 4183 ‚
607 4138 668 4171 ea
683 4159 699 4184 ,
726 4119 788 4171 in
811 4136 1043 4187 quorum
1072 4115 1375 4169 societatem

343 4207 579 4250 ventura
603 4207 717 4249 erat
738 4197 932 4265 conjux
955 4196 1149 4249 sutura.
1169 4221 1237 4233 —
1256 4192 1378 4246 Mi-

353 4274 458 4327 rari
476 4274 597 4327 licet
610 4313 625 4341 ‚
643 4273 889 4343 placuisse
908 4273 1135 4327 Heinsio
1153 4282 1206 4325 et
1226 4272 1378 4325 Bur—

354 4371 557 4406 manno
577 4391 591 4419 ,
621 4352 762 4420 quod
778 4353 837 4410 in
856 4352 1137 4409 Graviano
1158 4349 1279 4406 MS.
1302 4349 1378 4403 le-

1457 1374 1599 1444 gitur
1617 1413 1632 1441 ,
1649 1392 1984 1443 summamque
2000 1376 2224 1426 laborum
2240 1390 2256 1422 .·
2274 1376 2473 1428 etenim

1453 1472 1649 1505 summa
1670 1457 1896 1505 laborum
1928 1452 2011 1505 vel
2034 1453 2304 1508 universos
2327 1455 2471 1508 labo-

1456 1549 1542 1584 res
1571 1531 1830 1601 significat
1851 1569 1866 1597 ‚
1913 1531 1996 1584 vel
2024 1532 2310 1585 maximum
2336 1533 2477 1586 labo·

1456 1629 1590 1662 rem.
1610 1607 1716 1662 Sed
1735 1607 1989 1677 Deianira
2013 1611 2246 1678 profecto
2262 1622 2315 1664 et
2334 1610 2477 1666 hunc

1459 1702 1512 1743 et
1535 1690 1647 1742 illos
1671 1698 1965 1742 recusasset.
1986 1717 2054 1730 --
2076 1691 2306 1742 Novercae
2320 1732 2333 1748 ,
2373 1691 2410 1743 J
2414 1711 2478 1743 u-

1458 1769 1614 1824 nonis
1635 1808 1649 1834 ,
1677 1787 1778 1836 qua
1802 1767 2095 1837 postulante
2114 1807 2130 1833 ‚
2152 1767 2478 1840 Eurystheus

1460 1848 1750 1901 Herculem
1767 1845 1829 1899 ad
1850 1846 2052 1900 labores
2074 1847 2196 1899 istos
2210 1846 2474 1916 adege1·at;

1459 1928 1662 1982 Seneca
1682 1966 1696 1992 ,
1728 1928 1888 1980 Herc.
1914 1927 2038 1979 Fur.
2064 1927 2127 1992 34
2148 1966 2163 1992 ,
2189 1929 2248 1992 4¹
2264 1966 2275 1978 .
2294 1930 2474 1981 Norer-

1457 2011 1598 2059 cales
1621 2009 1852 2058 stimulos
1875 2015 2025 2057 vocat
2048 2002 2388 2071 Claudianus,
2413 2005 2480 2059 R.

1456 2085 1518 2137 P.
1540 2083 1595 2137 ΙΙ
1614 2124 1628 2148 ,
1657 2084 1798 2152 praes.
1823 2102 1903 2154 29·
1927 2110 1995 2122 -
2017 2083 2257 2148 Supemre
2274 2123 2288 2143 ‚
2320 2102 2479 2136 exse—

1457 2163 1561 2231 qui.
1587 2161 1824 2228 Eajussa
1845 2159 2105 2213 Hercules
2125 2160 2231 2229 ipse
2255 2179 2387 2214 vers.
2411 2161 2478 2233 69

1457 2258 1566 2308 sqq.
1584 2277 1600 2304 ,
1629 2240 1720 2291 182
1746 2256 1857 2306 sqq.
1883 2247 2138 2289 recenset.

1531 2316 1605 2368 ιθ.
1641 2316 1804 2382 Turpe
1816 2317 1984 2366 Deum
1992 2324 2098 2377 etc.
2117 2313 2479 2383 Attemperata

1458 2400 1537 2444 est
1582 2390 1696 2444 haec
1743 2389 1960 2444 Acheloi
1997 2390 2165 2443 oratio
2209 2389 2480 2459 cupiditati

1459 2468 1633 2538 proci,
1653 2467 1880 2537 puellam
1906 2466 2184 2520 ambientis
2202 2488 2217 2531 ς
2235 2486 2354 2520 suas
2376 2467 2479 2519 vir-

1461 2556 1600 2600 tutes
1613 2543 1967 2607 commendat,
1990 2545 2160 2600 rivalis
2175 2557 2353 2600 autem
2370 2546 2482 2601 lau·
2567 2610 2569 2615 Α

1461 2623 1553 2677 des
1573 2623 1826 2678 invidiose
1848 2624 2342 2693 minuit—Duxi.Q
2386 2644 2479 2677 um
2556 2664 2559 2667 -

1462 2714 1616 2756 antea
1636 2707 1754 2757 de’ze·
1773 2703 1937 2771 (quod
1959 2703 2155 2757 habent
2178 2644 2481 2761 nostr-imile—

1461 2780 1553 2849 gii)
1586 2780 1891 2850 vulgaretur
1921 2820 1936 2848 ,
1983 2781 2236 2835 Heinsius
2273 2802 2333 2835 ex
2369 2794 2479 2836 uno

1462 2858 1690 2912 Strozsoe
1700 2860 2054 2929 duaee'recepit.
2069 2860 2395 2929 Quanquam
2409 2881 2479 2915 ne

1459 2936 1534 2989 sic
1558 2934 1775 3005 quidem
1807 2937 1965 2989 verba
1994 2937 2115 2990 satis
2138 2938 2274 2991 bene
2300 2939 2481 3007 juncta

1462 3024 1796 3080 procurrunt.
1840 3015 2021 3083 Itaque
2048 3013 2189 3068 idem
2210 3017 2366 3069 suasit
2390 3027 2481 3070 aut

1461 3095 1652 3145 ducens
1665 3133 1681 3155 ,
1724 3104 1815 3146 aut
1848 3094 1920 3147 sic
1945 3114 1958 3147 ε
1988 3098 2174 3147 Contra
2196 3113 2313 3163 ego,
2340 3104 2483 3164 Iurpe

1458 3178 1602 3226 ratus
1615 3176 1825 3227 mortali
1833 3177 2004 3226 cedere
2015 3215 2026 3234 ,
2044 3177 2169 3228 detti.
2186 3176 2345 3229 Forte
2364 3196 2482 3232 me-

1463 3248 1561 3303 lius
1584 3251 1688 3303 erit
1717 3270 1779 3303 ex
1819 3251 2027 3305 Heinsii
2064 3251 2437 3306 emendatione
2465 3294 2479 3320 ,

1463 3329 1665 3380 ducens.
1693 3327 1802 3382 Sed
1824 3333 1872 3382 τὸ
1886 3331 2054 3381 Deum
2073 3329 2239 3381 nolim
2259 3330 2449 3382 tentari
2465 3369 2480 3396 ,

1465 3404 1587 3470 quia
1613 3404 1667 3456 in
1693 3403 1914 3473 opposit.
1948 3407 2110 3457 Deum
2137 3408 2344 3457 mortali
2373 3423 2483 3457 ma·

1466 3500 1566 3550 gna
1590 3482 1683 3535 vis.
1703 3509 1770 3523 --
1794 3486 2027 3537 Nondum
2055 3491 2167 3537 era!
2192 3487 2281 3536 illc
2300 3486 2443 3535 Deus
2463 3500 2482 3548 ,⁶

1466 3563 1716 3617 &neotum
1737 3562 1850 3631 ejus
1870 3562 2027 3616 habes
2051 3563 2187 3615 infra
2206 3601 2221 3629 ,
2249 3564 2360 3628 240.
2382 3565 2483 3615 Ed.

1464 3666 1532 3679 --
1544 3642 1730 3707 Restm
1746 3639 1892 3693 dedit
1915 3640 2166 3694 Heinsius
2181 3659 2303 3692 cum
2330 3642 2484 3694 Nea-

1466 3717 1701 3788 p'olitano
1723 3718 1894 3787 primo
1914 3758 1929 3786 ,
1951 3718 2195 3772 Mediceo
2217 3717 2451 3771 secundo
2468 3758 2484 3786 ,

1471 3797 1668 3852 Norico
1700 3809 1752 3851 et
1777 3796 1980 3852 duobus
2015 3798 2160 3862 aliis;
2199 3799 2354 3868 vulgo
2380 3801 2485 3851 do-

1468 3881 1656 3929 minum
1688 3875 1857 3945 (quod
1881 3875 2037 3930 habet
2077 3876 2273 3943 Regius
2307 3885 2490 3927 noster

1473 3956 1590 4021 A);
1620 3954 1772 4008 multi
1802 3966 2002 4009 veteres
2027 3955 2194 4026 (inter
2210 3973 2342 4022 quos
2368 3953 2490 4007 Re-

1472 4036 1585 4105 gius
1608 4034 1699 4099 Β).
1723 4053 1916 4087 numen.
1939 4033 2216 4101 Quoniam
2239 4032 2487 4084 diviuita—

1472 4124 1582 4167 tem
1605 4131 1754 4164 suam
1782 4113 1938 4180 jactat
1963 4122 2016 4165 et
2042 4130 2192 4179 regna
2211 4112 2448 4179 sequitur
2471 4151 2489 4178 ,

1475 4190 1634 4260 possis
1667 4209 1777 4243 nou
1801 4190 1938 4242 male
1966 4190 2134 4258 legere
2159 4209 2335 4242 numen
2369 4210 2384 4241 :
2418 4189 2491 4243 ita

1478 4270 1532 4324 11
1559 4269 1741 4322 Amor.
1760 4285 1874 4335 xiv,
1901 4268 1957 4320 13
1975 4307 1990 4336 ,
2016 4278 2067 4321 et
2090 4268 2224 4321 Fast.
2247 4269 2346 4334 lV,
2369 4269 2485 4333 531,

1475 4366 1653 4402 numen
1675 4366 1933 4415 aquarum.
1955 4375 2022 4388 —
2044 4348 2132 4400 Me
2146 4352 2307 4401 ceratis
2332 4365 2492 4413 regem
