3185 5138
609 513 727 575 152

1154 511 1230 575 P.
1291 511 1645 580 0V1D11
1687 509 2134 578 NASONIS

597 648 834 721 Adfuit
867 646 974 721 ille
1011 648 1307 749 quidem;
1348 650 1462 723 sed
1495 679 1613 723 nec
1651 648 1964 723 solemnia
1991 649 2187 723 verba
2208 705 2227 737 ‚

591 764 729 836 Nec
766 763 948 837 laetos
983 763 1201 838 vultus
1223 822 1242 854 ‚
1285 794 1402 839 nec
1437 765 1591 840 felix
1627 765 1848 839 attulit
1883 794 2097 839 omen.
2682 787 2714 839 5

596 882 731 954 Fax
766 911 1066 983 quoque,
1105 912 1299 982 quam
1336 884 1578 970 tenuit,
1613 880 1974 982 lacrymoso
2008 878 2282 954 stridula
2311 880 2492 952 fumo

595 999 824 1098 Usque
857 999 982 1072 fuit
1003 1056 1020 1086 ‚
1057 997 1406 1099 nullosque
1439 998 1689 1072 invenit
1724 996 2023 1070 motibus
2053 995 2261 1089 ignes.

593 1114 832 1187 Exitus
864 1113 1159 1213 auspicio
1197 1113 1489 1207 gravium
1526 1141 1677 1186 nam
1708 1129 1917 1212 nupta
1947 1139 2066 1212 per
2094 1108 2336 1183 herbas

596 1226 775 1299 Dum
804 1255 970 1300 nova
1005 1226 1325 1301 Naiadum
1357 1227 1553 1302 turba
1586 1227 1892 1300 comitata
1923 1239 2192 1318 vagatur
2216 1278 2235 1310 ,

593 1340 862 1414 Decidit
885 1397 904 1428 ,
939 1343 1009 1414 in
1043 1341 1244 1416 talum
1279 1344 1606 1444 serpentis
1641 1343 1832 1416 dente
1864 1358 2144 1441 recepto.
2654 1374 2713 1408 ιο

583 1534 698 1580 dias
721 1539 816 1582 etc.
852 1530 1076 1581 formula
1099 1530 1343 1584 solemnis
1372 1552 1386 1593 ;
1420 1540 1474 1584 et
1498 1570 1514 1597 ,
1549 1541 1610 1583 ut

593 1606 780 1659 Burm.
795 1607 900 1676 ipse
918 1608 1111 1659 fatetur
1123 1647 1137 1673 ,
1165 1628 1285 1661 voce
1297 1629 1476 1662 vocare
1490 1629 1611 1678 pas-

593 1685 694 1738 sim
716 1685 849 1753 apud
875 1685 1127 1739 Ovidium
1151 1687 1406 1752 occurrit,
1433 1707 1607 1756 neque

591 1761 860 1829 ingratum
900 1762 1023 1814 illud
1057 1764 1268 1817 auribus
1302 1785 1411 1818 esse
1448 1777 1607 1834 puto:

595 1838 712 1891 vide
738 1840 800 1891 ad
830 1841 853 1892 1
881 1880 896 1903 ,
936 1860 1032 1912 ²99
1053 1880 1067 1903 ,
1099 1841 1305 1894 mollius
1327 1853 1468 1895 certe
1492 1854 1606 1908 est,

596 1935 756 1986 quam
780 1916 906 1969 illud
931 1916 1101 1970 Cicer.
1130 1918 1238 1972 Oss'.
1266 1920 1289 1971 1
1311 1959 1327 1983 ,
1362 1920 1421 1972 δι
1441 1959 1456 1987 ,
1482 1924 1609 1988 ple-

590 2000 732 2050 niore
745 2013 856 2060 ore‚·
882 2005 971 2047 aut
986 1995 1121 2048 infra
1137 2035 1152 2062 ‚
1177 1997 1341 2063 Xlll,
1365 1997 1457 2066 734
1473 2036 1488 2063 ,
1506 2002 1611 2050 ale‘-

593 2094 690 2143 quo
706 2095 905 2142 quoque.

661 2155 770 2218 4-7.
784 2154 838 2205 A
840 2152 1068 2219 dsm‘lille
1075 2158 1282 2222 quidem.
1298 2156 1419 2209 Non
1430 2158 1609 2210 fausta

595 2234 741 2285 suere
768 2232 863 2285 illoe
888 2234 1097 2302 nuptia.
1127 2227 1348 2300 Confer,
1374 2236 1453 2288 Vl
1472 2275 1486 2302 ,
1512 2239 1609 2302 428

595 2329 704 2378 sqq.
735 2310 794 2363 Id
821 2330 963 2363 nunc
988 2310 1052 2363 ad
1077 2312 1430 2385 Hymenaeum
1457 2315 1609 2381 eius-

596 2406 696 2456 que
719 2388 883 2442 facem
901 2390 1142 2442 refertur.
1157 2418 1223 2430 —-
1235 2393 1482 2443 solemma
1498 2411 1612 2444 ver-

595 2470 675 2519 ba.
711 2468 865 2521 Unus
895 2469 1168 2525 Basilensis
1193 2476 1436 2524 solemnia
1445 2473 1606 2539 jurem·

595 2542 736 2612 quod
757 2564 817 2598 ex
837 2556 950 2599 tura
964 2558 1142 2601 ortum
1159 2548 1495 2603 Burmannus
1509 2568 1612 2618 pu·-

593 2631 684 2674 tat.
696 2624 947 2677 Sole-mnia
961 2630 1110 2678 verba
1121 2666 1134 2683 .
1155 2646 1248 2679 can
1255 2638 1336 2680 tus
1349 2628 1610 2681 solemnes

594 2707 648 2749 et
664 2699 804 2752 laetos
820 2740 834 2765 ,
853 2720 880 2752 a
899 2702 1086 2768 quibus
1101 2704 1424 2773 Hymenoeus
1441 2710 1614 2772 εὖηχης

596 2773 1092 2844 dietus.—Necseliae
1111 2787 1284 2835 attuli!
1300 2802 1442 2834 omen
1454 2824 1468 2845 ‚
1497 2803 1609 2836 non

593 2854 717 2907 fecit
731 2894 745 2920 ,
774 2865 831 2907 ut
854 2856 1031 2909 letum
1047 2876 1203 2909 omen
1225 2861 1425 2928 sponsis
1438 2863 1611 2914 offer-

593 2942 771 2996 retur,
790 2931 931 3000 quod
949 2933 1067 2985 felix
1083 2935 1387 3003 eonjugium
1407 2937 1467 2989 iis
1481 2957 1611 3004 pro-

595 3009 845 3062 mitteret.
885 3010 1180 3078 Diligenter
1216 3023 1394 3064 autem
1432 3014 1611 3067 omina

598 3098 720 3141 ante
745 3087 951 3157 nuptias
972 3089 1343 3157 captabantur:
1364 3091 1481 3144 vide
1499 3093 1576 3145 lx
1592 3133 1609 3159 ‚

597 3165 1374 3237 766.—-Lacrymosumsumum‚
1404 3172 1492 3236 qui
1525 3171 1612 3222 la-

593 3261 799 3314 crymas
811 3244 912 3296 ciet
928 3282 944 3308 ,
973 3243 1128 3297 habet
1144 3244 1207 3296 ab
1226 3246 1475 3312 Horatio,
1498 3248 1610 3301 Sat.

594 3321 620 3374 Ι
634 3360 648 3385 ,
671 3322 741 3386 V,
759 3323 1127 3374 80.—smvula
1141 3362 1153 3382 ,
1185 3342 1376 3393 nempe
1392 3323 1609 3379 humida

592 3419 716 3454 cum
738 3401 960 3455 strido're
985 3403 1613 3474 fumabat.-Usqucsuit,·

591 3483 862 3548 nullosque.
887 3481 1042 3535 Unus
1068 3481 1236 3536 Vossii
1255 3492 1307 3535 et
1329 3502 1464 3537 unus
1485 3484 1609 3537 Lei-

592 3556 765 3610 densis
796 3560 957 3627 thue
974 3560 1092 3626 suit
1112 3600 1125 3621 ,
1172 3563 1338 3613 nullos
1376 3567 1566 3615 invenit
1582 3603 1596 3623 ,

594 3634 733 3703 quod
756 3636 920 3704 placet
945 3638 1249 3691 Heinsio.—
1265 3640 1414 3708 Regii
1441 3640 1606 3693 nostri

592 3712 789 3766 habent
816 3713 1097 3769 lectionem
1117 3727 1396 3785 receptam.
1410 3746 1476 3757 —
1492 3718 1607 3786 Ur-

589 3809 683 3857 que
697 3791 806 3843 vim
832 3792 1017 3859 habet,
1045 3810 1217 3861 neque
1244 3792 1375 3845 adeo
1397 3804 1608 3845 mutan-

590 3868 722 3920 dum
746 3889 758 3920 :
781 3874 998 3923 ehoem'n·
1020 3871 1288 3941 eleganter
1308 3890 1404 3939 pro
1424 3910 1438 3935 ,
1463 3889 1607 3924 con-

589 3946 773 4013 sequi,
813 3948 1076 4017 accipere;
1103 3949 1317 4014 confer,
1353 3949 1404 4001 11
1429 3987 1443 4014 ‚
1478 3966 1603 4019 729;

591 4021 706 4076 Art.
724 4024 902 4078 Amat.
922 4025 975 4078 11
995 4063 1010 4088 ,
1031 4028 1143 4091 441,
1168 4029 1308 4093 Ignis
1325 4033 1608 4079 exste'ndas

587 4103 789 4153 admoto
811 4106 1002 4169 sulfure
1008 4108 1250 4171 stammas
1273 4109 1482 4159 Invenit.
1511 4106 1608 4160 Si-

586 4177 779 4231 militer
822 4185 1038 4234 inoem'oe
1077 4189 1273 4236 veniam
1293 4224 1307 4243 ,
1359 4188 1574 4250 glorian
1588 4224 1603 4247 ‚

583 4273 733 4322 opes:
756 4256 860 4311 vid.
890 4259 1126 4315 Groevius
1149 4260 1214 4315 ad
1239 4262 1274 4313 J
1282 4262 1435 4315 ustin.
1458 4262 1565 4314 XII
1584 4299 1601 4328 ‚

1704 1545 1832 1595 vm,
1853 1529 1938 1581 16:
1953 1530 2183 1588 motibus,
2204 1524 2480 1590 rotatione,
2494 1543 2595 1593 qua
2609 1544 2714 1579 sus-

1703 1607 1998 1661 citabantur
2008 1604 2129 1659 sacis
2143 1604 2286 1674 ignes
2302 1624 2314 1655 :
2332 1602 2447 1655 vide
2462 1604 2541 1656 lv
2560 1643 2576 1669 ,
2600 1605 2712 1656 508.

1706 1687 1922 1737 Lumina
1945 1681 2217 1748 molasacc
2239 1679 2458 1734 Heroid.
2477 1681 2530 1734 ΙΙ
2544 1719 2559 1747 ,
2590 1699 2713 1742 ¹203

1690 1763 1927 1830 jactatas
1947 1771 2083 1814 nota
2090 1760 2219 1826 sace
2248 1778 2464 1812 cresoeoe
2472 1762 2715 1826 flammas

1707 1841 1890 1892 Amor.
1914 1840 1972 1904 1,
2000 1854 2075 1905 11,
2111 1858 2184 1890 ιι.

1768 1924 1816 1974 8.
1849 1923 2037 1973 Etilus
2064 1921 2291 1984 auspicio
2320 1920 2533 1983 μανίαν.
2567 1915 2712 1969 Finis

1704 1998 1931 2067 conjugii
1960 1996 2155 2050 tristior
2197 1995 2357 2048 etiam
2387 1994 2552 2046 initio.
2589 1994 2713 2046 Ini-

1704 2076 1836 2128 tium
1861 2074 1988 2128 dixit
2005 2079 2279 2141 empti-iant
2300 2074 2434 2126 sorte
2456 2089 2577 2124 cum
2604 2091 2714 2125 res-

1705 2165 1860 2224 pectu
1891 2153 1956 2206 ad
1986 2153 2119 2206 mala
2142 2152 2319 2205 omina
2344 2171 2358 2203 :
2380 2156 2577 2217 grauis,
2616 2151 2713 2203 in-

1706 2232 1838 2285 felix.
1863 2259 1928 2272 ·-
1951 2234 2121 2299 Nupta
2150 2230 2378 2299 Agriope
2409 2239 2621 2281 vocatur
2649 2230 2712 2281 ab

1709 2309 2096 2361 Hermesianac.
2118 2337 2183 2347 —
2206 2310 2443 2372 γαμῶν.
2463 2305 2714 2374 Fugiebat

1710 2388 1990 2441 Aristaeum
2018 2388 2070 2440 in
2098 2389 2207 2456 ripa
2240 2386 2502 2446 fluminis;
2534 2385 2715 2454 virgil.

1708 2477 1762 2519 et
1784 2468 1926 2538 Hyg.
1951 2466 2002 2518 d.
2026 2466 2056 2519 l.
2088 2464 2195 2519 Sed
2218 2466 2410 2519 Noster
2434 2463 2558 2517 alios
2582 2481 2715 2515 auc-

1708 2555 1846 2599 tores
1868 2555 2073 2599 secutus
2095 2543 2316 2597 videtur.
2340 2542 2455 2611 lpsa
2482 2552 2595 2595 erat
2614 2559 2717 2593 una

1706 2627 1985 2684 Naiadum,
2015 2633 2103 2675 aut
2124 2619 2416 2674 secundum
2440 2619 2717 2687 Virgilium

1707 2702 2160 2772 Dryadum—Pro
2184 2699 2439 2751 Naiadum
2460 2695 2720 2750 secundus

1709 2779 1975 2834 Palatinus
1986 2817 2001 2842 ,
2033 2777 2163 2830 alter
2178 2775 2510 2831 Twisdenius
2527 2784 2580 2827 et
2593 2773 2719 2826 alius

1707 2856 1902 2909 habent
1925 2857 2334 2907 Menatevum.-
2344 2852 2495 2921 Regii
2519 2851 2681 2904 nostri
2702 2891 2717 2916 ,

1706 2937 1976 2987 Naiadum.
2001 2961 2068 2974 —
2086 2936 2295 2986 Decidit
2328 2951 2356 2984 e
2392 2932 2718 2984 Francosur-

1708 3011 1840 3066 tensi
1865 3022 1920 3065 et
1936 3012 2133 3064 Strozae
2154 3011 2329 3064 codiee
2350 3011 2544 3078 recepit
2565 3010 2716 3061 Bur-

1706 3108 1933 3142 mannus
1955 3108 2051 3156 pro
2074 3088 2271 3158 vulgari
2292 3087 2716 3140 occidit—Dece·-

1705 3172 1809 3227 dit,
1838 3162 2029 3220 scilicet
2052 3165 2115 3218 ad
2141 3167 2335 3219 inferos
2352 3203 2368 3230 ,
2391 3172 2597 3215 mortua
2616 3170 2714 3213 est.

1707 3246 1960 3298 Horatius
1982 3284 1997 3309 ,
2029 3246 2108 3298 lv
2126 3284 2141 3311 ,
2177 3244 2283 3298 od.
2306 3260 2389 3297 vn
2406 3281 2420 3308 ‚
2456 3244 2515 3307 14
2533 3280 2548 3307 ,
2576 3244 2710 3302 Nos,

1703 3326 1796 3376 ubi
1810 3326 2084 3375 decidimus
2100 3363 2113 3383 ‚
2145 3325 2258 3388 Quo
2272 3326 2394 3389 pius
2414 3323 2601 3372 AEaeas
2617 3329 2714 3371 etc.

1706 3399 1793 3453 Sic
1819 3400 1976 3452 etiam
2008 3399 2061 3452 in
2092 3398 2344 3468 lapidibus
2373 3397 2474 3450 hoc
2494 3397 2713 3449 verbum

1705 3479 1959 3533 occurrit:
1982 3477 2098 3531 vide
2121 3480 2414 3532 Burmann.
2442 3476 2685 3548 Hyginus
2700 3513 2714 3538 ‚

1702 3558 1801 3610 sab.
1828 3578 1843 3609 ι
1856 3559 1885 3622 4
1903 3596 1919 3621 ,
1931 3560 2388 3623 ἄειιϊιϊρενεωηη
2398 3554 2464 3607 ab
2475 3571 2616 3623 apro.
2630 3552 2719 3605 sic

1703 3637 1916 3702 dejicere
1941 3654 2037 3703 pro
2063 3634 2361 3688 interficere
2385 3632 2520 3701 apud
2548 3630 2720 3683 Clau-

1704 3712 1920 3765 dianum
1935 3752 1949 3777 ,
1975 3712 2130 3781 Περὶ.
2149 3711 2399 3775 Pros.11‚
2417 3710 2513 3780 39:
2538 3719 2715 3761 tamen

1703 3791 1992 3844 Mitscherl.
2018 3790 2117 3843 hoc
2151 3790 2261 3843 loro
2285 3788 2544 3842 revocavit
2570 3792 2719 3839 occi—

1700 3872 1859 3922 m.—
1871 3869 2021 3938 Regii
2044 3868 2209 3922 nostri
2234 3868 2431 3920 habent
2450 3867 2721 3918 dei-idle.—

1700 3949 1946 4014 Serpeaelis
1960 3951 2103 3999 dente
2124 3956 2315 4013 recepto
2329 3985 2341 4003 ,
2367 3962 2566 4009 morsa,
2594 3942 2718 3994 vul-

1701 4036 1884 4079 nerata
1908 4026 2066 4079 dente
2090 4024 2345 4094 serpentis
2370 4023 2422 4074 in
2454 4021 2614 4074 herba
2640 4019 2719 4071 la-

1701 4107 1870 4159 tentis.
1905 4109 2109 4172 Recipit
2126 4102 2319 4170 serrum
2339 4143 2351 4163 ‚
2391 4100 2480 4170 qui
2503 4119 2568 4152 eo
2590 4097 2715 4149 vul-

1686 4194 1934 4248 neratur,
1951 4194 2039 4235 aut
2052 4181 2403 4236 transfoditur.
2428 4181 2603 4239 Talus,
2617 4191 2715 4245 pro

1700 4259 1836 4315 calce
1860 4261 2072 4328 positus.
