3185 5138
707 549 841 642 398

1273 550 1354 616 P.
1419 548 1790 618 OVIDII
1839 549 2307 620 NASONIS

708 689 1125 785 Contingent
1155 687 1384 779 fletus,
1418 692 1909 792 peregrinaeque
1941 692 2222 767 haustus
2256 721 2485 768 arenae.

709 805 954 881 Omnia
988 805 1431 908 perdidimus;
1470 826 1814 909 superest,
1852 837 1971 882 cur
2002 811 2216 884 vivere
2251 828 2514 913 tempus

704 922 788 995 In
819 921 1018 995 breve
1047 921 1405 996 sustineam
1424 978 1441 1008 ,
1481 921 1706 1024 proles
1742 924 2113 1018 gratissima
2144 925 2370 1013 matri,

705 1041 902 1112 Nunc
935 1038 1118 1114 solus
1139 1096 1157 1126 ,
1198 1039 1533 1141 quondam
1566 1040 1881 1116 minimus
1912 1042 1994 1118 de
2030 1043 2237 1144 stirpe
2268 1044 2479 1131 virili,

707 1155 849 1226 Has
877 1153 1071 1227 datus
1101 1155 1376 1228 Ismario
1410 1155 1549 1251 regi
1582 1154 1959 1256 Polydorus
1992 1157 2063 1229 in
2098 1186 2269 1232 oras.

2745 1180 2847 1234 530

708 1268 897 1367 Quid
928 1293 1154 1343 moror
1185 1270 1432 1345 interea
1469 1269 1759 1346 crudelia
1794 1269 2060 1345 vulnera
2090 1270 2381 1373 lymphis

708 1384 1035 1473 Abluere,
1069 1403 1136 1459 et
1170 1414 1437 1488 sparsos
1472 1387 1711 1461 immiti
1749 1387 2069 1482 sanguine
2104 1387 2378 1462 vultus?
2410 1422 2446 1452 »

707 1502 902 1576 Dixit
930 1533 944 1574 ε
973 1519 1041 1576 et
1071 1502 1155 1576 ad
1187 1502 1347 1576 litus
1378 1529 1579 1604 passu
1615 1502 1920 1606 procedit
1949 1503 2149 1591 anili,

706 1617 1033 1691 Albentes
1063 1616 1307 1691 laniata
1338 1646 1608 1693 comas:
1644 1654 1677 1684 «
1714 1620 1918 1706 Date,
1953 1620 2288 1708 Troades,
2326 1648 2559 1695 urnam
2580 1676 2601 1709 ,
2642 1655 2677 1686 »ι

706 1733 984 1808 Dixerat
1016 1733 1280 1822 infelix,
1315 1734 1603 1835 liquidas
1637 1736 1931 1811 hauriret
1966 1755 2041 1811 ut
2073 1736 2325 1812 undas:

2747 1758 2848 1813 535

705 1848 1016 1950 Adspicit
1055 1850 1332 1949 ejectum
1359 1850 1678 1953 Polydori
1714 1853 1785 1925 in
1817 1851 2016 1928 litore
2053 1882 2329 1956 corpuS,

705 1967 1034 2066 Factaque
1067 1965 1397 2040 Threiciis
1427 1967 1721 2061 ingentia
1754 1968 2027 2043 vulnera
2062 1968 2227 2043 telis.

703 2084 996 2158 Troades
1027 2082 1392 2158 exclamant
1420 2113 1436 2156 ε
1470 2083 1810 2159 obmutuit
1844 2084 1956 2160 illa
1984 2086 2253 2174 dolore3

703 2203 797 2275 Et
832 2202 1079 2303 pariter
1108 2230 1368 2289 vocem,
1405 2200 1855 2303 lacrymasque
1889 2203 2221 2279 introrsus
2256 2204 2526 2280 obortas

701 2319 996 2392 Devorat
1026 2321 1171 2420 ipse
1209 2317 1443 2407 dolor,
1483 2317 1784 2421 duroque
1817 2319 2148 2395 simillima
2182 2349 2341 2394 saxo

697 2518 1007 2572 —Haustus
1033 2534 1223 2579 arene,
1257 2516 1511 2586 particula
1537 2516 1721 2571 hausta

697 2616 886 2650 arenae.
924 2595 1107 2664 Quam
1139 2595 1392 2649 invidiose
1425 2595 1498 2649 ita
1528 2595 1721 2648 huma·

696 2675 902 2728 tionem
919 2674 974 2726 in
1000 2684 1140 2727 terra
1167 2674 1442 2744 peregrina
1466 2672 1721 2728 declarat!

766 2753 1018 2820 527-530.
1056 2754 1241 2805 Omnia
1271 2754 1582 2820 perdidimus
1621 2762 1720 2805 etc.

700 2832 956 2887 Praeclare
985 2829 1177 2883 desinit
1196 2831 1253 2882 in
1281 2829 1380 2883 hoc
1401 2829 1585 2884 solatio
1611 2850 1624 2882 ε
1650 2832 1721 2882 ita

697 2911 846 2965 enim
881 2909 1067 2961 fortius
1100 2909 1262 2963 sentis
1301 2907 1541 2961 dolorem
1568 2946 1582 2973 ,
1615 2929 1721 2978 quo

699 2986 991 3041 miserrima
1014 2996 1185 3038 mater
1215 2985 1544 3043 cruciabatur
1579 3005 1721 3039 con-

696 3074 873 3134 specto
919 3074 1137 3133 repente
1177 3061 1335 3131 hujus
1377 3082 1585 3132 quoque
1627 3063 1719 3117 filii

696 3145 1125 3212 corpore.—Car
1144 3159 1241 3211 pro
1256 3179 1272 3206 ,
1302 3151 1519 3211 propter
1542 3161 1720 3210 quem.

697 3250 765 3263 --
777 3224 991 3275 Ismario
1005 3226 1137 3288 regi.-
1156 3219 1504 3290 Polymestori
1521 3258 1538 3286 ‚
1556 3220 1721 3273 Thra·

697 3303 790 3356 ciae
801 3299 910 3369 regi
926 3322 939 3364 ;
952 3318 1077 3352 nam
1090 3298 1720 3354 IsmarusThraciaemons

698 3390 794 3434 est.
816 3381 918 3432 Ed.

766 3458 879 3513 532.
896 3458 1111 3509 Immite’s
1127 3460 1362 3523 sanguis,
1390 3455 1478 3525 qui
1503 3456 1720 3529 profluit

698 3554 794 3605 per
815 3534 1022 3587 hostem
1039 3533 1319 3587 immitem.
1335 3533 1492 3588 Unus
1512 3534 1721 3588 Heinsii

694 3618 894 3666 insonti
915 3618 1198 3679 sanguia&
1239 3612 1367 3665 alius
1396 3616 1630 3685 stjllante‘.
1652 3640 1718 3653 ·-

700 3691 853 3761 Regii
874 3690 1077 3744 codices
1095 3695 1289 3744 immiti.

766 3774 879 3827 533.
917 3776 1189 3837 Procedit,·
1227 3782 1335 3826 tres
1353 3811 1368 3838 ,
1391 3779 1707 3840 properavit,

699 3863 759 3908 ut
778 3850 918 3922 apud
948 3850 1229 3921 Virgilium
1245 3890 1260 3918 ,
1288 3850 1416 3904 AEn.
1443 3851 1523 3905 lv
1542 3893 1556 3920 ,
1577 3853 1673 3919 641
1698 3893 1714 3920 ,

694 3937 905 4002 gradum
947 3935 1116 3986 studio
1156 3934 1411 3984 celerabat
1454 3936 1600 3985 anili.
1651 3960 1717 3972 -

700 4015 876 4085 Vulgo
893 4024 947 4067 et
968 4013 1022 4066 in
1045 4012 1308 4071 codicibus
1330 4013 1520 4066 nostris
1540 4013 1715 4082 Regiis

696 4091 887 4161 legitur
901 4096 1185 4159 processt‘t,·
1221 4091 1397 4146 nescio
1427 4090 1570 4144 unde
1589 4111 1717 4159 pm-

696 4174 832 4223 cedit
856 4169 1117 4240 Gierigius
1139 4171 1425 4241 exceperim
1454 4168 1543 4224 sed
1566 4166 1716 4240 pre-

696 4264 815 4301 sens
831 4256 1037 4315 tempus
1052 4258 1191 4311 certe
1208 4248 1342 4301 bene
1358 4266 1413 4301 se
1427 4246 1600 4301 habet.
1614 4249 1715 4303 Ed.

695 4323 917 4378 -Aaili
929 4343 1038 4378 non
1056 4335 1183 4394 puto
1202 4324 1286 4379 hie
1309 4323 1608 4380 tarditatem
1624 4336 1715 4379 aut

2740 2342 2842 2413 540

1822 2527 2109 2569 tremorem
2124 2515 2321 2586 pedum
2338 2527 2521 2572 notare
2533 2557 2548 2584 ‚
2572 2516 2663 2572 sed
2682 2529 2839 2583 ornat

1821 2606 2027 2649 tantum
2046 2635 2061 2662 ,
2086 2606 2146 2649 ut
2165 2596 2352 2666 passim
2378 2600 2653 2663 virgineas,
2677 2597 2841 2664 semi-

1818 2693 1944 2727 neus
1965 2684 2062 2727 etc.
2094 2674 2215 2742 quia
2239 2692 2371 2727 anus
2392 2685 2504 2727 erat
2520 2714 2535 2741 ,
2562 2686 2839 2745 propterea

1817 2757 1954 2805 anili
1968 2771 2117 2822 passu
2135 2752 2385 2822 procedit.
2401 2753 2507 2807 Hic
2521 2752 2714 2808 deserit
2733 2754 2837 2807 Eu·

1818 2831 2046 2901 ripidem
2071 2871 2088 2899 ,
2120 2828 2258 2901 apud
2296 2849 2459 2900 quem
2479 2871 2495 2898 ,
2534 2852 2667 2885 vers.
2701 2832 2836 2902 678,

1819 2907 2003 2962 ancilla
2024 2947 2040 2974 ,
2078 2927 2266 2977 aquam
2297 2909 2559 2962 marinam
2589 2909 2838 2963 haustum

1818 2986 1974 3040 missa
1988 2990 2022 3053 ,‘
2037 2985 2206 3039 adfert
2231 2986 2477 3059 Polydori
2500 3006 2707 3058 corpus.

1870 3064 1982 3133 537.
1998 3065 2232 3132 Ingentia
2244 3069 2450 3119 vulnera
2463 3065 2688 3119 illustrat
2704 3066 2836 3119 Bur-

1818 3160 2046 3195 mannus
2071 3161 2101 3194 e
2124 3141 2315 3208 Floro,
2344 3143 2430 3210 11,
2461 3161 2519 3211 7:
2543 3164 2570 3189 κ
2598 3143 2834 3196 Vulnera

1820 3242 1847 3266 υ
1875 3238 1984 3272 nou
2004 3219 2209 3289 spiculis
2225 3259 2238 3272 .
2252 3259 2263 3272 .
2284 3259 2296 3271 .
2314 3219 2403 3274 sed
2431 3221 2733 3289 ingentibus
2750 3221 2835 3291 pi-

1819 3319 1848 3344 »
1868 3297 1963 3362 lis,
2001 3317 2100 3351 nec
2130 3298 2423 3352 minoribus
2447 3297 2626 3352 adacta
2654 3299 2833 3371 gladiis

1816 3398 1844 3424 ³»
1875 3377 2010 3431 ultra
2046 3389 2276 3432 mortem
2314 3378 2576 3448 patebant.
2602 3400 2629 3425 »ο
2669 3379 2835 3433 Addit

1814 3455 2101 3526 explicandi
2139 3468 2219 3512 τοῦ
2244 3460 2378 3510 ultra
2408 3468 2613 3510 mortem
2645 3478 2795 3511 causa
2813 3497 2829 3525 ,

1816 3544 1925 3587 tam
1938 3536 2094 3604 ingen
2104 3535 2172 3589 tia
2184 3534 2338 3589 fuisse
2354 3534 2588 3600 vulnera,
2603 3538 2830 3590 utetiam

1814 3632 1959 3666 mors
1974 3614 2231 3685 potuisset
2262 3613 2456 3665 minori
2491 3615 2709 3668 vulnere
2738 3615 2833 3667 in·-

1812 3691 1939 3745 serri
1958 3733 1972 3760 ,
2000 3712 2061 3746 ex
2082 3712 2192 3746 uno
2208 3693 2418 3747 illorum
2443 3696 2669 3765 potuisse
2688 3696 2833 3766 quasi

1814 3772 1987 3843 plures
2008 3773 2251 3827 homines
2271 3775 2427 3828 morti
2453 3774 2580 3827 dari.

1880 3853 1992 3925 539.
2018 3854 2117 3914 Et,
2145 3853 2337 3924 quippe
2355 3893 2372 3921 ,
2407 3853 2703 3923 siquidem;
2734 3852 2828 3907 ul·-

1813 3931 1975 3984 terius
2003 3932 2148 3984 enim
2173 3931 2403 3986 declarat
2422 3938 2473 3987 το·
2493 3936 2828 3986 obmutuit.—

1811 4013 2037 4066 Βιθυνοί
2056 4011 2496 4066 accommodatius
2520 4011 2712 4065 doloris
2732 4032 2827 4065 ra-

1810 4088 1911 4142 biei
1928 4128 1943 4156 ,
1964 4107 2121 4158 quam
2138 4129 2153 4156 ,
2171 4090 2365 4142 retinet
2385 4100 2473 4142 aut
2486 4090 2655 4143 simile
2669 4088 2795 4160 quid
2807 4129 2823 4154 ‚

1808 4172 2062 4238 lacrymas
2078 4175 2323 4223 ehlmrsus
2334 4175 2552 4229 obortas,
2569 4191 2829 4242 expressas

1812 4247 2029 4317 quidem
2055 4287 2069 4314 ,
2108 4245 2201 4301 sed
2237 4267 2350 4302 non
2389 4249 2730 4318 profluentes.
2759 4249 2830 4302 Et

1809 4325 1912 4381 hoc
1947 4327 2011 4381 ad
2047 4328 2125 4381 rei
2154 4328 2430 4382 veritatem
2457 4328 2822 4390 observatum;
