3185 5138
620 532 1683 614 METAMORPHOSEON
1730 550 1925 616 LIB.
1973 552 2207 620 XIII.

2352 549 2481 623 383

347 686 444 758 Te
477 701 694 759 tamen
729 686 1116 781 aggrediar-3
1153 715 1545 790 mecumque
1579 688 1890 764 reducere
1924 691 2100 767 nitar
2128 723 2147 788 ;

347 804 644 903 Tamque
680 804 816 876 tuis
853 803 1107 905 potiar,
1141 803 1354 878 faveat
1385 807 1682 880 Fortuna
1704 862 1723 893 ‚
1762 807 2062 902 sagitti8‚

352 923 571 1018 Quam
605 950 752 994 sum
786 921 1120 996 Dardanio
1147 979 1165 1010 ,
1203 950 1398 1022 quem
1433 922 1613 1023 cepi,
1651 940 1796 998 vate
1829 925 2127 1023 potitus;

2392 951 2491 1004 335

354 1039 575 1132 Quam
610 1066 928 1138 responsa
965 1039 1180 1111 Deum
1202 1094 1221 1124 ‚
1258 1037 1677 1138 Troianaque
1711 1038 1845 1112 fata
1877 1042 2125 1128 retexi,

355 1152 580 1245 Quam
617 1153 809 1253 rapui
842 1153 1147 1252 Phrygiae
1180 1152 1442 1248 signum
1480 1152 1815 1253 penetrale
1857 1155 2171 1230 Minervae

354 1268 688 1341 Hostibus
722 1296 756 1341 e
789 1267 1024 1341 mediis
1053 1298 1068 1341 ε
1106 1285 1169 1341 et
1202 1296 1271 1342 se
1307 1267 1472 1341 mihi
1505 1288 1841 1370 comparet
1875 1271 2101 1370 Ajax?

350 1385 606 1484 Nempe
639 1382 783 1485 capi
816 1383 1082 1482 Trojam
1120 1382 1571 1484 prohibebant
1607 1384 1737 1458 sata
1772 1385 1911 1459 sine
1946 1385 2101 1461 illis.

351 1499 576 1574 Fortis
608 1500 727 1573 ubi
760 1517 861 1574 est
892 1500 1116 1598 Ajax?
1147 1499 1265 1573 ubi
1299 1519 1456 1574 sunt
1488 1501 1780 1596 ingentia
1815 1503 2037 1597 magni

2391 1529 2494 1595 340

351 1616 572 1688 Verba
601 1613 774 1687 viri?
808 1643 926 1688 cur
954 1614 1063 1688 hic
1097 1615 1390 1689 metuis?
1423 1645 1543 1690 cur
1571 1616 1769 1690 audet
1803 1616 2030 1693 Ulixes

350 1733 454 1804 Ire
484 1760 607 1832 per
631 1723 976 1819 excubias,
1014 1749 1081 1805 et
1115 1759 1186 1805 se
1213 1732 1622 1808 committere
1656 1733 1891 1807 nocti?
1962 1743 1969 1749 ’

302 1937 306 1940 v
356 1895 480 1950 dine
495 1938 510 1964 ,
535 1917 641 1966 quo
663 1897 746 1952 hic
763 1937 777 1963 ,
804 1897 954 1966 positi
977 1909 1183 1952 sunt.·—
1195 1899 1256 1951 In
1277 1919 1376 1968 po-

355 1975 559 2028 steriori
585 1986 758 2028 autern
775 2016 790 2040 ,
824 1979 896 2027 Te
915 1985 1084 2029 lamen
1104 1986 1199 2029 etc.
1224 1977 1372 2032 valde

357 2052 651 2122 discrepant
674 2053 820 2106 MSS
843 2072 855 2105 ε
882 2052 1034 2106 multi
1063 2055 1080 2115 (
1103 2064 1155 2106 et
1180 2054 1375 2124 Regius

291 2167 296 2172 -
359 2131 451 2195 A)
489 2131 683 2184 habent
708 2170 722 2197 ,
770 2132 842 2182 Te
872 2140 1039 2183 lamen
1076 2135 1367 2200 aggrediar,

357 2230 446 2263 nec
469 2214 657 2263 inultus
672 2249 685 2271 ‚
712 2227 857 2275 spero
871 2248 884 2269 ‚
909 2213 1193 2277 relinquam·
1224 2229 1374 2261 non-

359 2287 487 2341 nulli
504 2326 520 2353 ,
544 2289 810 2354 aggrediar
820 2285 1244 2352 longefhrme'ch‘ne
1254 2290 1377 2353 pul-

358 2383 454 2430 sa,·
491 2386 578 2419 sex
594 2405 608 2430 ,
647 2367 915 2432 aggrediar
953 2369 1151 2416 sollerti
1177 2374 1378 2431 pectore

339 2449 519 2514 fidus‚·
549 2444 656 2496 duo
673 2484 688 2509 ,
721 2450 999 2512 castrisque
1024 2445 1251 2496 reducere
1283 2450 1376 2496 ni·-

357 2538 460 2589 ίαν,
495 2524 635 2595 quod
661 2526 974 2579 Burmanno
999 2543 1108 2576 non
1137 2523 1376 2593 displice-

358 2606 475 2671 bat,
493 2624 590 2657 nec
610 2604 803 2658 Lenzio
823 2624 834 2655 ε
854 2603 944 2656 sed
968 2602 1076 2655 haec
1093 2621 1238 2654 mera
1252 2613 1376 2655 sunt

359 2683 690 2737 librariorum
715 2682 1093 2752 supplementa.
1130 2681 1190 2733 In
1219 2681 1375 2750 prim.

360 2766 521 2818 Palat.
537 2764 853 2818 interlineas
870 2771 980 2833 erat
994 2760 1244 2831 scriptum
1261 2801 1276 2827 ,
1306 2763 1377 2814 Te

357 2853 526 2897 tamen
546 2846 817 2911 aggrediar
835 2882 849 2902 ‚
900 2840 1110 2908 reliquis
1143 2838 1373 2903 omissis;

360 2920 410 2974 id
431 2920 617 2990 probat
630 2919 816 2974 Heius.
844 2920 965 2972 Non
985 2918 1126 2971 enim
1143 2917 1374 2985 dubitat,

359 2997 502 3051 bunc
525 3008 579 3052 et
598 2998 771 3068 plures
789 3017 967 3050 versus
993 2996 1054 3050 ab
1071 2994 1268 3051 ovidio.
1288 3015 1380 3048 re-

359 3076 505 3131 lictos
538 3097 646 3131 esse
691 3077 1037 3146 imperfectos,
1075 3075 1212 3129 Mihi
1249 3095 1377 3128 vero

364 3173 548 3222 parum
571 3154 817 3208 credibile
837 3153 1065 3221 videtur,
1079 3152 1376 3208 secundum

363 3231 543 3284 Ovidii
569 3233 838 3301 ingenium
861 3272 875 3299 ,
905 3244 1012 3286 tam
1035 3231 1194 3285 verba
1218 3250 1375 3300 quam

361 3310 643 3364 sententias
661 3329 1026 3379 saepenumero
1042 3320 1239 3363 temere
1263 3329 1378 3379 pro-

362 3387 590 3439 fundens
621 3399 675 3440 et
706 3389 1010 3452 cumulans,
1047 3406 1224 3441 versus
1254 3385 1379 3441 reli-

364 3466 530 3541 quisse
560 3466 921 3535 imperfectos;
958 3477 1140 3536 putem
1170 3466 1341 3536 potius
1359 3506 1375 3532 ,

367 3544 705 3616 posteriorem
727 3544 882 3613 hujus
904 3565 1081 3599 versus
1100 3556 1303 3614 partem
1323 3546 1381 3601 in

371 3621 728 3692 antiquissimo
757 3623 933 3675 codice
963 3663 978 3687 ,
1018 3622 1160 3675 unde
1194 3623 1381 3691 reliqui

373 3700 615 3769 descripti
628 3709 752 3752 sunt
766 3739 780 3763 ,
798 3699 951 3751 fuisse
975 3698 1200 3753 deletam
1218 3723 1232 3761 ς
1259 3693 1381 3754 hinc

374 3781 605 3834 librarios
619 3819 633 3845 ,
654 3799 750 3847 pro
772 3797 869 3832 suo
891 3778 1107 3847 quisque
1133 3777 1346 3848 ingenio
1364 3819 1379 3847 ,
1423 3836 1433 3847 ,

371 3861 607 3913 lacunam
628 3855 867 3926 explesse.
893 3856 972 3909 Ex
988 3856 1066 3909 bis
1085 3855 1242 3926 igitur
1257 3876 1384 3927 sup-

371 3935 678 4007 plementis,
706 3954 868 4003 quum
903 3934 1225 4001 nesciamus,
1255 3935 1381 4004 quid

373 4013 597 4068 Ovidius
637 4013 897 4082 scripserit
928 4052 943 4080 ,
990 4012 1107 4065 licet
1148 4012 1337 4081 eligere
1365 4051 1380 4078 ,

369 4091 508 4162 quod
529 4093 717 4160 cuique
740 4092 919 4146 lectori
935 4109 1041 4162 prae
1056 4091 1254 4144 caeteris
1271 4110 1385 4159 pro·

364 4172 791 4224 batur—Faveo!
804 4174 1024 4223 Fortuna
1036 4188 1054 4236 ,·
1069 4167 1380 4237 subintellig.

368 4248 676 4302 dummod0.
702 4252 799 4303 Ed.
941 4278 944 4279 ⁷

436 4329 549 4382 335.
583 4328 878 4381 Dardam'ns
909 4335 1078 4391 vales,
1115 4325 1352 4380 Helenus
1370 4365 1384 4390 ,

1471 1899 1536 1952 de
1561 1919 1668 1969 quo
1693 1941 1706 1965 ,
1735 1919 1807 1952 vs.
1832 1919 1912 1972 99.
1930 1927 1996 1939 --
2012 1902 2276 1967 Responsa
2298 1901 2460 1956 Dema
2478 1946 2493 1968 ,

1470 1979 1575 2033 scil.
1603 1978 1757 2032 exitio
1790 1978 1904 2030 fore
1933 1978 2179 2047 Troianis
2205 2018 2219 2044 ,
2252 1979 2293 2032 si
2327 1981 2505 2034 Palla-⁸

1473 2056 1621 2109 diurn
1645 2056 2196 2123 auferant—Signum
2210 2064 2491 2124 penetrale,
2594 2077 2599 2082 ·

1472 2146 1617 2187 stans
1642 2133 1695 2185 in
1722 2133 2100 2203 penetralibus,
2141 2143 2197 2185 ut
2215 2142 2497 2200 penetrales

1473 2217 1573 2266 Dii
1598 2213 1736 2284 apud
1763 2213 1874 2267 Cic.
1901 2214 2020 2266 Nat.
2044 2214 2207 2266 Deor.
2232 2214 2312 2278 11,
2339 2237 2414 2285 27.
2431 2245 2497 2256 --

1476 2294 1591 2345 Sine
1616 2296 1752 2350 illis,
1798 2290 2009 2343 Heleno
2040 2302 2095 2343 et
2133 2291 2378 2343 Palladio.
2416 2294 2494 2347 Ita

1475 2371 1621 2425 dedit
1635 2372 1976 2424 Burmannus
1991 2389 2050 2422 ex
2067 2380 2290 2439 quatuor
2315 2370 2459 2425 MSS
2479 2414 2493 2439 ,

1477 2447 1900 2501 Francosurtensi
1920 2489 1935 2514 ,
1985 2447 2110 2500 Sixii
2140 2488 2155 2513 ,
2198 2446 2405 2501 Francii
2444 2460 2497 2502 et

1477 2525 1675 2579 Moreti
1701 2565 1715 2592 ,
1755 2544 1916 2595 quum
1956 2524 2142 2594 reliqui
2176 2543 2361 2578 omnes
2388 2531 2499 2580 sine

1472 2608 1564 2656 illo
1587 2602 1843 2669 habeant,
1874 2603 2012 2672 quod
2038 2603 2313 2672 dupliciter
2341 2603 2499 2657 intel-

1475 2681 1561 2752 ligi
1598 2693 1806 2752 potest,
1848 2683 1929 2735 vel
1959 2684 2072 2735 sine
2104 2681 2337 2736 Palladio
2360 2723 2375 2749 ,
2415 2683 2498 2737 vel

1475 2758 1674 2812 ironice
1692 2800 1707 2826 ,
1734 2760 1845 2812 sine
1874 2760 2033 2827 Aiace
2057 2776 2070 2809 ε
2090 2757 2178 2811 sed
2204 2762 2311 2810 illis
2326 2760 2497 2813 multo

1474 2839 1691 2901 melius;
1714 2836 2153 2890 Mitscherlicbius
2171 2848 2345 2890 tamen
2367 2838 2500 2892 alte-

1476 2936 1597 2969 rum
1614 2917 2109 2985 revocavit—Regii
2125 2915 2496 2970 codices-ambo

1476 2999 1585 3048 sine
1612 2998 1700 3048 illo
1719 3035 1731 3053 ‚
1771 2994 1905 3063 quod
1931 2995 2065 3047 bene
2098 3004 2237 3049 erat:
2268 2994 2499 3047 Palladio

1476 3086 1628 3144 rapto
1646 3115 1660 3141 ,
1689 3074 1741 3127 id
1773 3085 1851 3128 est
1871 3076 2124 3144 sapientia
2149 3075 2347 3126 sublata
2369 3115 2382 3139 ‚
2412 3076 2497 3127 ri-

1476 3154 1659 3206 vitates
1678 3152 1824 3206 facile
1853 3164 2179 3208 evertuntur.
2204 3155 2303 3204 Ed.

1542 3233 1656 3299 340.
1681 3234 1849 3283 Fortis
1869 3236 2049 3284 abies!
2066 3232 2254 3298 Ajax?
2275 3230 2397 3281 Jam
2414 3229 2499 3283 bic

1477 3328 1657 3361 rursus
1691 3308 1847 3361 habet
1869 3348 1884 3375 ,
1925 3309 1979 3360 in
2017 3327 2122 3375 quo
2158 3307 2375 3359 exsultet
2407 3325 2499 3359 sua

1477 3388 1678 3447 oratioz
1702 3391 1885 3440 confer
1899 3386 2081 3455 Virgil-
2107 3385 2231 3438 AEn.
2253 3384 2307 3436 ΙΙ
2324 3424 2338 3449 ,
2372 3385 2499 3436 162—

1484 3484 1576 3536 179
1594 3504 1608 3530 ,
1626 3462 1766 3516 unde
1789 3475 2003 3532 apparet
2020 3502 2033 3527 ‚
2053 3480 2157 3513 non
2180 3470 2376 3512 temere
2398 3460 2497 3513 hoc

1476 3539 1706 3593 facinore
1733 3540 1938 3608 gloriari
1965 3538 2498 3608 Ulyssem.—Magna

1478 3623 1630 3671 verba
1656 3616 1921 3686 gloriantis
1944 3624 2068 3668 sunt
2084 3654 2098 3678 ,
2126 3623 2185 3665 ut
2209 3612 2326 3664 alibi
2352 3612 2498 3664 vidi-

1479 3716 1626 3757 mus;
1650 3694 1740 3749 sed
1766 3695 2023 3747 exsultans
2046 3693 2258 3763 Ulysses
2281 3696 2499 3757 ingentia

1479 3776 1652 3844 potius
1677 3774 1722 3826 ei
1748 3773 1944 3825 tribuit.
1970 3800 2038 3812 —
2061 3772 2297 3824 Praesens
2319 3777 2499 3823 metm's

1481 3855 1705 3908 Lenzius
1742 3863 1922 3923 urget,
1963 3862 2211 3921 putatque
2253 3850 2497 3922 Ulyssem

1481 3933 1682 4003 fingere
1701 3972 1716 3998 ,
1742 3950 1807 3984 eo
1828 3932 1940 3999 ipso
1964 3941 2200 4000 tempore
2222 3968 2238 3995 ,
2262 3947 2368 3998 quo
2388 3928 2498 3983 baec

1480 4013 1816 4081 loqueretur,
1836 4011 2063 4078 'Ajacem
2088 4020 2234 4062 metu
2259 4028 2366 4061 esse
2383 4027 2499 4062 cor-

1481 4099 1708 4157 reptum.
1735 4089 1910 4141 Immo
1934 4107 2029 4156 per
2054 4097 2224 4140 totum
2248 4084 2390 4140 hunc
2418 4087 2499 4140 lo-

1482 4186 1603 4221 cum
1630 4167 1904 4236 presentia
1932 4176 2057 4218 sunt
2082 4184 2179 4234 pro
2210 4165 2496 4233 praeteritis.

1482 4272 1548 4285 -
1568 4248 1651 4297 Ire
1668 4265 1763 4312 per
1792 4248 2034 4297 excubias
2059 4261 2076 4307 ‚⁸
2122 4263 2257 4297 unus
2293 4245 2499 4298 Heinsii

1482 4330 1556 4376 ire
1569 4343 1665 4392 per
1683 4326 1915 4378 insidias.
1941 4323 2091 4394 Regii
2119 4322 2321 4378 codices
2339 4343 2498 4378 etcu-
