3185 5138
614 543 1664 626 METAMORPHOSEON
1710 556 1907 624 LIB.
1959 558 2131 628 XV.

2326 561 2452 626 551

320 695 526 792 Signa
557 711 772 769 tamen
806 692 1027 769 luctus
1062 694 1223 770 dant
1252 694 1431 769 haud
1465 696 1712 771 incerta
1742 695 1974 770 futuri.

319 813 519 884 Arma
558 810 780 885 ferunt
813 811 1037 905 nigras
1068 811 1244 884 inter
1271 811 1660 913 crepitantia
1692 811 1906 886 nubes
1931 869 1951 901 ‚

320 923 814 1027 Terribilesque
847 925 1082 1013 tuba3‚
1116 926 1474 1028 auditaque
1505 956 1754 1002 cornua
1785 926 1940 1002 caelo

320 1042 803 1118 Praemonuisse
836 1043 1021 1116 nefas
1051 1073 1067 1115 :
1099 1043 1340 1117 Phoebi
1372 1072 1646 1145 quoque
1679 1044 1886 1119 tristis
1916 1044 2136 1140 imago

2357 1068 2457 1139 785

317 1155 570 1231 Lurida
601 1153 901 1231 sollicitis
931 1157 1271 1258 praebebat
1302 1156 1553 1231 lumina
1586 1157 1818 1233 terris:

320 1273 507 1377 Saepe
537 1274 710 1349 faces
746 1275 899 1350 visae
928 1275 1163 1350 mediis
1198 1273 1424 1349 ardere
1456 1274 1587 1348 sub
1621 1276 1817 1350 astris
1846 1304 1865 1364 ;

320 1393 509 1494 Saepe
538 1393 712 1468 inter
738 1394 1009 1468 nimbos
1042 1411 1245 1490 guttae
1281 1392 1568 1467 cecidere
1602 1411 1904 1467 crueutae.

321 1509 621 1585 Caerulus
659 1528 724 1584 et
753 1510 1012 1585 vultum
1046 1510 1378 1606 ferrugine
1412 1508 1682 1584 Lucifer
1713 1527 1853 1584 atra

319 1627 606 1729 Sparsus
639 1644 820 1712 erat;
856 1626 1066 1728 sparsi
1099 1624 1364 1701 lunares
1397 1626 1718 1721 sanguine
1750 1655 2002 1702 currus».

2356 1670 2456 1724 790

318 1742 563 1817 Tristia
594 1741 772 1816 mille
806 1739 972 1816 locis
1008 1742 1282 1842 Stygius
1315 1741 1500 1816 (ledit
1531 1742 1752 1817 omina
1782 1743 1969 1818 bubo
1999 1772 2017 1818 t

320 1857 511 1932 Mille
547 1857 713 1933 locis
748 1857 1127 1960 lacrymavit
1155 1857 1362 1944 ebur,
1400 1877 1766 1959 cantusque
1800 1859 2105 1936 feruntur

320 1975 587 2066 Auditi,
627 1973 871 2050 sanctis
905 1992 972 2048 et
998 1975 1200 2049 verba
1230 1974 1509 2049 minacia
1539 1973 1728 2048 luciS.

320 2090 606 2165 Victima
637 2090 821 2165 nulla
851 2089 1001 2165 litat
1029 2119 1045 2178 ;
1081 2117 1497 2191 magnosque
1531 2090 1776 2163 instare
1814 2088 2140 2164 tumultus

320 2210 523 2283 Fibra
555 2227 822 2298 monet;
860 2236 1231 2308 caesnmque
1266 2224 1468 2309 caput
1502 2207 1832 2308 reperitur
1864 2208 1934 2281 in
1968 2208 2155 2281 extis,

2356 2231 2455 2301 795

323 2328 536 2425 Inque
567 2325 756 2411 soro,
792 2326 1172 2425 circumque
1206 2323 1439 2400 domos
1463 2381 1485 2413 ,
1515 2341 1584 2398 et
1620 2323 1865 2425 templa
1899 2324 2199 2398 Deorum

321 2443 707 2514 Nocturnos
737 2439 1027 2517 ululasse
1063 2467 1289 2530 canes,
1321 2441 1738 2542 umbrasque
1760 2439 2076 2515 silentum

320 2605 516 2665 hrt-ea,
540 2602 1137 2670 immutabilia—Siata,
1163 2623 1202 2657 s.
1220 2621 1337 2673 pro-

322 2683 459 2753 digia
488 2683 759 2752 sequentia
787 2692 960 2736 sumta
992 2691 1118 2735 sunt
1148 2700 1177 2735 e
1209 2681 1337 2734 vir-

322 2762 463 2830 gilio,
485 2760 678 2830 Georg.
696 2763 721 2815 l
736 2800 751 2827 ,
765 2762 861 2828 464
874 2780 997 2830 sqq3
1016 2778 1334 2830 quamquam

321 2841 481 2893 etiam
501 2840 755 2893 historicis
774 2839 1060 2893 celebrata:
1080 2838 1221 2892 conf.
1242 2840 1337 2893 'ri-

321 2916 522 2985 bullus,
551 2917 604 2971 11
625 2956 641 2984 ,
662 2934 717 2982 ν,
745 2918 913 2988 71-78
934 2957 951 2985 ,
974 2927 1029 2971 et
1052 2916 1244 2971 Cicero
1268 2917 1334 2972 ‹le

321 2996 444 3050 Div.
469 2997 525 3062 1,
553 2995 1207 3065 nosqq.—Luctussuturi.
1227 2995 1337 3049 bel-
1352 3062 1363 3071 ἢ

320 3074 494 3129 lorum
516 3073 746 3128 civilium
759 3073 1063 3127 instantium
1078 3094 1094 3136 ;
1116 3091 1240 3126 nam
1253 3092 1336 3126 se-

320 3152 558 3206 cundum
588 3152 736 3221 Virg.
769 3151 856 3204 illa
888 3150 1191 3206 acciderunt
1219 3161 1337 3221 post

324 3233 520 3288 cedem
542 3233 669 3287 Julii
697 3231 933 3286 Caesaris.

393 3314 497 3380 783.
522 3312 873 3379 Armaserunt
889 3315 1061 3379 nigras
1074 3319 1171 3364 etc.
1187 3309 1337 3378 Virg-

322 3400 378 3444 et
398 3388 633 3444 Tibullus
655 3388 792 3443 dicto
812 3388 942 3442 loco.
958 3416 1025 3429 -
1043 3388 1126 3442 De
1151 3393 1340 3456 crepitu

324 3486 595 3523 armorum
622 3467 739 3521 vide
762 3466 829 3519 ad
852 3467 877 3520 1
898 3506 914 3534 ,
949 3468 1056 3533 143.
1080 3493 1147 3505 —
1164 3468 1347 3519 Phebi

320 3553 490 3613 imago
501 3586 515 3609 ‚
532 3545 758 3599 Phoebus
770 3584 786 3612 ,
801 3544 876 3599 sol
893 3563 986 3614 per
1002 3553 1174 3596 totum
1188 3542 1337 3596 illum

322 3645 522 3680 annum
544 3624 782 3697 pallidior
791 3626 944 3679 solito
957 3624 989 3678 s
986 3624 1059 3677 uit
1075 3644 1089 3686 ς
1106 3624 1244 3677 Plin.
1260 3624 1336 3692 11,

321 3708 416 3771 30;
440 3706 779 3772 Plutarchus,
806 3706 861 3760 in
885 3705 1030 3759 Julio
1055 3703 1189 3758 Coes.
1210 3714 1339 3757 extr.

388 3788 498 3859 789·-
523 3789 736 3854 Ferrugo
759 3784 926 3854 poetis
958 3783 1188 3838 tenebrae
1205 3820 1221 3848 ,
1249 3800 1340 3835 ca·

318 3862 464 3933 ligo;
505 3863 755 3933 Virgilius
791 3882 805 3917 t
845 3884 872 3909 κ
910 3861 1087 3933 Caput
1123 3861 1345 3917 obscura

322 3963 351 3990 υ
376 3942 604 3996 nitidum
644 3942 916 4011 ferrugine
952 3943 1093 3996 texit.
1128 3963 1155 3988 ι·
1202 3942 1341 3995 Eam

318 4018 641 4088 ferruginem
678 4019 798 4073 solis
830 4019 1099 4073 interdum
1119 4060 1135 4086 ,
1178 4020 1340 4073 etiam

319 4096 476 4150 hodie
490 4137 505 4163 ,
522 4099 764 4152 efficiunt
784 4118 999 4169 vapores
1013 4138 1029 4165 ,
1049 4098 1235 4168 quibus
1250 4117 1342 4152 aer

320 4175 551 4244 repletus
576 4215 592 4242 ,
627 4176 717 4244 qui
756 4187 811 4229 et
842 4176 1184 4247 sanguineam
1216 4174 1342 4229 red-

320 4249 458 4307 dunt
479 4252 677 4308 lunam.
697 4281 763 4294 —
786 4252 869 4308 De
897 4258 1088 4309 bubone
1114 4253 1232 4312 vide
1254 4274 1345 4310 su-

324 4356 418 4409 pta
444 4336 509 4390 ad
533 4334 725 4392 librum
750 4338 832 4407 X,
859 4337 970 4407 45³.

1500 2623 1612 2677 79²·
1632 2606 1791 2669 Ebur,
1809 2614 1992 2659 statua
2009 2604 2255 2658 eburneae
2271 2643 2285 2668 ‚
2305 2622 2421 2673 quoe
2437 2644 2452 2670 ‚

1431 2704 1600 2755 quum
1626 2695 1863 2755 tempore
1893 2685 2068 2755 pluvio
2097 2684 2328 2738 humide
2359 2704 2455 2739 es-

1431 2774 1569 2829 sent,
1583 2762 1873 2834 lacrymare
1887 2761 2454 2816 credebantur.—Can·

1430 2849 1514 2896 tus
1528 2881 1542 2905 ,
1570 2860 1722 2894 voces
1738 2840 1881 2910 quasi
1896 2840 2105 2895 oraculo
2120 2839 2272 2894 edite
2286 2880 2301 2906 ,
2328 2851 2464 2909 (μιν

1431 2920 1506 2973 les
1535 2938 1670 2989 sepe
1697 2919 1885 2973 auditoe
1904 2918 2044 2972 inter
2063 2918 2239 2979 omina
2263 2919 2454 2972 habita.

1432 2998 1513 3053 Ita
1538 2988 1835 3050 Burmann.
1851 3008 2033 3051 contra
2060 2997 2453 3052 Broukhusium

1432 3075 1522 3145 qui
1546 3075 1804 3141 malebat,
1819 3079 2095 3142 planctus‚·
2120 3076 2269 3146 Virg.
2289 3097 2315 3122 κ
2333 3078 2454 3129 Vox

1433 3176 1463 3203 s
1489 3172 1700 3224 quoque
1724 3174 1820 3224 per
1857 3154 1999 3208 lucos
2032 3154 2188 3224 vulgo
2214 3154 2455 3207 exaudita

1437 3255 1466 3281 κ
1492 3232 1704 3288 silentes
1718 3233 1929 3302 Ingens.
1951 3254 1978 3279 κ
2006 3231 2272 3286 Tibullus:
2299 3254 2326 3277 κ
2353 3232 2455 3285 Lu·

1436 3332 1466 3360 υ
1491 3331 1578 3367 cos
1601 3311 1926 3381 proecinuisse
1954 3310 2150 3379 fugam.
2173 3331 2201 3357 s
2239 3334 2242 3337 ¹

1503 3394 1616 3463 794.
1631 3392 1832 3452 Litore,
1858 3387 1911 3441 id
1934 3398 2036 3454 est,
2053 3388 2195 3441 Deos
2217 3387 2414 3457 placare
2434 3427 2452 3456 ,

1435 3472 1687 3525 dicuntur
1709 3479 1761 3522 et
1785 3467 2054 3534 homines,
2080 3478 2133 3521 et
2157 3468 2380 3521 victimae
2401 3479 2456 3524 et

1438 3566 1541 3601 aro
1558 3569 1572 3612 ;
1592 3546 1710 3598 vide
1724 3543 2085 3599 Schwarsium
2100 3544 2164 3598 ad
2183 3546 2321 3599 Plin.
2336 3565 2460 3615 pan.

1434 3643 1545 3693 cap.
1562 3616 2097 3677 52.--F1·bm...eaetis.
2120 3623 2269 3693 Virg.
2288 3645 2316 3671 σι
2340 3625 2452 3680 Nec

1438 3723 1468 3751 n
1496 3714 1736 3771 tempore
1758 3700 1947 3755 eodem
1971 3702 2230 3757 Tristibus
2254 3715 2342 3769 aut
2365 3723 2458 3757 ex*

1438 3802 1467 3829 υ
1494 3781 1559 3835 tis
1590 3780 1737 3834 fibrae
1775 3779 2025 3850 adparere
2064 3781 2310 3835 minaces.
2340 3804 2367 3829 ι.
2389 3808 2454 3823 --

1442 3863 1629 3929 caput,
1657 3858 1761 3913 scil.
1791 3869 2031 3913 extorum
2052 3899 2065 3926 ,
2093 3859 2235 3929 quod
2272 3879 2452 3914 cesum

1435 3939 1610 3995 cultro
1645 3938 1919 3993 victimat-ii
1954 3939 2078 3993 mali
2110 3939 2302 3993 ominis
2325 3948 2454 3993 erat.

1438 4020 1645 4086 Livius,
1666 4019 1834 4085 vul,
1860 4038 1928 4091 9:
1955 4041 1983 4067 σι
2013 4019 2181 4073 Decio
2198 4028 2350 4089 caput
2374 4020 2450 4088 je-

1440 4119 1469 4147 »
1496 4097 1688 4154 cinoris
1723 4117 1753 4151 a
1796 4096 2041 4152 familiari
2078 4107 2224 4166 parte
2263 4116 2454 4151 cesum

1439 4199 1469 4228 ›-
1496 4196 1715 4247 aruspex
1727 4176 1915 4231 dicitur
1932 4175 2216 4230 ostendisse
2230 4215 2246 4243 ,
2263 4175 2460 4246 alioqui

1439 4280 1469 4309 ›-
1496 4268 1759 4329 acceptam
1781 4258 1896 4312 Diis
1918 4257 2139 4311 hostiam
2163 4276 2288 4312 esse.
2313 4282 2341 4307 ιο

1490 4356 1600 4410 797.
1616 4339 1897 4394 Nocturnas
1911 4339 2138 4391 ululasse
2147 4356 2319 4391 canes.
2337 4336 2460 4391 vir·
