3185 5138
565 514 1661 587 METAMORPHOSEON
1723 519 1921 588 LIB.
1983 522 2153 592 XV.

2311 523 2445 612 ⁵43

290 653 627 744 Dissidet,
665 673 735 729 et
764 655 974 730 variat
1010 656 1335 731 sententia
1367 686 1383 729 :
1414 685 1701 760 parsque
1732 659 2110 755 negandum

290 772 675 877 Non-putat
708 772 1030 847 auxilium
1065 804 1079 847 ε
1113 773 1309 848 multi
1349 803 1662 862 renuere,
1701 803 2023 877 suamque

292 892 448 964 Non
485 891 785 965 emittere
826 920 1060 992 opem,
1090 920 1209 966 nec
1244 892 1520 966 numina
1554 889 1811 967 tradere
1848 892 2146 970 suadent.

2346 920 2450 973 650

291 1009 473 1082 Dum
509 1008 864 1096 dubitant,
905 1036 1114 1084 seram
1146 1007 1464 1111 pepulere
1504 1007 1892 1109 crepuscula
1929 1008 2141 1087 lucem
2164 1069 2183 1100 ,

289 1123 680 1225 Umbraque
714 1123 972 1200 telluris
1009 1128 1316 1202 tenebras
1349 1124 1699 1200 induxerat
1732 1126 1881 1200 orbi
1915 1156 1931 1200 ε

291 1244 521 1340 Quum
553 1245 739 1318 Deus
771 1244 843 1317 in
879 1244 1130 1319 somnis
1166 1244 1383 1344 opifer
1410 1245 1775 1318 consistere
1809 1244 1993 1319 visus

289 1362 468 1433 Ante
506 1375 694 1431 tuum
717 1415 737 1447 ‚
776 1359 1076 1433 Romane
1099 1415 1119 1447 ‚
1158 1376 1381 1432 torum
1414 1387 1429 1430 :
1460 1357 1576 1431 sed
1616 1356 1832 1458 qualis
1864 1358 1932 1431 in
1967 1360 2103 1434 aede

290 1477 456 1549 Esse
490 1474 704 1564 solet;
741 1475 1188 1578 baculumque
1222 1494 1456 1549 tenens
1489 1493 1751 1571 agreste
1785 1476 2055 1550 sinistra

2346 1499 2449 1553 655

293 1592 641 1666 Caesariem
675 1591 895 1689 longae
928 1590 1154 1667 dextra
1190 1591 1516 1666 deducere
1547 1590 1779 1665 barbae
1807 1647 1826 1680 ‚

291 1709 384 1781 Et
415 1706 681 1810 placido
718 1707 879 1784 tales
910 1709 1205 1784 emittere
1241 1725 1515 1810 pectore
1546 1736 1784 1782 voces:

299 1857 335 1889 κ
373 1826 561 1901 Pone
594 1844 853 1915 metus;
888 1827 1184 1914 veniam3
1217 1823 1707 1925 simulacraque
1733 1841 1964 1898 nostra
1995 1823 2399 1926 relinquam:

299 1974 336 2005 »
377 1942 577 2017 Hunc
608 1943 813 2018 modo
850 1962 1263 2046 serpentem,
1297 1941 1617 2017 baculum
1658 1941 1776 2043 qui
1810 1941 2094 2016 nexibus
2128 1944 2378 2031 ambit,

294 2109 406 2178 49¹·
437 2108 605 2161 Sortes
636 2111 814 2163 dicunt
849 2119 905 2163 et
937 2108 1057 2164 alibi
1093 2108 1318 2180 legitur,

293 2197 546 2240 monente
568 2187 806 2241 Heinsio.
831 2189 956 2242 Non
984 2199 1162 2241 tamen
1186 2189 1319 2240 Bur·

291 2285 520 2319 mannus
545 2269 746 2336 spernit
769 2268 1052 2321 lectionem
1079 2265 1318 2320 nonnul-

293 2344 467 2396 lorum
494 2344 641 2399 MSS
661 2384 676 2411 ,
693 2356 857 2399 certas
871 2348 1109 2399 adda-ere
1120 2355 1279 2398 sortes
1295 2362 1316 2409 ‚·

294 2440 418 2475 nam
436 2425 669 2476 addicere
691 2423 917 2477 verbum
936 2424 993 2476 in
1010 2422 1106 2476 hac
1122 2443 1180 2476 re
1198 2442 1322 2493 pro-

292 2501 685 2573 prium.-Reg.
697 2512 877 2557 noster
890 2503 935 2556 A
953 2501 1111 2557 habet
1127 2510 1327 2556 certant

289 2585 553 2637 addiscere
562 2591 754 2647 sortes‚·
780 2581 944 2636 codex
967 2583 1017 2636 B
1038 2593 1233 2637 certant
1245 2588 1324 2637 ita

291 2664 457 2714 decere
466 2669 641 2714 sortes.
662 2661 906 2714 Verbum
925 2669 1147 2722 cet-tant,
1172 2660 1226 2713 id
1244 2671 1325 2716 est

294 2737 653 2805 contendunt,
676 2738 890 2808 plurimi
906 2737 1154 2793 exhibent
1175 2759 1187 2793 :
1203 2738 1322 2793 lec-

296 2816 498 2870 tionem
511 2826 706 2870 certant
713 2819 951 2872 addicere
961 2817 1323 2874 defenderunt

297 2893 533 2963 Raphael
561 2895 757 2966 Regius
776 2903 807 2963 ‚'
838 2894 1100 2951 Ciofanus
1136 2898 1323 2951 Hein-

295 2974 503 3043 siusque
524 2994 539 3039 ;
563 2993 787 3046 eamque
821 2994 1003 3030 veram
1037 2987 1223 3047 putare
1249 2976 1325 3032 sas

298 3060 568 3119 est,quum
583 3052 637 3105 in
652 3053 926 3123 permultis
941 3055 1254 3125 reperiatur,
1271 3064 1327 3108 et

295 3131 540 3186 nonnulli
560 3143 767 3188 tantum
780 3146 946 3191 certas
962 3136 1206 3191 habeant.
1222 3139 1323 3191 Ed.

362 3210 475 3277 648.
509 3214 748 3267 Dissidet
774 3219 1023 3269 sententia
1044 3232 1064 3282 ,⁸
1104 3215 1224 3268 vide
1257 3214 1324 3269 ad

298 3305 431 3339 vers.
465 3308 543 3357 27.
565 3316 633 3331 ·-
653 3293 759 3345 Pro
781 3301 1001 3348 emittere
1023 3313 1164 3362 opem
1188 3294 1326 3347 Bur·

300 3385 529 3420 mannus
541 3368 688 3423 malit
702 3378 931 3427 amittere
942 3394 1081 3442 opem
1096 3394 1158 3427 ex
1174 3373 1328 3428 Oxo-

301 3441 470 3498 niensi
496 3483 511 3511 ,
544 3458 734 3515 quarto
758 3448 1006 3504 Mediceo
1031 3490 1046 3517 ,
1076 3451 1326 3505 Aronde-

300 3524 443 3579 liano
458 3536 511 3580 et
526 3535 730 3595 septem
748 3525 857 3580 aliis
874 3567 890 3595 ,
916 3527 1037 3596 quia
1054 3547 1174 3582 mox
1187 3535 1327 3583 emit·

300 3612 403 3658 tere
423 3605 677 3673 sequitur.
694 3633 760 3644 —
773 3604 1046 3658 Ambobus
1068 3606 1125 3657 in
1149 3607 1326 3675 Regiis

299 3694 380 3739 est
401 3687 636 3737 emittere.
651 3686 851 3737 -Sera
873 3687 965 3737 lux
980 3724 993 3745 ,
1021 3682 1204 3737 ultima
1221 3684 1326 3739 diei

302 3778 436 3831 pars.
466 3761 644 3814 Etiam
666 3779 879 3814 versum
903 3772 1215 3830 sequentem
1239 3763 1329 3832 ju-

304 3839 447 3908 gulat
460 3839 711 3893 Heinsius
726 3879 742 3905 ‚
767 3850 925 3908 atque
940 3838 1222 3910 frigiditate
1234 3860 1327 3895 sua
1353 3832 1365 3844 ”

305 3917 504 3973 ovidio
539 3917 821 3989 indignum
855 3918 1177 3988 pronuntiat.
1216 3918 1323 3972 Sed

304 3999 480 4053 abesse
511 4019 619 4054 non
646 4010 817 4070 potest
843 4020 857 4065 ς
895 3998 1326 4069 quandoquidem

303 4077 548 4132 homines
582 4081 869 4146 crepusculi
899 4088 1137 4147 tempore
1176 4096 1327 4131 nou-

305 4155 437 4210 dum
462 4156 750 4211 dormiunt.
790 4155 1014 4210 Ovidius
1047 4155 1146 4210 tria
1176 4166 1329 4210 tem-

305 4254 432 4306 pora
456 4256 509 4290 se
535 4234 843 4306 excipientia
872 4233 1102 4289 indicare
1129 4235 1327 4304 voluit,

304 4334 475 4368 seram
520 4314 692 4369 lucem
720 4354 739 4391 9
779 4312 1076 4381 crepuscula
1103 4352 1118 4380 ,
1162 4313 1330 4384 ipsam

1422 2118 1636 2162 noctem
1658 2127 1672 2170 ;
1700 2105 1783 2161 cui
1803 2105 1984 2160 similis
2000 2126 2072 2158 vs.
2090 2107 2188 2160 663
2203 2128 2241 2160 s.
2261 2108 2449 2178 Neque

1416 2184 1605 2255 frigide
1631 2193 1845 2236 noctem
1874 2183 2137 2252 expressit.
2172 2184 2251 2236 Ea
2275 2190 2452 2239 umbra

1414 2264 1606 2334 passim
1632 2262 1733 2317 dici
1758 2263 1891 2317 solet
1911 2284 1924 2327 ;
1944 2262 2163 2317 AEneid.
2184 2264 2267 2317 Ill
2284 2303 2299 2331 ,
2321 2266 2448 2338 589,

1415 2345 1810 2412 Humentemque
1846 2343 2052 2396 Aurora
2074 2345 2198 2408 polo
2229 2345 2453 2396 dimon*-

1414 2434 1500 2478 rut
1520 2428 1761 2477 umbram.
1792 2423 1934 2477 Tum
1961 2426 2196 2478 inducere
2218 2429 2451 2477 tenebras

1411 2509 1560 2560 rebus
1585 2503 1724 2576 apud
1749 2505 1921 2578 ipsum
1947 2505 2206 2560 Nostrum
2237 2505 2447 2577 legitur,

1416 2587 1473 2641 11
1496 2626 1511 2653 ,
1538 2586 1570 2639 3
1609 2589 1655 2639 5.

1480 2607 1605 2719 655?
1620 2666 1876 2717 Baculum
1890 2672 2120 2731 agreste:
2139 2662 2257 2717 vide
2279 2662 2343 2718 ad
2364 2663 2419 2719 ΙΙ
2433 2703 2449 2731 ,

1416 2743 1533 2799 68ι.
1578 2743 1833 2797 Bacillurn
1878 2743 2102 2797 habebat
2141 2742 2404 2797 nodosum
2431 2784 2450 2810 ,

1419 2822 1560 2894 quod
1583 2821 1953 2876 difficultatem
1973 2822 2097 2875 artis
2112 2822 2451 2892 significabat.

1417 2930 1484 2941 —
1512 2903 1755 2954 Caesarc‘es
1795 2903 1960 2952 barbo
1979 2939 1992 2962 ,
2030 2900 2206 2953 barba.
2248 2900 2451 2955 Minut.

1421 2978 1564 3031 Felix
1581 3018 1597 3043 ,
1620 2999 1647 3023 κ
1670 2977 1998 3046 AEsculapius
2016 2976 2151 3030 bene
2170 2976 2414 3030 barbatus
2434 3016 2450 3043 ,

1422 3077 1450 3102 ι·
1478 3056 1573 3109 etsi
1597 3073 1809 3125 semper
1833 3053 2176 3108 adolescentis
2195 3054 2453 3124 Apollinis

1425 3156 1453 3181 ιο
1483 3133 1636 3187 filius.
1660 3155 1687 3180 υ
1717 3132 1997 3186 Interdum
2032 3143 2212 3186 tamen
2248 3142 2303 3185 et
2336 3132 2450 3184 im-

1420 3211 1596 3266 berbis
1632 3210 2009 3275 exhibe-batum
2057 3210 2347 3280 Spanhem.
2383 3209 2452 3263 de

1423 3292 1540 3346 Usu
1567 3301 1621 3345 et
1651 3291 1829 3344 Praest.
1856 3309 2004 3342 num.
2028 3309 2077 3358 p.
2110 3291 2215 3342 ¹81.
2248 3288 2318 3341 Et
2342 3307 2453 3340 om·

1421 3371 1554 3424 nino
1581 3368 1724 3423 varie
1758 3368 2072 3438 fingebatur.
2109 3365 2452 3435 Epidauriam

1422 3448 1539 3516 ejus
1563 3446 1852 3515 imaginem
1869 3444 2115 3497 describit
2136 3442 2418 3497 Pausanias
2435 3482 2452 3508 ‚

1422 3525 1478 3579 11
1499 3564 1515 3590 ,
1541 3545 1619 3593 ²7·
1647 3523 1711 3575 In
1735 3521 1865 3577 solio
1889 3520 2080 3575 sedens
2105 3521 2266 3575 altera
2288 3540 2454 3573 manu

1421 3602 1667 3655 baculum
1705 3599 1921 3670 tenebat
1943 3638 1959 3666 ,
2001 3598 2163 3651 altera
2197 3600 2455 3667 serpentis

1422 3692 1578 3750 caput
1601 3680 1877 3750 premebat
1896 3719 1911 3747 ,
1935 3697 2065 3733 cane
2094 3677 2159 3731 ad
2190 3678 2349 3748 pedes
2372 3681 2457 3747 ia-

1423 3770 1595 3814 cente.
1607 3759 1837 3813 Barbam
1850 3757 2142 3814 secundum
2157 3758 2428 3813 Albricum
2440 3797 2455 3824 ,

1424 3839 1490 3894 de
1509 3839 1754 3894 Deorum
1775 3839 1973 3910 Imagg.
1993 3859 2056 3894 ao
2073 3878 2088 3904 ‚
2113 3838 2297 3892 dextra
2320 3849 2457 3891 tene-

1423 3925 1516 3974 bat
1531 3938 1550 3986 ,⁶
1584 3921 1676 3975 sed
1706 3921 1903 3977 Noster
1925 3919 2112 3973 maluit
2138 3922 2343 3971 barbam
2370 3921 2455 3970 de-

1422 4002 1607 4052 ducere
1626 4020 1778 4053 manu
1799 4017 1925 4067 pro,
1947 4015 2167 4049 manum
2192 3993 2462 4071 deducere,

1422 4079 1482 4133 in
1505 4078 1667 4131 barba
1688 4076 2043 4146 adprehensa:
2060 4076 2142 4130 lv
2163 4114 2180 4146 ,
2206 4074 2266 4128 31
2281 4094 2300 4128 ι
2318 4112 2336 4141 ,
2363 4076 2457 4126 de-

1424 4158 1607 4210 ducere
1621 4161 1826 4224 pectine
1841 4159 2023 4208 crines.

1494 4236 1610 4310 659.
1659 4237 1871 4303 &rpem
1917 4233 2069 4288 datus
2112 4231 2414 4303 AEsculapio
2437 4272 2452 4299 ,

1428 4313 1571 4383 quod
1607 4311 2062 4383 vigilantissimum
2103 4324 2182 4367 est
2221 4311 2451 4375 animal,
