3185 5138
631 535 1686 604 METAMORPHOSEON
1738 540 1940 607 LIB.
1991 542 2210 610 XIV.
2351 542 2485 636 479

347 676 412 749 Ο
451 676 712 776 quoties
743 677 982 752 habitu
1019 678 1170 752 duri
1204 677 1521 752 messoris
1551 677 1787 751 aristas

346 790 566 865 Corbe
601 792 756 866 tulit
783 824 798 884 ;
833 795 1105 895 verique
1135 794 1266 868 suit
1294 793 1607 869 messoris
1631 793 1889 888 imago!

340 908 671 1009 Tempora
704 938 878 1010 saepe
913 937 1145 1005 gerens
1179 909 1360 984 soeno
1396 909 1672 1006 religata
1705 911 1995 997 recenti,

2365 936 2488 1004 ‘⁶4⁵

340 1023 696 1098 Desectum
729 1043 993 1125 poterat
1026 1055 1295 1120 gramen
1321 1054 1618 1100 versasse
1654 1025 1881 1104 videri.

341 1139 527 1242 Saepe
559 1168 760 1214 manu
795 1138 1106 1214 stimulos
1141 1142 1355 1237 rigida
1388 1143 1737 1244 portabat,
1772 1160 1850 1218 ut
1879 1141 2067 1218 illum

338 1259 615 1331 Jurares
650 1255 861 1331 sessos
892 1258 1094 1332 modo
1130 1258 1529 1360 disjunxisse
1558 1261 1894 1359 juvencos.

338 1372 530 1448 Falce
570 1374 722 1447 data
755 1375 1107 1451 frondator
1137 1394 1274 1451 erat
1294 1432 1317 1465 ‚
1350 1375 1635 1479 vitisque
1672 1396 1987 1478 putator:

335 1492 655 1568 Induerat
684 1492 892 1567 scalas
912 1550 931 1581 ‚
969 1492 1295 1570 lecturum
1331 1523 1532 1595 poma
1555 1512 1828 1595 putares
1857 1525 1874 1568 :

2378 1525 2480 1577 650

336 1607 541 1683 Miles
576 1626 714 1684 erat
744 1609 963 1707 gladio
985 1667 1004 1698 ‚
1039 1612 1335 1711 piscator
1362 1611 1685 1685 arundine
1721 1629 1958 1686 sumta.

335 1724 644 1826 Denique
678 1754 804 1828 per
836 1726 1082 1803 multas
1114 1728 1369 1803 aditum
1404 1728 1536 1803 sibi
1566 1757 1737 1829 sape
1767 1729 2012 1826 figuras

334 1842 695 1941 Repperit‚
730 1861 811 1917 ut
843 1862 1107 1944 caperet
1138 1862 1448 1945 spectatae
1485 1846 1726 1939 gaudia
1761 1844 2005 1920 sormae.

334 1957 454 2032 Ille
494 1960 688 2034 etiam
720 1961 899 2061 picta
933 1961 1281 2037 redimitus
1317 1979 1617 2062 tempora
1656 1963 1887 2052 mitra,

333 2076 633 2152 Innitens
664 2077 906 2151 baculo
929 2134 948 2165 ‚
982 2079 1223 2179 positis
1252 2076 1337 2151 ad
1369 2095 1667 2178 tempora
1698 2078 1916 2163 caniS‚

2370 2104 2473 2154 655

334 2191 782 2267 Adsimulavit
812 2224 1012 2267 anum
1032 2251 1052 2282 ‚
1085 2194 1438 2295 cultosque
1466 2193 1737 2266 intravit
1771 2194 1841 2265 in
1879 2193 2144 2278 hortos,

337 2308 676 2411 Pomaque
701 2310 935 2384 mirata
964 2328 1103 2398 est3
1137 2311 1495 2411 Tautoque
1528 2307 1905 2409 potentior!
1946 2308 2208 2410 inquit,

334 2495 515 2563 quitur
536 2495 680 2550 locus
694 2495 927 2551 classicus
943 2496 1008 2550 de
1025 2499 1348 2562 Vertumno,

334 2594 562 2644 quocum
586 2577 653 2630 cf.
677 2578 918 2646 Propert.
945 2577 1024 2631 lv
1042 2616 1057 2642 ,
1085 2599 1129 2630 2.
1158 2577 1347 2645 Quum

332 2652 457 2707 olim
478 2665 612 2709 esset
629 2654 928 2726 symbolum
949 2655 1075 2708 anni
1094 2655 1352 2708 vicissitu-

331 2732 517 2785 dinum
536 2773 550 2799 ,
570 2744 736 2802 poetae
752 2733 876 2786 inde
893 2733 1137 2787 fecerunt
1148 2732 1347 2800 Deum,

332 2811 420 2878 qui
454 2823 625 2880 posset
662 2812 717 2864 in
747 2830 932 2865 omnes
957 2810 1091 2864 verti
1113 2811 1311 2865 fortnas
1329 2850 1347 2879 ,

330 2888 473 2942 uude
494 2901 549 2944 et
561 2893 892 2943 Vertumnus
917 2890 1085 2943 dictus
1108 2889 1189 2943 sit.
1212 2891 1352 2943 Pro-

332 2968 530 3036 pertius
546 3008 562 3033 ,
583 2988 713 3023 vers.
738 2972 800 3037 42
823 2989 835 3022 ε
861 2991 887 3015 κ
917 2969 992 3022 At
1014 2968 1145 3022 mihi
1165 3008 1180 3035 ‚
1203 2967 1348 3037 quod

334 3066 360 3089 »
385 3043 584 3099 formas
613 3065 750 3101 unus
774 3047 1017 3100 vertebar
1043 3046 1346 3115 inmunes,

336 3144 361 3169 υ
388 3123 600 3177 Nomen
636 3126 700 3178 ab
738 3137 931 3181 eventu
970 3125 1136 3195 patria
1171 3125 1348 3195 lingua

335 3226 361 3252 υ
387 3203 531 3256 dedit
555 3226 569 3267 ς
592 3228 617 3250 ›-
642 3217 695 3259 et
714 3226 845 3259 vers.
872 3226 927 3259 αι
953 3224 1008 3260 z«
1028 3204 1349 3276 Opportuna

336 3303 361 3327 κ
389 3300 507 3334 mea
528 3292 603 3335 est
626 3285 824 3338 cunctis
847 3295 1035 3337 natura
1057 3285 1264 3353 figuris:
1285 3285 1346 3339 In

335 3384 360 3408 u
389 3380 776 3432 quamcumque
793 3365 935 3418 voles
945 3375 1113 3430 verte,
1129 3364 1351 3419 decorus

336 3463 362 3485 ι»
389 3458 498 3493 ero.
526 3461 553 3486 »
589 3443 739 3493 Alle'lle
779 3456 985 3495 ornatus
1023 3443 1189 3494 varias
1230 3444 1352 3496 istas

332 3520 524 3588 figuras
550 3531 700 3573 vocat
725 3520 964 3573 Tibullus
981 3558 996 3587 ,
1024 3522 1103 3573 lv
1123 3560 1138 3587 ,
1167 3537 1242 3588 11,
1275 3524 1351 3588 14.

334 3598 478 3650 Hinc
497 3597 692 3667 pendet
717 3598 858 3651 locus
879 3617 1117 3667 sequens.

401 3678 516 3745 543.
537 3681 866 3732 Dun‘omnes
885 3678 1090 3742 rustici,
1109 3696 1350 3729 messurus

339 3757 578 3826 inprimis
602 3795 617 3822 ,
653 3757 773 3825 quia
796 3767 980 3809 aestum
999 3755 1147 3809 facile
1171 3756 1353 3824 perse-

339 3849 481 3892 runt.
506 3837 707 3891 Laudat
729 3837 1070 3890 Burmannus
1089 3855 1151 3888 ex
1169 3836 1347 3888 Hora-

340 3914 414 3966 tio
428 3954 444 3981 ,
475 3914 643 3985 Epod.
661 3916 692 3967 3
704 3955 719 3982 ,
738 3917 865 3967 dum
884 3932 1151 3966 messorum
1172 3916 1351 3965 ilia.—

337 3996 513 4062 lmago
554 3999 789 4047 messan}
813 4033 827 4054 ,
871 3992 1050 4046 similis
1086 3990 1303 4044 messori
1332 4011 1347 4055 ;

337 4072 669 4142 Propertius,
699 4075 878 4126 Corbis
898 4076 953 4123 1¹ae
972 4075 1202 4137 inposito
1215 4090 1349 4139 pon·-

333 4153 448 4204 dere
466 4169 659 4205 messor
673 4167 823 4203 eram.

388 4230 503 4296 645.
528 4231 771 4297 Tempora
787 4245 918 4294 ,σεεμ
925 4236 1205 4295 gerentem.
1221 4227 1349 4280 Pro·

332 4309 547 4376 portius,
562 4327 634 4362 va.
652 4310 743 4360 25:
763 4329 788 4352 κ
808 4305 893 4360 Da
909 4304 1118 4372 falcem,
1135 4316 1187 4359 et
1207 4315 1348 4367 torto

1451 2517 1480 2543 n
1504 2495 1740 2549 frontem
1784 2493 1916 2548 mihi
1960 2498 2250 2566 comprime
2287 2498 2467 2554 soeno:

1451 2597 1479 2623 n
1504 2575 1718 2628 surabis
1742 2586 1919 2629 nostra
1939 2577 2178 2645 gramina
2195 2589 2334 2632 secta
2358 2599 2470 2633 ma-

1451 2675 1480 2701 »
1504 2673 1598 2707 nu.
1616 2674 1643 2699 »
1657 2681 1724 2695 --
1738 2653 1821 2707 De
1840 2659 2061 2707 subulis
2082 2654 2146 2707 ad
2168 2655 2223 2708 ΙΙ
2243 2695 2258 2722 ,
2294 2678 2401 2728 ¹²7·

1512 2734 1627 2805 649.
1649 2734 1933 2786 &andalae
1943 2744 2067 2786 emt.
2083 2733 2241 2787 Unus
2257 2735 2469 2792 Heinsii

1448 2820 1501 2864 et
1515 2830 1587 2863 un
1595 2831 1654 2865 us
1664 2810 2180 2879 BasileensJaIcanr
2191 2822 2307 2867 erat
2319 2830 2338 2877 ,·
2351 2833 2464 2869 non

1449 2889 1582 2943 male
1603 2929 1618 2953 ‚
1661 2900 1714 2943 ct
1741 2889 1916 2944 Nostri
1941 2890 2160 2959 ingenio
2179 2895 2464 2948 convenire

1447 2966 1657 3021 videtur
1668 2968 1922 3037 appositio
1933 2969 2089 3022 Falce
2100 2971 2472 3039 dataesalcalor

1444 3055 1565 3098 erat.
1608 3045 1707 3099 Ed.
1731 3072 1799 3086 -
1820 3048 2074 3101 Induerat.
2113 3048 2294 3120 'rhysii
2335 3050 2467 3104 liber

1444 3128 1682 3187 induitur,
1708 3127 1977 3195 graecisrno
2000 3126 2205 3180 usitato.
2228 3130 2469 3183 Induerat

1445 3207 1647 3264 scalas,
1678 3202 1951 3256 incedebat
1973 3206 2138 3273 capite
2162 3225 2256 3274 per
2273 3207 2465 3275 gradus

1445 3280 1699 3333 scalarum
1727 3280 1938 3333 inserto.

1512 3359 1577 3411 65
1587 3381 1604 3412 ι
1614 3399 1627 3411 .
1644 3362 1799 3412 M'les
1807 3369 1917 3413 erat
1924 3362 2113 3427 gladia
2126 3360 2459 3429 Propertius,

1445 3459 1579 3493 vers.
1597 3459 1686 3507 27:
1708 3462 1734 3485 κ
1756 3440 1921 3492 Arma
1947 3438 2042 3492 tuli
2057 3438 2326 3506 quondam
2345 3478 2359 3505 ,
2375 3451 2431 3493 et
2446 3480 2462 3507 ,

1450 3539 1477 3563 »
1502 3517 1754 3581 memini,
1782 3516 2028 3568 laudabar
2049 3517 2105 3569 in
2130 3514 2283 3568 illis.»

1505 3598 1618 3650 653.
1635 3599 1891 3662 Spectato.
1910 3595 2145 3665 Quidam
2160 3596 2296 3666 (non
2310 3598 2461 3667 Regii

1443 3674 1691 3741 codices)
1717 3673 1913 3727 habent
1933 3685 2173 3741 ,φαναῖος
2213 3676 2304 3739 ¹sed
2332 3695 2459 3743 spe-

1445 3759 1579 3805 ctari
1599 3752 1807 3820 proprie
1833 3750 2081 3805 dicuntur
2112 3753 2327 3823 puelle,
2357 3774 2461 3807 ea·-

1447 3849 1672 3897 rumque
1704 3829 1906 3882 formae.

1510 3910 1626 3975 554.
1647 3911 1798 3964 Picta
1818 3909 1898 3962 vel
1917 3928 2010 3963 acu
2031 3949 2047 3976 ,
2074 3910 2155 3964 vel
2178 3908 2328 3963 radio
2342 3949 2357 3974 ‚
2377 3910 2462 3967 vel

1445 3988 1723 4057 variegata.
1735 4015 1802 4031 ο·-
1819 3989 1925 4042 Pro
1947 3994 2098 4041 mitra
2111 3987 2219 4041 duo
2242 3993 2462 4040 vitta-

1447 4071 1542 4122 Ad
1556 4079 1793 4134 tempora.
1819 4067 2078 4121 Nonnulli
2090 4087 2185 4134 per
2204 4078 2457 4137 tempor-05

1444 4146 1537 4202 sed
1560 4145 1785 4200 alterum
1808 4148 1966 4201 etiam
1992 4149 2109 4215 111,
2137 4152 2250 4219 275.

1509 4226 1624 4295 657.
1652 4227 2186 4294 Tantaque-potentia,-
2205 4229 2355 4283 multi
2371 4247 2459 4297 pe-

1443 4308 1590 4358 n'lior
1604 4321 1625 4370 ‚·
1665 4304 1741 4358 ita
1761 4315 1814 4359 et
1841 4304 2006 4359 codex
2029 4305 2222 4373 Regius
2243 4308 2295 4373 A
2317 4328 2333 4372 ;
2361 4305 2458 4363 sed
