3185 5138
722 577 794 617 12
1265 556 1340 622 P..
1399 557 1750 626 OVIDII
1815 554 2268 626 NASONIS

718 724 750 753 »
787 691 1136 765 Terrarum
1157 749 1173 779 ‚
1201 694 1402 767 nobis
1438 713 1516 768 ut
1549 697 1743 787 Crete
1777 695 1916 769 sola
1949 715 2220 797 pateret.

715 838 749 868 υ
794 808 932 878 Hac
968 836 1229 909 quoque
1265 810 1321 883 si
1355 812 1674 911 prohibes
1696 869 1714 897 ‚
1751 830 1816 886 et
1850 841 2012 899 nos,
2049 814 2334 907 ingrate,
2374 811 2694 916 relinquis
2726 843 2744 904 ;

714 954 749 986 »
793 924 946 994 Non
982 925 1276 1018 genetrix
1312 930 1583 1025 Europa
1619 927 1780 1014 tibi,
1814 927 1930 1001 sed
1963 927 2301 1028 inhospita
2336 929 2548 1029 Syrtis
2571 986 2590 1018 ,

2746 969 2838 1004 120

712 1068 747 1100 »
788 1040 1190 1112 Armeniaeve
1225 1041 1463 1133 tigreS‚
1498 1044 1829 1115 Austrove
1870 1044 2111 1139 agitata
2151 1043 2542 1144 Charybdis.

715 1186 747 1218 ν)
788 1157 926 1228 Nec
955 1158 1125 1229 Jove
1155 1173 1229 1228 tu
1263 1174 1458 1229 natus
1481 1213 1497 1243 ‚
1535 1185 1655 1231 nec
1683 1175 1891 1232 mater
1922 1159 2205 1254 imagine
2242 1161 2412 1233 tauri

714 1304 748 1333 »
790 1272 1008 1344 Ducta
1041 1290 1154 1345 tua
1186 1289 1323 1359 est3
1361 1273 1617 1368 generis
1650 1273 1811 1348 falsa
1844 1294 1944 1349 est
1977 1305 2050 1350 ea
2085 1276 2307 1350 fabula
2341 1277 2581 1367 vestri3

717 1418 751 1450 »
793 1389 883 1459 Et
914 1415 1131 1460 merus
1152 1442 1170 1477 ‚
1211 1405 1275 1459 et
1308 1405 1538 1489 captus
1572 1388 1822 1465 nullius
1858 1420 2079 1467 amore
2110 1393 2400 1492 juvencae
2421 1449 2439 1481 ,

709 1580 939 1646 tionem,
970 1581 1122 1647 cujus
1141 1581 1247 1649 jam
1267 1580 1562 1649 exemplum
1590 1580 1728 1634 dedi.

712 1686 779 1697 —
798 1660 1173 1720 Obstruxirnus,
1217 1660 1424 1711 veniam
1453 1658 1605 1712 ullius
1629 1659 1729 1712 loci

713 1735 939 1789 adeundi
952 1736 1240 1789 ademimus
1255 1737 1417 1789 nobis.
1432 1736 1519 1790 Sic
1533 1747 1586 1789 et
1597 1755 1728 1790 vers.

720 1815 826 1867 186.
844 1814 1030 1882 Quum
1051 1816 1104 1868 in
1120 1814 1386 1867 nonnuliis
1405 1815 1623 1882 legatur,
1636 1833 1729 1866 ex-

702 1898 939 1960 ponimus
967 1897 1130 1945 urbem
1146 1934 1159 1957 ‚
1209 1892 1262 1944 in
1302 1891 1409 1944 aliis
1442 1897 1734 1958 exponimur

711 1973 872 2021 orbem
898 1980 986 2023 aut
1008 1974 1124 2022 orbe
1140 2010 1153 2032 ,
1183 1968 1432 2022 Heinsius
1445 1968 1518 2021 sic
1533 1968 1656 2038 legit
1675 1978 1730 2021 et

710 2045 1035 2115 inter-pungit
1051 2085 1065 2112 ,
1104 2050 1394 2111 exponimur
1418 2047 1568 2110 orbe‚·
1607 2046 1729 2096 Ter-

710 2143 877 2176 rarum
911 2128 1057 2177 nobis
1081 2134 1178 2176 etc.
1215 2123 1308 2175 Est
1337 2132 1513 2175 autem
1547 2127 1737 2188 exponi

710 2206 838 2264 orbe,
863 2201 1062 2255 excludi
1080 2211 1190 2255 toto
1205 2201 1330 2254 orbe
1346 2240 1360 2266 ,
1387 2200 1553 2252 arceri
1569 2218 1628 2253 ac
1642 2218 1729 2253 re-

713 2282 850 2350 pelli.
864 2282 1202 2335 Burmannus
1219 2300 1343 2333 vero
1367 2290 1455 2333 aut
1476 2283 1730 2332 obstrusi-

711 2379 821 2411 mus
854 2359 1121 2425 defendit,
1165 2368 1256 2411 aut
1290 2376 1413 2410 cum
1449 2354 1726 2423 Medioen,

709 2441 1010 2491 occ-lusimus
1026 2479 1039 2501 ,
1068 2448 1129 2492 ut
1151 2438 1218 2492 sit
1245 2456 1362 2506 opp.
1384 2437 1525 2490 inter
1545 2438 1729 2488 occlu-

709 2519 821 2569 dere
838 2528 890 2571 et
898 2527 1102 2584 patere;
1135 2536 1196 2569 ea
1223 2534 1347 2568 vero
1372 2524 1448 2567 est
1475 2524 1526 2565 et
1553 2512 1608 2565 in
1635 2515 1729 2564 ob-

710 2607 905 2650 struere.
921 2626 985 2636 —
998 2597 1187 2650 Codex‘
1204 2595 1397 2665 Regius
1416 2595 1460 2646 B
1474 2633 1503 2659 ,.
1516 2612 1544 2645 a
1564 2611 1730 2644 manu

711 2676 880 2744 prima
893 2714 908 2741 ‚
932 2681 1223 2742 exponimus
1237 2678 1427 2736 orbem,·
1456 2672 1617 2755 vegbo
1638 2689 1733 2722 ex·-

703 2760 939 2822 ponimus
961 2754 1265 2808 semideleto
1280 2792 1295 2818 ‚
1332 2750 1568 2804 librarius
1589 2750 1694 2818 ipse
1711 2787 1726 2814 ,

716 2847 772 2887 ut
790 2834 918 2887 mibi
934 2833 1142 2885 videtur
1157 2871 1171 2898 ,
1198 2830 1459 2884 substituit
1484 2832 1731 2880 obstruxi-

715 2933 825 2965 mus
846 2912 986 2982 quod
1012 2910 1167 2964 babet
1191 2920 1243 2963 et
1265 2907 1445 2961 Codex
1464 2907 1526 2956 A.
1554 2904 1731 2970 Hujus

714 2993 815 3048 loci
838 2993 903 3046 ad
933 2991 1230 3060 exemplar,
1261 2986 1455 3040 Medea
1483 2985 1742 3049 Seneeae,·

713 3094 846 3127 vers.
883 3076 981 3138 458
1012 3092 1026 3125 2
1051 3088 1380 3139 quascumque
1422 3072 1600 3133 aperui
1637 3070 1738 3118 tibi

715 3159 844 3213 vias,
865 3153 1144 3203 clusimibi.
1162 3153 1273 3216 Quo
1284 3168 1362 3201 me
1377 3148 1619 3201 remittes?
1632 3147 1730 3199 Ed.

786 3252 805 3284 ι
815 3249 893 3283 20.
908 3232 1021 3284 Non
1030 3233 1254 3295 genetrix
1267 3230 1468 3295 Europa
1476 3236 1573 3279 etr..
1588 3224 1730 3286 Con-

715 3311 949 3366 fundunt
974 3319 1026 3362 et
1050 3309 1239 3361 Noster
1261 3317 1314 3359 et
1337 3305 1417 3358 alii
1440 3305 1684 3360 Minoem
1703 3306 1729 3360 1

716 3407 839 3443 cum
858 3387 1047 3440 Minoe
1072 3385 1142 3439 11.
1166 3384 1260 3439 Ille
1276 3384 1375 3437 suit
1389 3383 1535 3437 ,lovis
1553 3393 1608 3436 et
1627 3385 1730 3436 Eu-

714 3486 844 3535 rope
868 3465 1038 3531 filius,
1080 3463 1228 3531 cujus
1262 3479 1423 3530 nepos
1460 3462 1641 3514 Minos
1675 3461 1728 3513 11

716 3544 998 3614 imperium
1016 3541 1340 3596 maritimum
1362 3539 1457 3607 (de
1482 3558 1587 3608 quo
1611 3538 1728 3591 vide

720 3624 992 3694 Hcynium
1021 3665 1036 3691 ‚
1070 3625 1123 3677 in
1154 3623 1518 3676 Commentar.
1551 3618 1727 3673 societ.

719 3700 958 3773 Gotting.
977 3713 1101 3755 tom.
1124 3704 1150 3758 1
1168 3741 1183 3767 ‚
1210 3710 1339 3770 part.
1357 3715 1400 3751 11
1418 3739 1433 3766 ‚
1454 3719 1503 3768 p.
1521 3719 1576 3767 71
1592 3697 1727 3766 sqq.)

716 3780 933 3847 habuit,
967 3791 1121 3849 atque
1158 3780 1284 3832 Niso
1306 3778 1502 3830 bellum
1538 3777 1728 3830 intulit.

717 3890 781 3903 -—
794 3863 963 3933 Syrtes
980 3901 993 3920 ‚
1018 3861 1129 3912 loca
1146 3859 1200 3910 in
1216 3859 1363 3910 litore
1388 3858 1573 3910 Africa
1588 3857 1731 3927 peri·-

717 3940 1031 3994 culosissima
1047 3978 1062 4005 ,
1083 3937 1150 3990 ob
1174 3935 1303 3989 vada
1320 3953 1535 3988 arenosa
1548 3973 1562 4002 ,
1579 3946 1731 3989 erant

718 4019 833 4071 duae
853 4057 867 4084 ,
889 4037 1016 4087 quas
1033 4015 1274 4071 describit
1297 4013 1567 4068 Sallustius
1587 4054 1602 4081 ,
1627 4015 1731 4068 Ju-

720 4098 891 4169 gurtb.
916 4119 1023 4168 cap.
1050 4100 1123 4168 78.
1146 4097 1365 4150 —Vide
1381 4114 1496 4166 quae
1520 4095 1584 4150 de
1611 4099 1731 4169 Syr-

718 4184 854 4233 tibus
879 4219 892 4241 ,
929 4190 982 4232 et
1014 4199 1175 4248 quare
1207 4181 1278 4233 ita
1302 4179 1407 4232 sint
1429 4177 1693 4248 appellata
1712 4216 1727 4244 ,

722 4258 782 4311 cl.
820 4255 1102 4310 Buanour
1130 4258 1314 4311 dixerit
1347 4258 1402 4311 in
1430 4256 1731 4311 Sallustium

723 4345 913 4390 nostrae
943 4329 1185 4392 editionis
1207 4374 1223 4405 ,
1257 4357 1306 4406 p.
1328 4336 1438 4406 267.
1458 4333 1731 4389 Isca—Sed

1825 1582 1927 1637 hoc
1948 1584 2063 1638 loco
2082 1584 2401 1655 intelligatur
2426 1585 2574 1655 regio
2598 1585 2800 1658 Syrtica
2824 1627 2839 1654 ‚

1829 1674 1919 1717 aut
1945 1666 2166 1718 omnino
2189 1665 2416 1719 solitudo
2440 1666 2616 1738 Libyae
2642 1686 2840 1720 areno-

1825 1767 1896 1801 sa.
1920 1773 1986 1789 —
2008 1750 2271 1814 Inhospita
2293 1788 2307 1808 ‚
2348 1747 2436 1800 ubi
2459 1766 2622 1800 nemo
2647 1746 2820 1801 habita
2834 1757 2855 1800 t

1825 1827 2027 1897 iterque
2051 1828 2359 1881 facientibus
2384 1827 2671 1897 hospitium
2696 1848 2843 1897 pre-

1825 1908 1928 1960 bet.
1963 1908 2158 1961 Lucan.
2197 1909 2219 1961 l
2248 1947 2263 1973 ‚
2311 1908 2404 1977 367
2422 1947 2437 1973 ‚
2473 1928 2568 1976 per
2587 1910 2843 1975 inhospita

1824 1987 1984 2056 Syrtes
2009 1986 2349 2040 Litorae-De
2373 1987 2622 2040 Armenio
2635 1991 2842 2054 tigribus

1826 2062 1942 2117 vide
1969 2063 2034 2116 ad
2069 2064 2194 2129 XV,
2221 2064 2300 2118 86.
2331 2092 2398 2104 -
2430 2064 2512 2117 De
2543 2066 2829 2136 Charybdi,

1825 2140 1942 2194 vide
1964 2140 2028 2194 ad
2057 2140 2164 2195 Vll
2186 2180 2200 2207 ‚
2228 2140 2308 2194 63.
2331 2144 2602 2194 -Auster
2615 2143 2837 2194 maxime

1824 2219 1968 2273 saevit
1979 2220 2032 2271 in
2049 2219 2179 2271 mari
2196 2218 2386 2272 Siculo.
2402 2220 2647 2291 Respexit
2662 2222 2839 2273 autem

1820 2295 1902 2349 his
1925 2295 2241 2362 AEneidem,
2278 2297 2388 2362 IV,
2413 2298 2510 2352 365
2544 2317 2653 2367 sqq.
2686 2315 2699 2349 :
2730 2299 2839 2350 Nec

1819 2380 1920 2429 tibi
1934 2379 2052 2429 diva
2062 2396 2271 2443 parens,
2300 2384 2496 2444 genens
2516 2398 2605 2431 nec
2629 2379 2841 2431 Darda-

1820 2473 1915 2505 nus
1946 2463 2126 2506 auctor
2139 2495 2152 2515 ‚
2200 2457 2426 2523 Perfide‚·
2464 2458 2562 2507 sed
2586 2458 2725 2507 dun's
2749 2476 2840 2522 gc-

1823 2538 1934 2585 nuit
1957 2542 2007 2586 te
2037 2536 2268 2587 cautibus
2304 2536 2505 2588 horrens
2539 2536 2801 2587 Caucasus
2820 2574 2833 2595 ‚

1822 2613 2165 2681 Hyrcanaque
2185 2613 2452 2664 admorunt
2472 2616 2626 2664 ubera
2650 2617 2815 2679 taegrm.

1897 2711 2002 2742 122.
2029 2693 2136 2744 Nec
2153 2693 2280 2744 Jove
2302 2701 2357 2744 tu
2381 2701 2531 2744 natus
2555 2732 2568 2753 ,
2611 2701 2708 2744 etc.
2736 2691 2840 2744 Hic.

1824 2786 2002 2820 versus
2022 2778 2076 2819 et
2107 2787 2330 2835 sequens
2351 2766 2498 2820 valde
2524 2769 2757 2835 corrupti
2781 2768 2835 2820 in

1826 2846 1986 2900 MSS.
2006 2846 2269 2900 Dominio.
2297 2865 2309 2898 :
2335 2848 2494 2898 Falsa
2513 2864 2604 2898 nec
2622 2852 2844 2912 emage'ne

1823 2929 1964 2975 tauri
1978 2926 2117 2977 Lusa
2139 2934 2229 2977 tua
2245 2934 2326 2977 est
2335 2927 2552 2990 gem'm'ae
2568 2922 2737 2992 :fhlsa
2759 2935 2841 2977 est

1822 3003 2101 3072 casabula.
2135 3005 2290 3058 Unus
2317 3003 2524 3058 Ciosani
2553 3042 2567 3069 ,
2582 3001 2726 3069 salsi
2747 3022 2840 3055 uec

1823 3089 2039 3151 imagine
2074 3090 2222 3137 tauri.
2258 3085 2499 3154 Plerique
2522 3124 2537 3149 ‚
2575 3087 2690 3136 lusa
2720 3095 2802 3137 est
2822 3125 2835 3144 ‚

1824 3162 1915 3214 sed
1943 3181 2037 3230 pro
2073 3181 2137 3215 eo
2171 3163 2333 3232 Neap.
2360 3203 2374 3228 ,
2404 3172 2572 3229 capta.
2603 3162 2836 3215 Florent.

1825 3239 2003 3293 Sancti
2033 3240 2200 3293 Marci
2218 3279 2232 3307 ,
2264 3244 2447 3302 ducta,
2478 3239 2617 3308 quod
2644 3241 2838 3307 recepit

1824 3318 2088 3372 Heinsius.
2108 3319 2276 3370 Porro
2295 3357 2309 3384 ,
2335 3318 2493 3370 verba
2509 3323 2704 3384 generis
2720 3335 2838 3368 ves-

1823 3402 1897 3448 tri
1911 3395 1981 3449 sic
2012 3396 2236 3448 correxit
2267 3395 2644 3464 Caposerreus,
2681 3403 2836 3462 atque

1824 3474 1894 3527 ita
1921 3485 1975 3527 et
2007 3476 2218 3528 inventa
2243 3485 2365 3527 sunt
2396 3474 2449 3526 in
2480 3492 2588 3526 uno
2615 3473 2838 3527 Heinsii.

1829 3549 2009 3605 Codex
2045 3552 2238 3621 Regius
2280 3553 2329 3604 A
2368 3550 2524 3604 habet
2563 3553 2704 3604 Lusa
2748 3562 2838 3603 tua

1823 3638 1903 3681 est
1939 3648 1955 3680 :
1990 3634 2213 3696 genetn's·
2235 3626 2388 3696 salsa
2429 3639 2508 3682 est
2552 3638 2605 3681 et
2633 3628 2838 3697 sabula.

1829 3705 2010 3758 Codex
2033 3707 2078 3759 Β
2105 3707 2235 3760 nihil
2262 3718 2445 3761 mutat.
2481 3736 2549 3748 —
2587 3702 2838 3758 Fabulam

1825 3783 1964 3837 banc
1985 3785 2091 3854 ipse
2119 3804 2279 3853 supra
2301 3786 2563 3848 narravit,
2594 3782 2646 3833 11
2668 3817 2682 3844 ‚
2709 3789 2840 3831 extr·

1823 3890 1890 3901 —
1912 3864 2085 3929 Imago
2102 3903 2115 3925 ,
2142 3863 2313 3917 sorma
2338 3861 2471 3915 tauri
2497 3898 2511 3924 ‚
2552 3872 2710 3923 quam
2733 3855 2768 3906 J
2775 3875 2836 3907 u-

1825 3940 1961 4010 piter
1976 3953 2297 3995 assumserat.
2312 3966 2377 3980 -
2394 3939 2538 3988 Duce·
2555 3932 2695 3984 varie
2724 3933 2837 4003 capi

1826 4030 2026 4090 potest,
2072 4020 2205 4075 trahi
2236 4058 2250 4085 ,
2284 4015 2494 4078 induci,
2529 4013 2705 4067 seduci
2729 4054 2744 4081 ‚
2782 4024 2840 4067 ut

1829 4098 2077 4152 Heinsius
2103 4104 2283 4150 monet
2302 4131 2317 4157 ,
2362 4100 2451 4143 aut
2476 4129 2490 4156 ,
2518 4102 2576 4144 ut
2601 4111 2698 4162 ego
2722 4110 2840 4144 ma-

1825 4178 1949 4244 lim,
1976 4175 2157 4244 decipi.
2191 4198 2257 4212 --
2293 4174 2522 4233 Fabula,
2565 4181 2625 4225 ut
2661 4181 2796 4239 μῦθος
2822 4209 2844 4235 ,

1828 4255 2048 4307 omnino
2064 4247 2315 4313 narratio,
2329 4246 2840 4315 hincadditursalsa.

1829 4363 1895 4379 ·-
1908 4337 1974 4391 ‘ro'
1989 4349 2130 4387 wreu-
2146 4338 2480 4384 revocaverat
2498 4332 2696 4398 Gim'g,
2720 4325 2843 4395 quia
