3185 5138
675 559 809 652 374

1242 561 1318 624 P.
1370 559 1721 626 OVIDII
1770 558 2226 626 NASONIS

675 701 821 774 Rex
851 697 1041 798 jubet
1074 697 1346 798 incoepti
1381 725 1603 770 curam
1637 696 1965 770 dimittere
2002 695 2163 770 belli
2193 726 2210 769 ε

676 814 798 889 llle
833 831 1058 917 potest
1089 833 1358 890 auctore
1396 842 1579 887 suam
1616 813 1963 887 defendere
2000 841 2281 888 causam.

676 932 833 1005 Non
869 930 1042 1005 sinat
1071 930 1204 1003 boc
1237 930 1404 1029 Ajax
1426 985 1445 1017 ,
1482 926 1893 1028 delendaque
1926 929 2245 1023 Pergama
2277 944 2550 1027 poscat;

677 1047 1018 1149 Quodque
1051 1062 1315 1147 potest,
1349 1062 1610 1145 pugnet
1642 1074 1657 1116 :
1691 1073 1809 1118 cur
1840 1073 1979 1119 non
2012 1063 2379 1119 remoratur
2410 1047 2674 1120 ituros?
2718 1076 2819 1120 πο

682 1162 822 1236 Cur
848 1191 987 1236 non
1024 1190 1202 1236 arma
1235 1161 1469 1261 capit?
1506 1159 1622 1232 dat
1644 1216 1661 1246 ,
1698 1160 1880 1260 quod
1914 1190 2078 1256 vaga
2115 1161 2309 1234 turba
2345 1163 2712 1262 sequatur?
2756 1167 2763 1172 ’

676 1273 836 1351 Non
870 1295 1010 1352 erat
1041 1278 1170 1350 hoc
1202 1277 1479 1349 nimium
1516 1305 1854 1376 nunquam
1886 1276 2016 1349 nisi
2051 1305 2286 1373 magna
2320 1275 2644 1378 loquenti.

681 1393 922 1491 Quid?
957 1394 1136 1495 quod
1171 1410 1237 1467 et
1271 1393 1415 1494 ipse
1448 1391 1629 1486 fugis
1659 1394 1688 1464 Ρ
1719 1392 1855 1465 vidi
1882 1449 1899 1478 ,
1935 1394 2310 1495 puduitque
2344 1395 2566 1470 videre
2588 1452 2607 1484 ,

681 1512 912 1607 Quum
952 1528 1026 1584 tu
1059 1528 1241 1606 terga
1274 1510 1500 1595 dareS,
1539 1508 2024 1610 inhonestaque
2054 1511 2200 1585 vela
2238 1540 2522 1613 parares.

680 1627 819 1699 Nec
849 1653 1073 1714 mora,
1123 1659 1156 1690 a
1193 1625 1376 1721 Quid
1409 1625 1673 1698 facitis?
1709 1654 1855 1726 quae
1888 1656 2010 1701 vos
2042 1627 2406 1718 dementia,
2446 1629 2618 1718 dixi,
2718 1653 2819 1705 225

688 1772 726 1807 ³>
771 1742 1114 1830 Concitat,
1153 1772 1193 1815 o
1229 1741 1429 1827 socii,
1465 1759 1722 1843 captam
1756 1741 2163 1818 dimittereT
2185 1746 2443 1844 rojam?

684 1887 722 1920 >›
758 1855 1025 1953 Quidve
1060 1856 1332 1929 domum
1370 1855 1555 1929 fertis
1588 1855 1842 1929 decimo
1866 1914 1885 1943 ,
1914 1859 2042 1931 nisi
2080 1857 2398 1947 dedecus,
2437 1887 2620 1933 anno
2651 1861 2680 1933 ?
2718 1895 2750 1925 n

683 1969 965 2046 Talibus
996 1988 1192 2072 atque
1229 1969 1412 2059 aliis,
1453 1971 1526 2043 in
1556 1999 1702 2071 quae
1741 1970 1938 2044 dolor
1970 1972 2114 2073 ipse
2149 1973 2467 2046 disertum

685 2141 821 2195 sium
841 2141 1143 2195 offendebat
1165 2159 1446 2196 concursus
1468 2142 1699 2212 plurium

685 2220 1128 2274 substantivorum
1163 2222 1255 2273 uni
1289 2221 1450 2275 verbo
1479 2221 1703 2289 iuncto-

687 2317 846 2362 ωιτη
884 2299 1057 2367 itaque
1087 2298 1370 2364 suadebat,
1403 2301 1541 2351 Ecce
1558 2302 1707 2351 lovels

686 2382 903 2429 monitos
946 2380 1181 2445 deceptus
1226 2381 1444 2444 imagine
1488 2396 1704 2429 somnos.

690 2455 1015 2509 Dur-issimus
1055 2457 1365 2525 graecismus.
1410 2456 1515 2510 Sed
1555 2457 1705 2509 illum

691 2552 1007 2587 concursum
1026 2552 1134 2587 non
1156 2554 1264 2589 esse
1284 2532 1600 2588 insolentem
1618 2574 1633 2601 ,
1654 2544 1708 2588 et

689 2617 882 2666 monitu
900 2612 1099 2666 dictum
1123 2630 1219 2683 pro
1238 2652 1254 2679 ,
1280 2633 1346 2666 ez·
1366 2618 1555 2666 mom'tu
1570 2654 1583 2675 ,
1613 2633 1709 2666 os—

691 2688 862 2742 tendit
897 2690 1251 2744 Burmannus.
1294 2692 1500 2744 Monere
1530 2700 1710 2743 autem

693 2786 802 2820 esse
829 2768 1049 2820 verbum
1075 2768 1403 2821 somniorum
1420 2807 1434 2833 ,
1467 2770 1574 2835 jam
1601 2787 1710 2820 sae-

694 2845 810 2913 pius
831 2843 1154 2897 vidimus.—-
1170 2844 1274 2897 Hic
1297 2844 1712 2898 administranda

691 2931 815 2974 sunt
850 2919 1088 2989 quedam
1125 2921 1360 2989 exempla
1385 2961 1401 2987 ,
1446 2940 1563 2989 que
1597 2922 1709 2988 lx,

697 3019 794 3069 70⁰
811 3040 825 3066 ,
846 2998 1178 3068 promisimus
1203 3019 1216 3052 ε
1247 2999 1520 3053 Claudian.
1547 3002 1570 3052 1
1597 3001 1712 3054 Stil.

698 3080 797 3132 216
823 3118 837 3147 ,
878 3079 989 3131 Aut
1018 3083 1230 3131 mom‘tos
1266 3088 1405 3131 cena
1444 3081 1718 3147 dignantur

698 3162 916 3225 imagine
931 3171 1169 3219 somnos‚·
1192 3155 1333 3224 quod
1352 3156 1557 3209 Heinsii
1579 3175 1709 3208 con-

694 3238 910 3306 jecturae
941 3236 1146 3306 egregie
1179 3235 1506 3305 suffragatur.
1536 3234 1713 3290 Valer.

701 3316 991 3382 Maximus,
1016 3316 1038 3367 1
1059 3354 1073 3381 ,
1093 3330 1174 3367 vu
1191 3355 1206 3381 ,
1233 3315 1264 3367 8
1280 3318 1616 3382 :propioribus
1629 3326 1715 3368 ta·

696 3414 808 3447 men
822 3435 835 3453 ,
862 3403 918 3447 ut
929 3400 1007 3447 ita
1025 3398 1191 3445 dic-mn
1203 3433 1217 3453 ,
1248 3398 1399 3447 linet}
1413 3395 1585 3448 Aten'e'
1598 3396 1723 3465 Refi

596 3508 606 3522 ·
695 3481 939 3528 somnium
952 3483 1086 3527 certo
1097 3484 1272 3527 eventu
1282 3477 1588 3528 admonitum
1606 3483 1686 3528 es!
1697 3492 1717 3538 ,⁸

699 3554 982 3608 Petronius
1018 3552 1072 3605 in
1103 3552 1342 3624 Satyrico
1367 3592 1381 3619 ,
1407 3573 1448 3607 c.
1482 3553 1576 3606 106
1594 3590 1610 3619 ,
1632 3551 1713 3607 ·de

696 3632 814 3686 Diis
837 3650 1045 3700 quoque
1073 3649 1086 3684 t
1111 3639 1162 3683 e!
1190 3631 1580 3700 que'dfice’ssent
1608 3634 1715 3684 ad-

697 3722 990 3765 monuerunt
994 3715 1118 3777 pari
1125 3715 1423 3763 somniorum
1436 3728 1683 3764 consensu
1696 3727 1718 3775 ,·

700 3789 950 3859 Virgilius
967 3827 981 3855 ,
1009 3788 1132 3841 AEn.
1151 3789 1293 3853 Vll,
1332 3807 1422 3841 102
1441 3808 1453 3840 :
1477 3806 1719 3855 responsa

663 3888 674 3905 ⁸
694 3873 862 3937 pdtn's
877 3869 1046 3919 Fauni
1054 3871 1362 3935 monitusque
1375 3868 1720 3919 se'lenliNocte

705 3951 854 3999 datos
885 3964 900 3997 .·
928 3944 1149 4014 plurima
1173 3955 1298 3998 sunt
1328 3954 1577 4014 preterea
1604 3944 1717 3997 loca

704 4023 800 4076 alia
828 4023 1179 4092 plurimorum
1208 4023 1521 4093 scriptorum
1543 4062 1558 4088 ,
1601 4041 1718 4091 quae

705 4103 897 4171 possim
920 4102 1149 4165 referre;
1180 4100 1268 4154 sed
1297 4101 1379 4154 illa
1401 4101 1722 4171 pretermit-

705 4191 759 4233 to
779 4219 794 4244 ,
833 4200 899 4233 ne
925 4180 979 4232 in
1010 4180 1212 4249 longius
1235 4178 1512 4233 discedam.
1541 4180 1722 4230 Ed.—

707 4255 975 4310 Caeterum
992 4256 1132 4326 quod
1154 4254 1238 4308 hic
1252 4265 1718 4321 commemoratur,

1799 2141 2090 2211 pernicioso
2104 2141 2167 2196 ad
2192 2143 2651 2213 Agamemnonem
2673 2163 2820 2197 som-

1804 2220 1895 2272 nio
1925 2221 2082 2275 misso
2104 2262 2119 2287 ,
2168 2223 2414 2290 monuit,
2456 2233 2519 2275 ut
2551 2221 2826 2276 invaderet

1806 2298 2093 2367 Troianos3
2113 2297 2226 2352 sore
2245 2300 2387 2374 enim
2401 2340 2417 2367 ,
2444 2310 2504 2354 ut
2525 2302 2708 2354 urbem
2726 2321 2825 2354 eo-

1803 2394 1927 2428 rum
1963 2378 2143 2446 capiat.
2191 2377 2563 2447 Agamemnon
2605 2389 2817 2444 autem,

1804 2466 1864 2508 ut
1880 2465 2106 2510 tentaret
2121 2457 2311 2511 milites
2327 2497 2341 2522 ,
2356 2458 2503 2525 jussit
2518 2463 2728 2525 incepti
2735 2478 2821 2510 cn·

1804 2552 1911 2586 ram
1926 2538 2169 2588 dimittere
2180 2537 2324 2597 belli,
2353 2534 2601 2589 desistere
2619 2553 2647 2587 a
2665 2533 2820 2602 bello,

1806 2623 1960 2681 atque
1990 2613 2207 2666 navibus
2244 2613 2297 2666 in
2330 2632 2474 2667 mare
2503 2611 2737 2666 deductis
2764 2613 2822 2665 in

1806 2690 2028 2758 patriam
2060 2689 2247 2743 redire.
2284 2690 2448 2758 Quod
2483 2690 2564 2742 vix
2598 2688 2822 2742 audive—

1806 2781 1926 2822 rant
1952 2770 2137 2823 milites
2158 2810 2173 2835 ,
2208 2788 2373 2840 quum
2397 2770 2498 2822 loeti
2528 2787 2823 2837 magnoque

1805 2865 1926 2898 cum
1953 2848 2179 2901 clamore
2206 2846 2271 2900 ad
2296 2865 2453 2900 naves
2478 2845 2821 2911 festinarent,

1806 2923 2142 2994 reditumque
2178 2934 2437 2993 pararent.
2476 2923 2580 2976 Hic
2610 2923 2825 2995 Ulysses

1808 3019 1945 3054 unus
1968 3002 2066 3055 suit
2081 3041 2096 3068 ,
2121 3003 2209 3072 qui
2227 3001 2533 3056 festinantes
2557 3002 2636 3054 vel
2656 3000 2824 3053 verbis

1808 3079 2039 3145 reduxit,
2064 3080 2144 3132 vel
2170 3080 2473 3133 verberibus
2488 3078 2745 3144 coercuit,
2770 3089 2825 3129 et

1808 3174 1905 3225 pro
1922 3156 2174 3209 concione
2195 3157 2383 3211 milites
2404 3157 2467 3210 ad
2494 3156 2688 3210 bellum
2703 3174 2826 3208 con·

1809 3234 2124 3289 tinuandum
2146 3236 2447 3289 cohortatus
2467 3246 2571 3299 est3
2601 3237 2825 3289 Homer.

1810 3334 1940 3367 vers.
1978 3316 2072 3380 284
2107 3333 2218 3384 sqq.
2258 3315 2321 3366 ln
2355 3313 2457 3367 hoc
2491 3314 2649 3384 igitur
2682 3331 2828 3365 nunc

1810 3391 2026 3443 exsultat
2049 3391 2161 3458 ejus
2188 3391 2687 3454 oratius—Auctore,
2720 3409 2826 3442 au-

1809 3470 2046 3523 ctoritate
2072 3471 2249 3537 Jovis,
2290 3489 2450 3539 quem
2487 3470 2583 3523 sibi
2613 3470 2825 3524 suasisse

1810 3547 2040 3601 reditum
2066 3548 2437 3601 mentiebatur.
2459 3575 2525 3587 —
2549 3545 2832 3614 Defendeoe

1809 3646 2043 3693 causam,·
2057 3626 2212 3695 vulgo
2227 3626 2494 3692 defendere
2509 3644 2678 3677 vocem
2689 3641 2706 3689 ,·
2718 3624 2829 3693 qui·

1811 3703 1935 3757 dam
1968 3710 2201 3772 θήρευμ’
2236 3703 2398 3758 codex
2431 3704 2625 3773 Regius
2651 3704 2697 3756 A
2724 3722 2827 3755 vo—

1809 3804 1947 3850 cem,
1980 3784 2141 3838 codex
2178 3784 2221 3836 B
2248 3802 2445 3846 vocem,
2475 3781 2721 3852 additque
2746 3786 2836 3834 vel

1810 3882 2035 3916 cansam.
2052 3884 2118 3902 -ὴ-
2133 3864 2266 3922 Dat,
2285 3862 2367 3914 vel
2391 3862 2634 3931 proponit
2656 3860 2825 3914 consi-

1811 3942 1941 3994 lium
1959 3981 1974 4009 ,
1998 3941 2078 3993 vel
2101 3940 2191 3993 dat
2210 3941 2523 4009 exemplum.
2538 3942 2738 4007 Magna
2754 3942 2825 3990 lo·

1811 4025 1984 4088 quenti
1991 4038 2010 4085 ,-
2036 4017 2153 4072 vide
2183 4020 2242 4083 1,
2273 4022 2384 4088 7⁵¹-

1880 4101 1991 4153 226.
2036 4103 2250 4166 Captum
2269 4139 2283 4161 ,
2323 4098 2435 4167 jam
2467 4097 2775 4169 capiendam
2802 4135 2819 4163 ,

1814 4198 1969 4248 quam
1995 4178 2334 4245 obsidebant,
2364 4189 2423 4232 ut
2451 4188 2712 4249 caperent.
2736 4177 2825 4231 Sic

1810 4264 2060 4326 capiebam
2096 4263 2270 4312 celum
2299 4259 2355 4325 l,
2403 4260 2493 4324 184
2513 4298 2527 4324 ,
2565 4269 2620 4312 et
2649 4264 2828 4323 captas

702 4324 938 4391 sumtum
968 4355 1032 4389 ex
1064 4336 1123 4390 ΙΙ.
1157 4345 1191 4388 B
1210 4374 1225 4401 ,
1267 4337 1445 4388 1-332.
1472 4334 1718 4405 Jupiter,
1802 4336 1920 4404 jam
1955 4339 2242 4402 despectare
2274 4345 2433 4389 terras
2465 4335 2604 4404 apud
2640 4332 2830 4402 Virgi-
