3185 5138
639 571 769 637 268

1199 572 1280 639 P.
1330 573 1688 642 OVIDII
1732 573 2188 644 NASONIS

635 709 882 785 Omnia
914 709 1191 785 servavit
1219 743 1234 784 :
1264 711 1507 813 lapidis
1532 713 1725 788 color
1757 713 2005 789 indicat
2037 714 2239 789 illum

2673 738 2772 807 405

635 827 788 901 Jam
823 855 961 900 non
996 856 1138 903 esse
1169 826 1439 930 lupum,
1470 830 1607 929 jam
1640 859 1778 904 non
1814 830 2049 905 debere
2087 831 2325 905 timeri.

636 942 774 1016 Nec
812 960 1025 1017 tamen
1056 944 1181 1019 hac
1216 945 1577 1047 profugum
1612 947 1969 1021 consistere
2000 946 2197 1022 Pelea
2232 966 2404 1020 terra

637 1057 796 1132 Fata
828 1059 1057 1134 sinunt
1083 1090 1099 1133 ε
1128 1062 1478 1157 Magnetas
1508 1061 1651 1136 adit
1682 1091 1888 1159 vagus
1922 1062 2150 1150 exsul,
2189 1081 2255 1136 et
2288 1062 2425 1135 illic

640 1173 860 1250 Sumit
893 1177 976 1251 ab
1018 1178 1369 1251 Haemonio
1405 1179 1798 1278 purgamina
1828 1178 2024 1253 caedis
2057 1180 2326 1253 Acasto.
2404 1186 2409 1189 ’

739 1292 924 1365 vlu.
959 1295 1217 1367 Interea
1247 1293 1598 1394 fratrisque
1632 1294 1773 1382 sui,
1807 1293 2205 1394 fratremque
2239 1293 2482 1369 secutis

2673 1315 2774 1382 410

641 1405 857 1480 Anxia
891 1408 1214 1507 prodigiis
1252 1410 1561 1483 turbatus
1591 1428 1862 1512 pectora
1895 1411 2072 1511 Ceyx
2093 1466 2112 1498 ,

643 1523 966 1598 Consulat
1000 1543 1076 1599 ut
1108 1554 1362 1614 sacrm,
1398 1526 1748 1601 hominum
1784 1525 2219 1600 oblectamina
2240 1581 2259 1614 ‚
2295 1542 2509 1599 sortes
2532 1581 2552 1614 ,

639 1727 833 1800 eyllum
848 1730 1161 1785 Bur-manno
1176 1733 1264 1802 qui
1280 1752 1308 1786 e
1329 1732 1494 1787 tribus
1507 1732 1654 1786 MSS

639 1806 764 1875 legit
774 1847 789 1871 ,
814 1811 1097 1862 e‘ahaerentelr
1109 1848 1122 1862 .
1136 1849 1149 1860 .
1165 1848 1177 1862 .
1195 1852 1208 1864 .
1223 1816 1435 1862 mutavi!
1449 1830 1651 1878 corpas,

640 1895 731 1937 aut
745 1924 760 1950 ,
787 1896 848 1937 ut
867 1904 1148 1940 concursus
1165 1887 1515 1957 genitivorum
1532 1888 1656 1941 vite·

639 1972 756 2029 tur,
791 1966 1081 2030 zaben-ati,
1118 1976 1178 2017 ut
1205 1975 1284 2018 est
1315 1965 1369 2018 in
1407 1984 1517 2018 uno
1551 1964 1657 2019 MS

643 2040 1084 2096 Puteaneo.—An
1092 2052 1201 2095 ton.
1215 2042 1464 2096 Liberalis
1477 2042 1541 2096 de
1560 2042 1661 2097 hoc

638 2136 791 2171 saxeo
812 2117 935 2188 lupo
953 2158 967 2185 ,
994 2129 1074 2174 καὶ
1096 2124 1208 2191 ἄχρι
1241 2128 1449 2175 πλείστου
1487 2123 1660 2187 &tim-n

641 2203 816 2265 μεταξὺ
852 2203 1070 2273 Λθκρίδος
1098 2205 1179 2251 καὶ
1213 2211 1295 2257 ἐἰς
1326 2204 1525 2257 Φωκίδος
1560 2210 1658 2266 γῆς.

645 2272 777 2327 Inde
801 2274 1008 2344 colligas
1026 2316 1040 2342 ,
1066 2294 1248 2328 saxum
1272 2274 1540 2345 quoddam
1555 2314 1570 2341 ,
1592 2275 1665 2328 il-

637 2351 738 2405 lius
762 2352 858 2407 loci
889 2352 1113 2406 sormam
1138 2352 1246 2422 lupi
1274 2363 1559 2423 utcumque
1586 2371 1666 2405 re·

641 2426 844 2496 serens,
872 2429 1097 2483 fabulam
1123 2432 1397 2501 peperisse.

706 2511 820 2581 407.
846 2513 1142 2565 Coasaelrtere.
1169 2510 1421 2565 Heinsius
1436 2512 1666 2565 malebat

640 2591 911 2643 consedere.
949 2589 1099 2659 Regii
1138 2589 1302 2643 nostri
1342 2596 1617 2644 constris-tere
1642 2631 1656 2653 ‚

644 2675 698 2719 et
722 2667 856 2720 bene
883 2676 1066 2720 contra
1091 2667 1308 2736 scriptos
1332 2685 1518 2720 omnes
1536 2665 1667 2719 nihil

645 2746 868 2800 mutavit
891 2747 1247 2801 Burmannus.
1274 2749 1448 2800 Ed.—
1463 2745 1668 2799 Obser—

644 2836 731 2878 vat
745 2825 928 2878 Burm.
948 2837 1215 2896 proeeunte
1233 2825 1420 2880 Servio
1435 2824 1499 2877 ad
1520 2824 1667 2896 Virg.

647 2902 773 2955 AEn.
791 2903 926 2957 VIII
947 2943 962 2971 ,
988 2924 1045 2956 ιο
1059 2943 1074 2971 ,
1091 2908 1365 2956 coaszlrlere
1380 2903 1479 2956 dici
1495 2902 1560 2955 de
1576 2902 1639 2957 iis
1651 2943 1666 2970 ‚

646 2978 736 3049 qui
761 2990 876 3049 post
898 3000 1052 3050 vagos
1066 2999 1270 3033 errores
1291 2980 1344 3033 in
1369 2982 1522 3033 certis
1539 2980 1671 3033 sedi·

643 3059 741 3113 bus
765 3059 1045 3127 quiescant.
1071 3085 1136 3099 ·—
1153 3060 1462 3126 purgamina
1479 3064 1660 3121 sumit,

647 3149 926 3210 purgatur,
950 3138 1230 3205 lustratur,
1257 3145 1531 3213 καθαίρεται.
1557 3137 1672 3191 Ne-

649 3235 751 3287 que
778 3215 922 3269 enim
956 3215 1004 3268 ei
1024 3254 1038 3281 ,
1070 3214 1157 3283 qui
1190 3212 1329 3266 coede
1359 3252 1374 3279 ,
1413 3210 1671 3266 adulterio

649 3293 906 3364 similique
933 3293 1161 3347 facinore
1192 3311 1246 3345 se
1280 3291 1563 3361 polluerat,
1592 3309 1673 3343 sa-

648 3373 758 3427 cris'
788 3372 1037 3424 interesse
1080 3369 1265 3424 licebat
1288 3408 1303 3435 ,
1348 3377 1438 3421 aut
1479 3366 1674 3436 templa

650 3448 794 3502 adire
824 3489 839 3516 ,
885 3448 982 3501 nisi
1023 3447 1269 3500 lustratus
1312 3452 1463 3499 antea
1506 3455 1671 3512 esset,

650 3546 768 3596 quc
782 3527 1020 3580 lustratio
1044 3545 1178 3594 aqua
1201 3525 1317 3579 viva
1332 3534 1421 3578 aut
1437 3523 1641 3577 marina
1658 3562 1673 3590 ,

649 3607 922 3677 sulphure,
944 3606 1158 3661 flamma
1173 3605 1346 3660 fiebat.
1365 3604 1675 3660 Secu‘ndum

656 3682 780 3737 alios
796 3683 872 3736 bis
890 3684 1076 3738 Peleus
1094 3684 1337 3738 lustratus
1354 3693 1449 3750 est,
1462 3691 1677 3751 propter

651 3760 826 3814 fratris
840 3760 1035 3815 caedem
1054 3761 1425 3833 abEurytione
1440 3799 1455 3826 ,
1471 3769 1525 3812 et
1538 3798 1552 3826 ‚
1576 3758 1677 3810 Eu·

652 3839 862 3912 rytione
883 3838 1159 3894 interfecto
1177 3879 1192 3907 ,
1217 3840 1281 3892 ab
1303 3839 1527 3901 Acasto,
1552 3835 1679 3890 Iolci

651 3937 791 3988 rege.
817 3917 1195 3988 Apollodorus,
1218 3917 1333 3984 111,
1357 3932 1493 3982 xm,
1523 3936 1542 3967 ι
1569 3935 1645 3984 sq.

715 3996 969 4063 4ι-ο-748.
995 3998 1134 4067 Ceyx
1153 4005 1207 4049 et
1225 3997 1501 4067 Halcyone.
1529 3991 1681 4064 Ceyx

654 4071 718 4124 ad
750 4073 1004 4143 Apollinis
1030 4071 1191 4126 Clarii
1218 4073 1474 4143 templum
1503 4070 1679 4142 profi-

651 4150 847 4203 ciscens
885 4151 1021 4221 perit
1061 4151 1353 4221 naufragio.
1390 4151 1680 4223 Halcyone

655 4224 720 4279 de
744 4226 915 4281 salute
938 4229 1111 4282 mariti
1139 4229 1366 4282 sollicitoe
1386 4228 1682 4298 Morpheus

656 4322 787 4374 appa
798 4314 877 4360 ret
900 4304 958 4360 in
981 4307 1179 4362 somnis
1201 4346 1216 4374 ,
1251 4306 1547 4376 indicatque
1578 4326 1681 4375 pe·—

1751 1732 1896 1793 :iisse
1926 1750 2069 1785 eum.
2099 1730 2194 1783 ma
2223 1748 2388 1799 quum
2422 1728 2487 1782 ad
2518 1728 2640 1782 litus
2670 1728 2776 1784 de-

1752 1808 2016 1876 cus-risset,
2034 1808 2087 1862 in
2106 1807 2373 1861 volucrem
2388 1806 2627 1872 vertitur,
2641 1825 2777 1860 eam·

1754 1887 1984 1958 demque
2021 1887 2544 1942 transformationem
2583 1888 2781 1957 patitur

1755 1987 1945 2037 corpus
1967 1966 2156 2040 Ceycis
2180 1967 2436 2020 exanime.
2460 1965 2619 2019 cont:
2646 1967 2776 2038 Hy-

1755 2046 1938 2115 ginus,
1969 2044 2071 2098 sab.
2098 2046 2165 2099 65
2186 2084 2202 2112 ,
2239 2055 2294 2099 et
2329 2043 2590 2098 Lucianus
2628 2043 2777 2097 Halo.

1757 2138 1885 2179 tom.
1912 2126 1976 2193 1,
2016 2146 2065 2195 p.
2101 2144 2228 2197 129,
2272 2124 2363 2193 qui
2402 2123 2619 2177 eosdem
2654 2141 2776 2176 cum

1757 2206 1952 2259 Nostro
1997 2214 2233 2257 auctores
2276 2202 2442 2256 secuti
2482 2201 2733 2255 videntur
2760 2241 2774 2268 ,

1758 2298 2059 2349 quanquam
2108 2278 2282 2349 paucis
2330 2297 2448 2332 rem
2495 2279 2777 2348 attingunt.

1761 2359 1864 2413 Alii
1881 2360 1937 2412 in
1956 2359 2131 2412 multis
2148 2358 2478 2412 dissentiunt.
2490 2357 2613 2410 Vid.
2627 2355 2782 2426 Apol-

1758 2436 1973 2490 lodorus
1990 2476 2005 2504 ,
2032 2436 2058 2489 1
2075 2475 2089 2501 ‚
2113 2452 2197 2487 vu
2216 2475 2231 2502 ,
2255 2438 2286 2503 4
2309 2457 2323 2498 ;
2354 2433 2528 2489 Schol.
2556 2432 2782 2487 Homeri

1760 2513 1828 2568 ad
1853 2514 1912 2567 ll.
1937 2514 1991 2581 1,
2021 2516 2146 2577 5583
2174 2512 2349 2566 Schol.
2377 2511 2742 2583 Aristophanis
2763 2551 2779 2580 ,

1763 2612 1811 2663 p.
1831 2597 1957 2654 5523
1982 2590 2154 2646 schol.
2172 2590 2444 2644 Theocriti
2460 2589 2524 2643 ad
2545 2590 2624 2645 Id.
2640 2590 2748 2645 Vll
2763 2629 2778 2657 ,

1766 2673 1825 2736 57
1843 2689 1857 2732 ;
1872 2668 2088 2721 Tzetzes
2102 2667 2166 2720 ad
2179 2666 2585 2739 Lycophronem
2598 2708 2610 2729 ,
2629 2668 2781 2740 p.69;

1763 2744 1978 2798 Servius
1991 2744 2056 2797 ad
2070 2745 2370 2813 Virgilium,
2386 2743 2581 2813 Georg.
2600 2744 2645 2809 Ι,
2658 2744 2782 2815 399ς

1766 2820 2004 2874 Lutatius
2021 2820 2083 2873 ad
2103 2820 2352 2887 Statium,
2372 2821 2468 2885 lx,
2487 2818 2657 2872 Theb.
2669 2819 2783 2870 361.

1766 2899 1944 2952 Etiam
1969 2897 2235 2952 Hesiodus
2256 2898 2366 2952 hec
2391 2896 2561 2950 forsan
2590 2904 2784 2948 tracta-

1768 2989 1914 3030 verat
1936 2997 1949 3030 :
1976 2988 2117 3030 certe
2145 2976 2431 3030 Athenaeus
2451 3014 2466 3041 ‚
2493 2974 2579 3039 11,
2606 2992 2654 3041 p.
2682 2975 2748 3044 49
2765 3011 2780 3038 ,

1766 3075 1981 3110 carmen
2007 3057 2122 3126 ejus
2141 3054 2318 3108 laudat
2340 3060 2512 3116 Κῆῠκος
2533 3053 2677 3118 γάμος
2696 3050 2786 3102 in-

1767 3135 2037 3203 scriptum.
2060 3134 2255 3186 Noster
2269 3131 2534 3185 exornavit
2552 3128 2686 3181 hanc
2705 3126 2787 3179 sa-

1769 3211 1947 3265 bulam
2007 3209 2365 3280 copiosissimis
2418 3206 2740 3276 tempestatis
2767 3244 2782 3273 ,

1771 3289 1960 3344 Somni
1988 3328 2003 3355 ,
2046 3287 2296 3358 Morphei
2343 3284 2788 3354 descriptionibus.

1772 3370 1843 3424 Et
1867 3380 1942 3423 est
1966 3369 2022 3421 in
2051 3365 2467 3422 elaboratissimis
2485 3364 2643 3432 hujus
2664 3382 2789 3434 ope·

1770 3448 1843 3501 ris
1866 3449 2126 3518 partibus,
2163 3448 2215 3499 in
2251 3446 2441 3516 quibus
2474 3444 2679 3497 Auctor
2706 3442 2788 3494 vel

1772 3526 1996 3580 maxime
2020 3525 2294 3595 ingenium
2312 3523 2606 3578 ostentavit.
2621 3520 2793 3590 Elegit

1771 3603 2112 3657 traditionem
2139 3621 2256 3655 eam
2278 3641 2293 3664 ‚
2332 3620 2448 3670 quae
2472 3600 2607 3669 ipsos
2633 3616 2791 3652 com-

1773 3681 2087 3736 mendat.-
2105 3678 2402 3733 Consilium
2426 3676 2630 3749 Ceycis.
2653 3676 2793 3729 Mu·-

1772 3763 1903 3817 tatio
1924 3761 2095 3814 fratris
2118 3761 2173 3812 in
2195 3758 2491 3827 accipitrem
2514 3759 2680 3824 (vers.
2697 3775 2788 3828 ²9¹

1775 3860 1869 3910 sqq
1890 3842 1911 3907 )
1932 3879 1947 3906 ‚
1970 3849 2023 3893 et
2042 3837 2195 3908 paulo
2211 3846 2326 3906 post
2351 3837 2506 3905 lupus
2532 3834 2675 3888 Pelei
2691 3852 2796 3900 ‚ar-

1776 3928 1959 3971 menta
1997 3915 2260 3969 trucidans
2294 3915 2402 3966 vim
2436 3912 2798 3984 prodigiorum

1777 3995 2071 4061 habebant,
2097 3993 2282 4062 quibus
2306 3995 2533 4045 turbatas
2549 4030 2562 4053 ,
2594 3999 2797 4058 perter-

1776 4071 2000 4125 resactus
2040 4069 2188 4143 Ceyx
2233 4069 2534 4139 Apollinem
2574 4065 2797 4119 consul-

1781 4159 1895 4202 tum
1921 4148 2039 4201 abit.
2058 4174 2123 4187 —
2144 4149 2414 4198 Hominum
2438 4145 2796 4202 oblectamina,

1782 4226 1969 4295 quibus
1996 4224 2323 4277 oblectantur
2340 4222 2582 4275 homines
2607 4220 2658 4271 in
2684 4234 2801 4267 ma·-

1780 4304 1844 4359 lis
1866 4344 1880 4373 ,
1917 4304 2103 4373 quibus
2138 4303 2340 4373 pellunt
2377 4299 2633 4355 malorum
2668 4311 2799 4347 mo·—
