3185 5138
622 540 1670 633 METAMORPHOSEON
1718 549 1926 615 LIB.
1981 550 2212 618 VIII.
2383 554 2465 618 35

339 679 435 751 At
466 679 705 774 gemini
726 735 745 766 ,
783 678 1083 754 nondum
1117 679 1395 757 caelestia
1429 683 1681 772 sidera,
1719 685 1988 776 sratreS,

340 792 564 866 Ambo
599 795 976 895 conspicui,
1011 797 1161 870 nive
1197 798 1694 873 candidioribus
1727 803 1922 877 ambo

340 910 792 984 Vectabantur
822 913 1047 1012 equiS,
1088 913 1287 987 ambo
1322 915 1727 1017 vibrata-per
1756 947 1946 994 auras

344 1025 698 1099 Hastamm
734 1026 1014 1101 tremulo
1046 1030 1432 1130 quatiebant
1466 1031 1719 1132 spicula
1751 1053 1958 1109 motu.
2022 1038 2026 1048 ’

344 1139 636 1216 Vulnera
671 1142 1018 1231 fecissent3
1059 1145 1191 1218 nisi
1225 1147 1468 1241 setiger
1500 1148 1675 1222 inter
1709 1177 1946 1249 opacas
1966 1206 1985 1239 ,

342 1257 480 1330 Nec
508 1256 742 1355 jaculis
779 1259 937 1331 isset
970 1287 1091 1333 nec
1123 1289 1298 1361 equo
1336 1260 1479 1335 loca
1512 1263 1731 1363 pervia
1751 1319 1770 1351 ,
1807 1265 2018 1341 silvas».

342 1370 771 1471 Persequitur
799 1371 1159 1462 Telamon,
1198 1376 1556 1479 studioque
1591 1379 1896 1455 incautus
1930 1382 2166 1468 eundi,

341 1488 603 1561 Pronus
634 1488 716 1560 ab
749 1488 1021 1563 arborea
1056 1491 1290 1565 cecidit
1321 1493 1537 1568 radice
1571 1512 1887 1568 retentus.

340 1607 519 1680 Dum
551 1604 720 1680 levat
754 1606 931 1680 hunc
966 1606 1239 1696 PeleuS,
1283 1607 1555 1683 celerem
1586 1613 1860 1706 Tegeaea
1890 1613 2195 1707 sagittam

2374 1640 2471 1692 380

337 1722 671 1822 Imposuit
699 1748 900 1795 nervo
919 1777 938 1808 ,
974 1723 1372 1825 sinuatoque
1403 1724 1658 1826 expulit
1690 1755 1864 1800 arcu.

338 1837 500 1910 Fixa
531 1837 656 1910 sub
691 1865 845 1911 aure
882 1837 1001 1912 seri
1037 1866 1366 1914 summum
1401 1841 1754 1938 destringit
1783 1844 2038 1918 arundo

340 1952 641 2052 Corpus,
683 1969 749 2026 et
783 1953 1023 2049 exiguo
1063 1953 1389 2030 rubefecit
1420 1958 1739 2051 sanguine
1774 1977 1965 2033 setas.

338 2068 477 2140 Nec
512 2084 730 2141 tamen
767 2065 878 2140 illa
913 2068 1012 2141 sui
1051 2097 1357 2144 successu
1395 2070 1608 2145 laetior
1639 2074 1847 2161 ictus,

337 2183 562 2279 Quam
597 2180 973 2277 Meleagros
1005 2201 1143 2256 erat
1173 2214 1189 2256 ε
1222 2185 1477 2284 primus
1510 2186 1752 2262 vidisse
1787 2206 2091 2289 putatur,

2373 2212 2469 2265 385

336 2302 429 2373 Et
461 2299 717 2400 primus
750 2298 948 2373 sociis
982 2297 1195 2373 visum
1230 2301 1597 2377 ostendisse
1631 2331 1926 2377 cruorem
1951 2359 1970 2390 ,

335 2425 463 2510 Et,
497 2422 846 2509 meritum,
884 2422 1163 2509 dixisse,
1199 2421 1371 2496 feres
1403 2424 1669 2498 virtutis
1700 2425 2044 2498 honorem.
2127 2430 2134 2435 ’

331 2544 682 2620 Erubuere
709 2544 865 2631 viri,
904 2572 1106 2644 seque
1140 2542 1606 2633 exhortantur,
1642 2564 1710 2620 et
1739 2545 1993 2621 addunt

333 2669 505 2742 Cum
538 2666 819 2741 clamore
852 2666 1140 2753 animoS,
1170 2666 1556 2768 jaciuntque
1589 2668 1732 2741 sine
1764 2668 2155 2756 ordine-tela
2184 2701 2199 2744 :

329 2789 561 2864 Turba
594 2808 795 2863 nocet
821 2789 1044 2888 jaotiS,
1083 2804 1186 2877 et,
1226 2817 1394 2889 quos
1427 2790 1629 2890 petit,
1670 2791 1948 2892 impedit
1980 2793 2170 2867 ictus.
2365 2816 2465 2886 39⁰

328 2915 504 2987 Ecce
540 2912 766 2986 furens
805 2928 1033 3001 contra
1065 2939 1182 2985 sua
1217 2909 1347 2986 sata
1378 2912 1755 3013 bipennifer
1784 2913 2027 3002 ArcaS,

395 3126 508 3193 372.
545 3126 625 3178 At
647 3128 848 3191 gemini.
877 3122 1067 3177 Castor
1088 3133 1142 3178 et
1166 3125 1350 3177 Pollux

330 3221 441 3272 με
476 3203 676 3256 ceteris
712 3202 1076 3262 memorabiles
1101 3241 1115 3268 ,
1157 3202 1347 3271 quippe

333 3282 425 3350 qui
440 3290 615 3350 postea
630 3281 771 3332 inter
784 3279 952 3334 sidera
970 3280 1075 3332 sint
1091 3280 1253 3333 relati.
1283 3281 1348 3333 In

334 3358 395 3412 iis
431 3357 784 3411 describendis
820 3357 1053 3427 pondere
1091 3376 1349 3410 numero—

334 3456 437 3507 que
462 3437 747 3490 verborum
779 3438 944 3491 utitur
967 3458 979 3490 ι
1012 3436 1135 3490 hinc
1157 3440 1347 3491 hasta-—

329 3538 437 3571 ram
449 3521 652 3586 spicula
665 3560 678 3578 ,
700 3538 799 3588 pro
816 3519 970 3572 hastis
988 3540 1000 3581 ;
1020 3523 1220 3571 vibrata
1234 3536 1351 3586 qua·

335 3601 531 3650 te'ebant
559 3601 766 3650 tremulo
790 3608 926 3650 motu
942 3638 954 3659 ,
1002 3617 1098 3667 pro
1130 3616 1234 3650 uua
1258 3599 1348 3650 vi·—

329 3675 581 3739 brabant;
627 3675 845 3728 verbum
870 3677 1142 3728 sonantius
1171 3685 1345 3728 weta-

330 3759 545 3822 baaetur‚·
561 3764 615 3807 et
634 3753 876 3824 repetitio
891 3758 1139 3813 eossambo,
1167 3754 1222 3805 in
1248 3771 1350 3820 qua

330 3843 512 3885 tamen
566 3831 811 3885 eximiam
857 3841 1185 3884 venustatem
1225 3847 1378 3883 cum·

329 3912 643 3965 Bur-manno
668 3911 899 3980 reperire
921 3911 1347 3978 nequem-Can-

328 3991 446 4042 didi
457 3996 577 4057 equi
590 3988 909 4060 Tyndaridis
935 3989 1046 4042 dari
1071 3987 1307 4040 solebant
1329 4026 1343 4052 ,

329 4066 469 4120 unde
485 4085 515 4118 a
535 4065 748 4120 Pindar.
775 4067 833 4119 P.
861 4067 885 4118 1
907 4106 921 4133 ,
946 4085 1057 4135 127,
1081 4071 1347 4117 λευκπὼλοι

332 4155 598 4197 vocantur.
610 4145 822 4197 Horum
836 4162 1044 4212 quoque
1062 4145 1224 4210 jactus
1240 4140 1344 4191 ina·

330 4222 409 4274 nis
432 4223 820 4275 exeusationem
837 4222 1152 4274 merebatur.
1163 4245 1228 4260 -·-
1242 4219 1346 4269 Pro

334 4303 648 4364 quatiebant,
674 4318 811 4352 unus
838 4298 1108 4351 Mediceus
1132 4307 1183 4350 et
1202 4296 1346 4364 prior

1444 3126 1732 3181 Twisdenii
1751 3168 1766 3192 ‚
1783 3134 2064 3196 qnam-ntes
2080 3168 2093 3190 ,
2127 3127 2268 3198 quod
2294 3130 2458 3198 placet

1446 3206 1684 3258 Heinsio.
1716 3207 1894 3260 Nostri
1932 3207 2117 3276 Regii,
2152 3211 2455 3275 quatiebant.

1508 3284 1624 3336 380.
1659 3286 1836 3337 Peleus
1873 3284 2167 3360 seouqdnm
2214 3284 2455 3352 Apollod.

1443 3362 1637 3415 invitus
1668 3362 1959 3434 Eurytiona
1999 3361 2247 3414 interficit
2274 3382 2287 3424 ;
2320 3364 2456 3414 Ata-

1442 3444 1586 3492 lanta
1601 3459 1727 3493 vero
1750 3441 1917 3510 prima
1951 3457 2136 3509 aprum
2164 3445 2227 3496 ele
2253 3441 2312 3492 τὰ
2333 3450 2455 3494 νῶι-α

1445 3521 1643 3586 ε’τέξιυσι
1665 3535 1678 3548 ·
1707 3523 1903 3594 δεύτερος
1934 3524 1981 3571 δι’
2009 3503 2280 3590 App-ceipene
2297 3522 2360 3577 εὶς
2377 3524 2456 3573 τὸν

1448 3597 1681 3666 δφθαλμὸν.

1508 3674 1619 3726 385.
1643 3674 1840 3723 Primus
1859 3672 2048 3722 videtete
2060 3678 2280 3737 petatur.
2308 3670 2456 3724 Cou-

1441 3751 1716 3804 venienter
1736 3748 1935 3813 amori,
1965 3765 2070 3815 quo
2089 3746 2302 3800 ardebat
2330 3747 2453 3798 Me·

1443 3829 1629 3900 leager.
1656 3855 1723 3868 ——
1754 3830 2030 3886 Honorem,
2071 3825 2363 3894 praemium.
2386 3828 2455 3876 Τὸ

1441 3909 1664 3980 ἂριστεῖνι
1679 3907 1988 3974 promiserat
2005 3904 2213 3956 OEneus
2228 3940 2242 3966 ,
2271 3921 2451 3954 seeun-

1443 3986 1571 4038 dum
1601 3984 1996 4053 Apollodorum.

1447 4083 1453 4090 ·
1508 4064 1621 4115 388.
1659 4065 1905 4113 Erubuere
1943 4065 2072 4125 ve'rt’5
2104 4059 2290 4127 puduit
2321 4059 2455 4115 viros

1441 4142 1603 4194 sortes
1622 4157 1807 4208 aprum
1824 4157 1852 4191 a
1872 4138 2071 4209 virgine
2090 4139 2320 4207 primum
2339 4141 2458 4194 suis·

1442 4237 1494 4270 se
1515 4234 1833 4286 percussum.
1856 4219 1953 4268 Ed.

1510 4296 1620 4366 39¹·
1657 4293 1955 4362 Bszenm'ser
1993 4294 2161 4348 Amas
2174 4312 2192 4361 ,·
2240 4292 2452 4362 Euripi-
