3185 5138
627 525 1669 603 METAMORPHOSEON
1725 530 1919 609 LIB.
1978 545 2206 616 VIII.

2405 553 2491 620 63

358 666 545 740 Juris
576 666 784 742 habet
810 698 828 743 ε
855 688 1045 771 pater
1078 672 1280 773 hujus
1312 695 1491 766 erat,
1533 679 1649 780 qui
1682 683 1953 759 numina
1985 688 2228 765 Divum

359 782 752 883 sperneret,
790 804 857 861 et
887 787 1111 876 nullos
1142 792 1273 865 aris
1308 792 1608 870 adoleret
1641 797 1952 876 honores.

2398 839 2498 906 74⁰

360 897 481 973 Ille
509 900 705 976 etiarn
740 904 1006 980 Cereale
1038 936 1273 984 nemus
1301 909 1586 986 violasse
1624 915 1838 989 securi

362 1015 663 1105 Dicitur,
702 1036 770 1092 et
800 1018 991 1096 lucos
1024 1022 1198 1097 ferro
1237 1043 1584 1103 temerasse
1619 1048 1937 1108 vetustos.

364 1132 598 1209 Stabat
628 1134 699 1209 in
730 1136 837 1211 his
869 1138 1106 1235 ingens
1142 1170 1398 1218 annoso
1433 1145 1677 1222 robore
1714 1177 1997 1249 quercus
2021 1210 2038 1241 ,

361 1321 513 1377 dicat.
532 1323 616 1379 De
630 1326 881 1400 Autolyci
907 1330 1024 1384 satis
1047 1330 1164 1384 vide
1181 1332 1382 1405 Hygini

335 1402 556 1457 ‘fabulas
575 1423 675 1457 noo
690 1444 706 1471 ‚
728 1425 839 1459 201.
876 1407 983 1462 Sed
1007 1410 1060 1462 in
1086 1411 1185 1467 hac
1202 1412 1380 1466 sabula

360 1481 642 1537 notabilius
673 1496 751 1538 est
782 1487 1158 1542 Erelu'cblbomk
1179 1492 1380 1546 facinus

358 1562 600 1631 etsames
617 1606 630 1629 ,
659 1583 816 1633 quam
838 1568 1055 1623 Mestrae
1076 1583 1378 1626 metamor-

359 1637 548 1707 phosis.
572 1643 899 1697 Erckekhlhon
929 1646 1072 1700 enim
1094 1687 1110 1714 ,
1139 1648 1376 1705 Thessa-—

357 1716 456 1782 lus,
471 1717 683 1789 Triopae
695 1719 850 1792 filius,
865 1742 1031 1792 quum
1048 1724 1269 1780 domum
1282 1728 1377 1781 sibi

356 1805 558 1850 struere
583 1798 773 1865 vellet,
800 1802 1010 1857 arbores
1040 1803 1095 1858 in
1125 1806 1242 1858 luco
1273 1827 1377 1860 ve·-

357 1885 500 1928 tusto
515 1886 567 1929 et
589 1876 775 1932 Cereri
789 1899 935 1935 sacro
950 1881 1377 1956 caedit.Tri0pam

357 1950 459 2005 hoc
481 1954 659 2010 secisse
693 1958 910 2012 tradunt
938 1961 1184 2017 Herodes
1214 1965 1373 2020 Auie.

356 2030 413 2083 in
440 2031 681 2103 Inscript.
707 2045 761 2089 et
790 2037 1065 2111 Hyginus,
1105 2043 1164 2097 P.
1193 2045 1258 2097 A.
1286 2046 1339 2099 11
1359 2087 1373 2112 ,

363 2114 453 2178 ¹4³
478 2111 597 2166 vide
618 2124 792 2169 tamen
815 2117 1128 2175 salmasium
1154 2124 1219 2177 ad
1237 2125 1379 2179 illam

360 2191 599 2263 Inscript.
626 2208 681 2250 et
705 2197 993 2268 spanhem.
1021 2203 1084 2256 ad
1115 2203 1378 2259 Callima-

359 2269 442 2324 chi
456 2271 720 2345 hymnum
739 2278 795 2330 in
816 2278 941 2333 Cer.
956 2300 1087 2336 vers.
1108 2286 1185 2350 24.
1209 2284 1253 2337 A
1272 2304 1377 2354 quo

358 2362 553 2406 conatu
565 2372 731 2423 quum
746 2376 846 2411 nec
860 2358 1108 2432 prodigiis
1120 2401 1134 2426 ,
1150 2381 1249 2416 nec
1264 2384 1376 2433 pre·

357 2428 502 2484 cibus
531 2431 788 2488 deterreri
819 2449 1023 2507 posset,
1057 2438 1223 2495 Ceres
1247 2442 1378 2496 irata

356 2507 406 2559 ei
431 2508 599 2578 injicit
622 2510 790 2566 diram
820 2516 1016 2572 samem
1037 2558 1052 2586 ,
1080 2539 1183 2590 qua
1212 2522 1379 2577 absu-

354 2586 534 2641 mitur.
552 2587 771 2644 Conser.
785 2593 1053 2650 Diodorus
1070 2638 1084 2665 ,
1107 2598 1175 2665 V,
1192 2618 1240 2668 p.
1257 2600 1374 2667 331,

353 2662 411 2715 in
444 2666 732 2738 primisque
761 2670 1112 2731 Callimachus
1134 2717 1150 2744 ,
1192 2677 1377 2750 hymn.

352 2744 409 2796 in
432 2744 555 2799 Cer.
574 2767 704 2802 vers.
729 2750 858 2803 23—1
875 2752 933 2804 16
949 2792 963 2818 ,
987 2754 1077 2822 qui
1101 2764 1154 2808 et
1180 2756 1286 2825 ipse
1305 2759 1377 2811 sa-

353 2827 533 2880 bulam
554 2830 761 2899 copiose
785 2834 1062 2888 enarravit.
1085 2835 1230 2890 Hinc
1247 2837 1377 2891 Sca-

353 2905 486 2976 liger
503 2909 652 2962 Poet.
669 2910 740 2976 V,
759 2910 791 2963 8
806 2949 822 2977 ,
847 2920 1126 2983 utramque
1149 2913 1378 2985 descrip-

354 2984 558 3038 tionem
590 2987 662 3040 ita
695 2992 1049 3059 comparavit,
1086 3003 1145 3045 ut
1167 2994 1375 3064 princi—

353 3073 537 3133 patum
562 3063 793 3121 deserret
815 3068 879 3120 ad
901 3069 1158 3124 Ovidium
1177 3094 1190 3135 ;
1215 3092 1375 3142 quam

353 3143 672 3197 sententiam
688 3165 796 3199 non
815 3148 1053 3217 probavit
1070 3151 1297 3205 Ernesti.
1326 3153 1375 3206 Is

355 3222 535 3294 enim,
572 3221 630 3276 in
667 3223 900 3279 Excursu
927 3227 991 3280 ad
1016 3228 1279 3301 hymnum
1318 3233 1373 3284 in

359 3297 736 3370 Cer.'subjecto
751 3343 764 3369 ,
785 3324 903 3357 eam
918 3307 1015 3362 sub
1038 3327 1257 3362 examen
1279 3330 1377 3363 vo-

354 3381 516 3446 cavit,
543 3380 824 3452 docuitque
848 3384 1089 3454 iniquum
1109 3388 1265 3442 suisse
1290 3391 1376 3459 ju·

357 3458 530 3513 dicem
562 3460 893 3532 scaligerum
926 3463 981 3515 in
1008 3467 1375 3535 comparandis

354 3534 435 3591 his
458 3536 910 3608 descriptionibus.
940 3542 1055 3611 lpse
1088 3544 1251 3614 magis
1286 3544 1374 3597 sa-

354 3634 479 3670 vere
513 3615 723 3670 videtur
752 3616 1077 3673 Callimacho
1102 3641 1213 3675 suo.
1239 3622 1376 3676 For-

354 3705 486 3749 tasse
511 3715 597 3750 res
619 3697 689 3749 ita
713 3697 941 3767 expediri
967 3710 1153 3768 potest.
1182 3701 1375 3757 Studet

358 3771 711 3829 Callimachus
749 3793 971 3830 summae
1016 3779 1330 3849 simplicitati
1356 3820 1371 3848 ,

356 3875 515 3924 quam
557 3856 784 3926 postulat
828 3855 1152 3928 hymnorum
1194 3858 1328 3912 ratio
1358 3881 1373 3923 ;

355 3930 581 3987 Ovidius
592 3945 778 3987 contra
799 3934 848 3987 id
871 3935 1002 4005 agit,
1021 3946 1079 3987 ut
1096 3937 1274 3988 omnia
1290 3937 1377 3989 in-

353 4014 495 4084 genii
517 4015 596 4068 sui
623 4014 909 4070 luminibus
933 4025 1167 4070 exornet.
1198 4017 1376 4070 Habet

352 4091 514 4161 igitur
547 4101 771 4161 uterque
802 4112 919 4147 suas
957 4093 1012 4146 in
1051 4109 1147 4145 suo
1181 4111 1373 4161 genere

350 4169 603 4230 virtutem
638 4173 812 4239 plures
835 4181 1012 4224 tamen
1036 4180 1089 4223 et
1114 4170 1339 4238 majores
1359 4209 1374 4236 ,

354 4259 413 4301 ut
437 4249 688 4318 equidem
714 4251 942 4305 arbitror
958 4291 972 4319 ,
1002 4250 1243 4306 Ovidius.

419 4328 534 4400 739-
548 4330 773 4384 Numina
787 4332 974 4386 Dirum
984 4372 999 4397 ,
1026 4329 1378 4386 Divos.··--·Ho·

1479 1351 1626 1384 nores
1640 1332 1847 1403 dignius
1861 1376 1875 1402 ,
1896 1357 2051 1406 quam
2066 1380 2080 1408 ,
2099 1346 2365 1417 sacrificia,
2384 1372 2499 1422 quae

1480 1411 1762 1466 adolentur
1805 1416 1859 1468 in
1906 1417 2170 1475 honorem
2212 1425 2453 1487 Deorum
2484 1458 2497 1501 ;

1479 1488 1730 1560 Virgilius
1750 1532 1764 1558 ,
1804 1493 2018 1550 AEneid.
2051 1499 2076 1551 1
2097 1540 2110 1566 ,
2149 1505 2213 1575 49
2229 1542 2244 1570 ‚
2270 1513 2378 1560 artic
2400 1515 2503 1563 im-

1465 1578 1631 1635 pona!
1640 1574 1902 1638 bonomo&
1926 1577 2137 1647 Noster,
2154 1582 2224 1649 X,
2242 1585 2359 1654 681,
2373 1596 2501 1645 turis

1473 1649 1723 1705 honorem.
1738 1680 1804 1692 —
1815 1654 1923 1707 Pro
1937 1658 2147 1712 honores
2159 1662 2393 1735 plerique
2409 1691 2501 1724 ve-

1476 1729 1723 1785 tustiores
1738 1770 1752 1799 ,
1774 1735 1967 1788 odores.
1995 1736 2178 1794 Codex
2201 1743 2397 1816 Regius
2415 1746 2463 1803 B
2483 1793 2496 1818 ,

1474 1809 1691 1861 odorem.
1717 1810 1791 1864 At
1814 1812 1955 1867 idem
1977 1817 2256 1891 Virgilius,
2283 1825 2497 1881 AEneid.

1478 1884 1561 1938 111
1578 1925 1594 1952 ,
1615 1890 1707 1957 547
1726 1891 2343 1965 :lunoniArgivaejussos
2357 1910 2496 1960 ado·-

1474 1964 1633 2015 Iemus
1656 1968 1880 2020 honores.
1907 1969 2006 2024 Ed.

1548 2047 1657 2112 74¹·
1699 2050 1904 2101 Cereale
1944 2072 2130 2107 nemus.
2170 2056 2329 2112 Juxta
2369 2060 2495 2114 Do·-

1477 2121 1611 2173 tium
1634 2163 1647 2189 ,
1675 2125 1863 2179 urbem
1889 2128 2167 2187 Thessaliae
2187 2174 2201 2201 ,
2234 2137 2384 2205 prisci
2412 2139 2498 2192 in-

1476 2201 1603 2254 cola
1643 2206 1816 2258 Cereri
1838 2225 2270 2267 consacraverant
2296 2235 2492 2281 nemus,

1476 2277 1618 2346 quod
1640 2281 1897 2351 copiosius
1925 2284 2234 2343 describitur
2266 2312 2295 2344 a
2326 2292 2496 2347 Calli-

1476 2359 1693 2429 macho,
1710 2382 1842 2417 vers.
1862 2366 2031 2434 27-30
2050 2388 2061 2419 τ
2082 2389 2239 2437 quam
2264 2371 2496 2445 descrip—

1475 2436 1678 2490 tionem
1694 2458 1721 2491 a
1738 2439 1934 2494 Nostro
1959 2445 2201 2498 omissam
2221 2467 2328 2501 esse
2346 2470 2497 2520 prop-

1476 2525 1620 2569 terea
1637 2557 1651 2585 ,
1684 2520 1826 2589 quod
1852 2522 1959 2589 jam
1986 2523 2087 2576 alio
2109 2524 2223 2578 loco
2247 2546 2308 2580 ea
2333 2548 2496 2583 exor—

1475 2594 1691 2649 natione
1715 2617 1838 2652 usus
1865 2601 1963 2666 sit,
1991 2601 2203 2656 Ernesti
2226 2618 2497 2660 monet.—

1484 2674 1689 2726 Violare
1712 2686 1764 2729 et
1784 2684 2021 2731 temerare
2043 2680 2369 2750 impietatem
2388 2686 2496 2739 de-

1474 2749 1676 2807 clarant
1696 2753 2077 2812 Erisichthonis
2098 2799 2112 2825 ‚
2139 2780 2241 2829 qua
2264 2763 2494 2818 caedebat

1476 2829 1687 2884 arbores
1708 2852 1876 2888 sacras
1891 2873 1906 2900 ,
1935 2837 2076 2905 quod
2100 2859 2371 2894 summum
2397 2863 2496 2896 ne-

1474 2909 1564 2961 sas.
1590 2908 1675 2963 De
1706 2912 1868 2965 verbo
1891 2922 2131 2969 lemerare
2159 2919 2224 2972 ad
2260 2921 2312 2975 11
2336 2960 2350 2987 ,
2383 2926 2495 2994 59²·

1486 2990 1740 3057 Templum
1777 2992 1989 3050 Cereris
2020 2996 2255 3052 dirutum
2284 3020 2394 3054 esse
2432 3003 2494 3054 ab

1474 3067 1845 3125 Erisichthone
1864 3112 1879 3139 ,
1920 3074 2081 3127 tradit
2121 3078 2396 3149 Hyginus,
2435 3081 2494 3133 P.

1476 3148 1542 3199 A.
1568 3148 1658 3216 11,
1691 3153 1750 3217 14
1768 3190 1782 3215 ,
1817 3170 1877 3203 ex
1901 3152 2023 3205 salsa
2048 3153 2188 3207 baud
2214 3156 2371 3210 dubie
2396 3158 2494 3210 in·-

1475 3230 1851 3295 terpretatione
1875 3231 2015 3284 vocis
2037 3237 2216 3301 τὲμινος
2232 3274 2246 3300 ,
2274 3236 2414 3303 quod
2442 3248 2494 3290 et

1474 3305 1732 3374 templum
1749 3318 1801 3360 et
1813 3307 1989 3361 lucum
2002 3310 2117 3364 Diis
2130 3326 2491 3367 consecratum

1471 3395 1653 3448 notat;
1678 3385 1795 3438 vide
1829 3388 2166 3442 Perizonium
2202 3390 2266 3442 ad
2296 3391 2491 3445 AEliani

1473 3462 1601 3515 Var.
1626 3463 1825 3517 Hister.
1851 3482 1938 3533 V1,
1974 3488 2017 3532 1,
2045 3487 2093 3536 p.
2117 3469 2230 3540 439.

1541 3542 1652 3610 743.
1693 3545 1916 3609 Quercus
1940 3545 2103 3614 magis
2127 3544 2293 3614 placet
2320 3546 2495 3601 Scali-

1473 3639 1601 3690 gero
1629 3629 1682 3673 et
1709 3621 1884 3674 Annae
1911 3622 2095 3688 Fabri,
2133 3642 2292 3691 quam
2321 3624 2494 3680 Calli-

1473 3697 1646 3752 machi
1663 3705 1860 3777 αἵγειρος
1876 3740 1890 3766 ,
1910 3700 1960 3752 id
1980 3712 2057 3754 est
2074 3704 2295 3771 populus
2315 3705 2464 3775 nigra
2476 3748 2492 3771 ,

1474 3778 1596 3846 quia
1623 3776 1732 3830 hec
1747 3778 1966 3846 sterilis,
1988 3799 2088 3833 nec
2114 3781 2402 3852 quidquam
2427 3785 2491 3838 ad

1477 3855 1750 3911 Cererem.
1794 3858 2006 3913 Ernesti
2045 3873 2229 3915 contra
2267 3875 2451 3917 monet
2475 3905 2491 3932 ,

1473 3958 1727 4006 quercum
1747 3978 1761 4006 ,
1794 3941 1836 3992 si
1859 3942 1972 4009 quis
1995 3941 2097 3995 hoc
2121 3962 2309 4012 urgere
2334 3945 2491 4018 velit,

1472 4033 1585 4067 non
1622 4014 1816 4069 decere*
1840 4016 2128 4085 Cererem,
2168 4039 2284 4089 quae
2321 4020 2489 4076 dedo-

1472 4095 1640 4149 cuerit
1664 4096 1907 4150 homines
1936 4098 2071 4150 vesci
2107 4099 2410 4168 glandibus,
2439 4115 2495 4157 et

1471 4175 1741 4228 sterilitate
1753 4177 1994 4245 periram
2015 4177 2243 4233 immissa
2256 4194 2406 4252 cogat
2425 4186 2493 4236 sa·

1474 4272 1617 4306 mem
1642 4254 1795 4307 solari
1820 4274 2034 4324 quercu.
2061 4256 2258 4325 Addit,
2294 4261 2492 4336 oeiyte'pou'

1471 4333 1785 4387 vocabulum
1821 4335 2116 4403 antiquiore
2153 4356 2308 4392 sensu
2345 4339 2489 4391 acci-¹
