3185 5138
611 532 747 602 286

1166 533 1247 598 P.
1314 524 1662 600 OVIDII
1717 528 2055 599 NASON
2074 531 2169 601 IS

608 677 782 748 Ante
819 671 995 746 sores
1027 670 1199 746 antri
1234 669 1513 746 fecunda
1549 699 1872 773 papavera
1902 672 2179 761 florent,

2639 698 2742 750 605

607 794 1101 889 Innumeraeque
1131 787 1390 876 herbae,
1427 814 1707 888 quarum
1744 788 1823 863 de
1856 788 2024 863 laete
2062 818 2376 892 soporem

607 909 758 981 Nox
792 905 984 1001 legit,
1020 922 1086 979 et
1116 904 1368 1006 spargit
1402 933 1524 1005 per
1556 932 1795 1006 opacas
1830 906 2104 981 humida
2142 924 2369 981 terras.

606 1024 850 1110 Janua‚
891 1050 1034 1122 quae
1066 1050 1255 1097 verso
1292 1006 1645 1095 stridorem
1679 1022 1942 1098 cardine
1975 1022 2244 1111 reddat,

609 1136 806 1212 Nulla
841 1138 1038 1211 domo
1076 1154 1247 1224 tota;
1285 1155 1513 1211 custos
1541 1137 1612 1211 in
1644 1137 1872 1212 limine
1901 1138 2149 1214 nullus.

609 1255 702 1328 At
735 1254 952 1328 medio
987 1272 1177 1328 torus
1211 1271 1313 1328 est
1338 1253 1555 1328 ebeno
1588 1253 1895 1328 sublimis
1928 1255 1999 1331 in
2036 1270 2267 1341 antro,

2641 1278 2742 1329 διο

609 1369 967 1459 Plumea&
996 1369 1341 1459 unicolor,
1378 1368 1568 1471 pullo
1603 1369 1916 1445 velamine
1955 1388 2200 1461 tectus,

613 1487 771 1583 Quo
813 1484 1012 1560 cubat
1041 1486 1183 1585 ipse
1216 1486 1436 1574 Deus,
1469 1485 1786 1560 membris
1819 1485 2138 1582 languore
2174 1484 2433 1560 solutis.

613 1658 823 1725 obiectu
859 1654 1015 1708 unde
1046 1656 1302 1725 crepitum
1328 1696 1344 1723 ,
1383 1674 1630 1710 murmur

609 1737 824 1790 faciunt.
838 1733 1160 1802 Huiusmodi
1183 1746 1360 1787 autem
1383 1754 1630 1788 murmur

614 1814 851 1867 facillime
864 1830 1111 1865 somnum
1122 1812 1381 1878 conciliat,
1396 1813 1477 1866 lll
1491 1812 1629 1866 Fast.

621 1914 711 1962 ¹73
737 1892 922 1946 Horat.
950 1890 1117 1960 Epod.
1147 1890 1198 1944 11
1217 1929 1233 1955 ,
1258 1908 1349 1956 κν,
1377 1912 1456 1958 ²7·
1484 1892 1630 1945 Hinc

610 1971 882 2038 somnifera
890 1973 1094 2042 lympha
1103 1970 1239 2039 apud
1255 1970 1457 2024 Silium.
1474 1969 1630 2039 Apud

616 2051 846 2106 Statium
888 2059 1074 2102 contra
1113 2046 1304 2103 fluvius
1344 2049 1633 2104 taciturnus

614 2130 822 2183 labitur.
1137 2134 1152 2153 ⁶

681 2208 798 2262 605.
822 2210 1085 2275 papavera
1105 2245 1120 2267 .
1163 2204 1314 2274 nigra
1339 2205 1624 2275 imprimis,

620 2288 723 2341 vim
748 2286 942 2341 habent
966 2283 1312 2354 soporificam.
1345 2284 1597 2355 Virgilius
1615 2323 1631 2350 ,

618 2367 813 2437 Georg.
839 2366 895 2430 I,
924 2366 986 2435 78
1000 2403 1015 2431 ,
1041 2366 1216 2415 letheo
1230 2362 1438 2430 perfusa
1453 2383 1637 2430 papa-

619 2464 734 2498 reta
758 2462 960 2504 somna,
993 2442 1079 2495 ubi
1108 2439 1211 2494 vid.
1243 2441 1460 2494 Martin.
1495 2440 1635 2494 Fast.

621 2524 720 2589 IV,
748 2524 838 2592 547
860 2561 874 2587 ,
898 2525 1153 2589 somnique
1166 2538 1425 2587 papavera
1448 2536 1636 2572 causas

620 2604 733 2656 Dat
767 2604 866 2654 tibi
896 2619 1007 2653 cum
1047 2603 1212 2667 tepido
1249 2602 1383 2652 lacte
1422 2602 1637 2651 menda

610 2700 751 2748 puer.
767 2679 911 2731 Hinc
923 2678 1156 2731 Somnus
1180 2677 1491 2746 pingebatur
1512 2694 1635 2729 cum
1672 2675 1677 2680 ’

622 2776 891 2828 papavere.
911 2754 1064 2809 Circa
1081 2762 1230 2807 anim
1246 2751 1463 2807 feliciter
1476 2763 1530 2806 et
1543 2771 1636 2806 sua

621 2847 807 2906 sponte
835 2833 1153 2904 proveniunt
1174 2832 1412 2902 virgulta.
1439 2830 1637 2885 Lucia-

622 2935 724 2970 nus
756 2915 812 2967 in
847 2913 1037 2967 Somni
1072 2911 1238 2964 insula
1273 2910 1453 2963 silvam
1486 2911 1638 2980 ponit

624 3010 839 3065 procera
860 3008 1114 3062 papavera
1142 2989 1439 3043 habentem.

683 3074 802 3128 608.
821 3074 1021 3133 Janua.
1049 3090 1169 3138 qno.
1194 3069 1337 3123 Ante
1355 3069 1637 3124 Heinsium

622 3153 1082 3212 edebatur-Ianua,
1115 3168 1191 3203 ne.
1206 3148 1309 3203 Sed
1327 3169 1434 3218 que
1445 3167 1640 3217 appro-

620 3234 762 3289 bavit
783 3232 941 3287 etiam
960 3232 1298 3286 Burmannus
1315 3250 1328 3298 3
1346 3247 1472 3286 nam
1493 3227 1640 3296 siso-

623 3331 703 3366 ιω·
718 3352 731 3373 ,
745 3310 917 3380 inquit
929 3348 945 3376 ,
961 3319 1086 3363 sunt
1102 3318 1222 3361 ante
1239 3316 1451 3366 antrum
1466 3299 1638 3372 ,intus

624 3392 809 3461 ianuas
830 3389 983 3443 fuisse
1006 3386 1284 3441 verisimile
1309 3397 1417 3450 est,
1439 3385 1529 3440 sed
1545 3385 1639 3438 mi·

623 3472 769 3525 nime
798 3486 1029 3524 sonons.
1053 3493 1119 3506 —-
1144 3464 1470 3534 Quanquam
1491 3464 1640 3533 sores

623 3549 729 3604 sint
751 3559 873 3602 ante
897 3558 1109 3600 antrum
1125 3583 1140 3611 ,
1176 3562 1286 3597 non
1315 3542 1508 3598 idcireo
1529 3561 1639 3596 ne·-

623 3625 843 3679 oessario
875 3623 1090 3677 fuerunt
1125 3623 1268 3676 intus
1310 3622 1479 3689 janue
1505 3660 1522 3686 ,
1556 3619 1640 3673 vel

624 3704 845 3760 minime
874 3720 1110 3764 sonorna
1144 3699 1236 3755 sed
1273 3710 1456 3753 contra
1482 3698 1639 3753 nulle

623 3782 842 3837 fuerunt
857 3803 869 3843 ς
895 3790 1211 3851 quapropter
1221 3790 1389 3832 custos
1399 3783 1453 3831 in
1469 3781 1641 3831 limine

625 3864 795 3915 nullus
817 3877 834 3911 .·
857 3863 910 3913 ro*
926 3877 988 3911 ne
1006 3859 1165 3928 igitur
1184 3876 1328 3927 posse
1350 3855 1561 3910 defendi
1578 3874 1640 3909 ex

624 3938 819 3992 nostris
835 3935 1095 3990 codicibus
1110 3935 1286 4006 Regiis
1308 3935 1556 3988 existimo.
1573 3936 1637 3988 In

625 4017 804 4075 codiee
818 4016 864 4070 B
890 4034 1077 4070 manus
1097 4014 1325 4069 secunda
1342 4015 1475 4069 bene
1490 4013 1641 4067 resti·

626 4096 730 4149 tuit
759 4096 960 4155 reddat.
1003 4113 1100 4164 pro
1122 4103 1274 4147 sonat
1297 4092 1437 4162 quod
1465 4091 1640 4146 sensui

627 4183 684 4226 et
701 4172 864 4241 magis
884 4172 1041 4225 etiam
1066 4184 1237 4226 metro
1257 4180 1526 4241 repugnat.
1542 4172 1642 4223 Ed.

625 4275 694 4291 -—
713 4250 954 4302 Custodes
977 4249 1173 4303 Statius
1203 4248 1322 4301 facit
1351 4247 1606 4316 Quietem
1624 4286 1639 4314 ,

629 4325 968 4382 Oblivionem
986 4365 1001 4393 ‚
1015 4361 1020 4366 -
1033 4326 1328 4380 Silentium.

1788 1657 1902 1711 610.
1916 1659 1992 1710 A!
2000 1661 2163 1710 medio
2173 1668 2313 1711 tons
2326 1668 2512 1712 estete.
2529 1659 2744 1715 Frustra

1723 1734 1810 1788 hic
1833 1734 2097 1788 buerunt
2130 1736 2458 1806 interpretes.
2492 1738 2555 1795 In
2582 1742 2746 1792 aredio

1726 1825 1837 1868 erat
1857 1825 1994 1867 torus
2006 1819 2264 1882 plancus.
2289 1816 2533 1885 pulvinus
2555 1816 2747 1886 plumis

1725 1891 2022 1960 consertus,
2050 1893 2252 1962 (quum
2277 1895 2614 1964 pauperiores
2638 1895 2747 1948 ha-

1725 1971 1914 2024 berent
1950 1981 2127 2023 torum
2161 1971 2228 2025 de
2262 1970 2439 2041 ulvis)
2472 1972 2745 2042 impositus

1725 2047 1939 2117 sponde
1971 2048 2180 2102 sublimi
2217 2068 2281 2103 ex
2316 2050 2485 2105 ebeno
2522 2090 2538 2117 ,
2573 2049 2745 2105 adeo-

1728 2145 1831 2195 que
1853 2129 2084 2180 sublt'nulr
2117 2136 2171 2180 et
2202 2126 2309 2196 ipse
2344 2127 2747 2198 magnificentia

1728 2223 1882 2258 causa
1900 2243 1916 2270 ,
1952 2214 2117 2259 tectus
2151 2213 2402 2273 preterea
2423 2208 2569 2272 pullo
2594 2210 2745 2259 wla-

1728 2287 1888 2344 miaee,
1924 2282 2152 2352 stragulo
2182 2292 2331 2350 atro,
2361 2293 2419 2337 ut
2452 2282 2583 2337 adeo
2608 2294 2748 2338 totus

1729 2361 1893 2416 lectus
1911 2370 2044 2415 esset
2064 2364 2317 2423 uae‘culor,
2344 2361 2484 2431 quod
2506 2362 2577 2416 ita
2599 2381 2750 2417 com-

1732 2440 1960 2510 positum
1992 2448 2071 2499 est
2101 2450 2161 2492 ut
2194 2442 2411 2500 bicolor,
2444 2445 2738 2503 ursel-olor,

1730 2522 1969 2572 atnkolor
1979 2526 2077 2572 etc.
2095 2516 2297 2571 Confer
2314 2517 2480 2585 VIII,
2497 2518 2748 2592 655-659.

1734 2596 1842 2648 Pro
1861 2600 1915 2648 in
1930 2602 2076 2650 anim
2100 2594 2350 2649 Heinsius
2367 2594 2512 2650 dedit
2532 2600 2590 2649 in
2602 2606 2749 2660 atra‚·

1732 2685 1787 2728 et
1811 2694 1905 2743 pro
1925 2679 2156 2730 nez-olor
2170 2674 2318 2727 malit
2333 2679 2578 2730 atricolor
2587 2674 2751 2745 (quod

1734 2754 1965 2809 vocabul.
2001 2774 2063 2808 ex
2099 2754 2273 2808 Plinio
2308 2754 2614 2826 defendit),
2659 2766 2751 2810 aut

1729 2837 2018 2901 equicolor,
2042 2834 2176 2902 equi
2197 2852 2320 2887 cum
2339 2835 2509 2888 ebeno
2529 2844 2641 2888 atra
2658 2853 2750 2889 co-

1735 2909 1855 2963 loris
1869 2949 1883 2976 ,
1912 2910 2082 2965 ebeno
2104 2910 2367 2976 concolor,
2384 2911 2496 2964 sine
2515 2929 2749 2964 causa.—

1737 2993 1918 3057 Gierig
1948 2999 2126 3044 tamen
2153 2991 2323 3044 noluit
2352 3000 2466 3042 atra
2493 2988 2747 3055 rejicere5

1732 3066 1875 3136 quod
1891 3106 1907 3134 ,
1930 3067 2063 3122 sicut
2090 3077 2143 3121 et
2164 3071 2424 3127 alni-olor,
2458 3067 2563 3119 sive
2591 3071 2749 3133 eqni-

1731 3148 1890 3207 colm,
1922 3163 2069 3198 mera
2090 3155 2167 3199 est
2181 3145 2477 3212 conjectura
2491 3162 2553 3196 ex
2571 3141 2749 3195 Hein-

1732 3224 1876 3278 siana
1899 3223 2108 3278 officina
2142 3221 2400 3294 profectu
2434 3240 2592 3291 quam
2621 3240 2750 3275 ser-

1734 3321 1853 3356 vare
1893 3320 2004 3355 non
2036 3302 2197 3371 potui.
2221 3305 2319 3355 Ed.
2341 3329 2408 3342 --
2438 3303 2752 3360 Unicoloaeae

1733 3391 1787 3435 et
1813 3379 2028 3449 quidem
2060 3393 2234 3435 atrum
2271 3381 2494 3435 babebat
2527 3391 2706 3436 torum
2731 3419 2748 3447 ,

1733 3471 1791 3513 ut
1821 3461 2000 3513 omnia
2029 3470 2203 3515 essent
2244 3461 2407 3515 tristia
2427 3499 2443 3527 ,
2474 3461 2750 3530 aulamque

1734 3539 1922 3593 Somni
1951 3549 2311 3605 ostentarent,
2348 3560 2515 3609 quum
2540 3540 2751 3594 ditiores

1734 3619 1963 3672 Romani
1984 3620 2379 3673 versicoloribus
2395 3621 2537 3674 lectis
2552 3661 2567 3689 ,
2588 3638 2750 3690 spon-

1733 3698 1811 3753 dis
1831 3718 1892 3752 ex
1915 3697 2218 3753 terebintho
2233 3739 2247 3766 ,
2273 3719 2508 3770 auroque
2525 3700 2751 3766 ornatis,

1732 3778 1969 3848 stragulis
1999 3779 2305 3847 purpureis,
2335 3780 2483 3848 pictis
2511 3778 2750 3834 delecta-.-

1733 3867 1951 3911 rentur:
1968 3858 2273 3928 Propertius
2287 3898 2301 3925 ,
2317 3858 2399 3913 111
2417 3898 2432 3924 ,
2449 3874 2506 3924 V,
2520 3859 2587 3912 63
2604 3881 2617 3924 ;
2635 3860 2753 3911 Vir·

1735 3935 1910 4004 gilius,
1928 3935 2054 3993 AEn.
2074 3936 2128 4002 1,
2149 3936 2244 4009 697
2264 3957 2277 3998 ;
2300 3935 2491 3989 Cicero
2500 3934 2659 3990 Tusc.
2679 3934 2750 4004 V,

1735 4033 1793 4068 21
1827 4032 1841 4066 z
1869 4013 1987 4068 vide
2015 4015 2232 4070 Salmas.
2264 4014 2328 4069 ad
2363 4014 2529 4069 Solin.
2559 4034 2608 4085 p.
2638 4018 2752 4084 4¹7·

1732 4095 1949 4148 —P-llo
1972 4098 2216 4148 uelamine
2239 4105 2417 4149 autem
2445 4113 2558 4148 non
2589 4093 2750 4146 debe·

1734 4172 1822 4226 bat
1848 4173 1980 4226 verti
2002 4212 2018 4238 ,
2056 4179 2153 4226 nit
2178 4177 2395 4227 dunkelae
2432 4175 2750 4238 Vorhaenpae

1731 4255 1983 4318 engeten.
2013 4279 2082 4292 -
2111 4253 2353 4310 Membris
2382 4255 2600 4322 solule's,·
2644 4243 2747 4298 vid-

1738 4328 1800 4381 ad
1830 4329 1935 4382 vn
1956 4368 1971 4397 ,
2004 4330 2108 4384 186.
