3185 5138
697 547 1736 617 METAMORPHOSEON
1792 551 1991 617 LIB.
2047 553 2184 619 XI.

2342 554 2499 645 ,239

366 724 404 756 »
442 688 628 765 Vade
650 747 670 778 ‚
707 689 832 776 ait,
871 688 954 762 ad
985 690 1244 784 magnis
1277 691 1566 764 vicinum
1600 689 1922 764 Sardibus
1957 719 2212 766 amnem
2233 749 2251 781 ,

368 841 406 873 »
440 808 701 908 Perque
726 806 959 904 jugum
989 805 1237 880 montis
1271 805 1653 882 labentibus
1689 805 1928 882 obvius
1958 809 2159 882 undis

370 957 408 988 »
446 923 658 1022 Carpe
694 921 863 994 viam
895 950 912 1008 ;
950 921 1161 995 donec
1196 922 1418 996 venias
1450 923 1531 995 ad
1568 921 1859 996 fluminis
1892 939 2077 996 ortus
2108 952 2124 995 ε

368 1072 406 1103 »
447 1038 959 1137 Spumiferoque
998 1055 1188 1133 tuum
1220 1038 1393 1111 fonti
1418 1094 1435 1125 ,
1478 1067 1608 1138 qua
1645 1037 1973 1137 plurimus
2008 1040 2179 1123 exit,

2407 1061 2501 1130 140

373 1186 409 1217 ³»
449 1152 678 1226 Subde
714 1169 953 1252 caput,
990 1179 1363 1252 corpusque
1399 1152 1640 1241 simul,
1676 1152 1871 1227 simul
1906 1152 2050 1229 elue
2084 1154 2346 1229 crimen.
2385 1189 2419 1221 ι»

373 1270 519 1343 Rex
552 1269 748 1368 jussae
783 1267 1076 1343 succedit
1108 1298 1292 1369 aquae
1328 1299 1342 1341 ε
1376 1269 1474 1342 vis
1509 1298 1704 1344 aurea
1746 1268 1942 1342 tinxit
2050 1355 2057 1368 ¹

368 1384 647 1458 Flumen
672 1441 690 1469 ‚
720 1402 784 1458 et
816 1385 1107 1458 humano
1145 1385 1225 1458 de
1261 1412 1538 1486 corpore
1575 1384 1771 1457 cessit
1802 1384 1871 1456 in
1908 1412 2183 1473 amnem.

366 1500 560 1574 Nunc
598 1528 866 1599 quoque
899 1501 1027 1599 jam
1063 1501 1300 1575 veteris
1335 1518 1649 1602 percepto
1685 1499 1932 1574 semine
1966 1529 2144 1575 venae

365 1708 445 1763 vel
470 1709 622 1762 vestis
649 1727 778 1761 auro
806 1708 1047 1763 obducta.
1071 1738 1139 1750 -
1163 1712 1377 1772 Amnis,

367 1786 604 1839 Pactolus
624 1826 639 1852 ,
676 1785 764 1854 qui
801 1806 831 1839 e
865 1786 1061 1839 Tmolo
1092 1787 1389 1857 prorumpit

370 1872 423 1914 et
438 1859 640 1913 medios
655 1860 848 1915 Sardes
863 1861 1075 1930 perfluit
1092 1884 1105 1927 ς
1127 1863 1386 1917 Herodot.

369 1938 441 2006 V,
463 1958 550 1991 ιοι
572 1962 585 2004 ;
604 1938 794 1993 Strabo
810 1979 824 2005 ,
847 1939 1018 2006 XIII,
1036 1960 1085 2008 p.
1103 1940 1229 2003 625;
1252 1940 1387 1994 Plin.

367 2017 440 2082 V,
461 2036 539 2089 ²9·
549 2044 617 2056 —
633 2017 842 2085 Magnis
858 2019 1112 2070 Sardibus.
1127 2016 1387 2072 Observat

369 2094 710 2147 Burmannus
731 2114 945 2162 magnas
966 2098 1112 2148 urbes
1134 2096 1388 2149 Nostrum

369 2174 557 2242 passim
576 2193 759 2227 vocare
777 2174 1096 2243 metropoles
1113 2195 1127 2239 3
1144 2194 1191 2228 v.
1207 2195 1250 2228 c.
1270 2176 1388 2229 He-

370 2252 502 2305 roid.
535 2253 677 2320 Vll,
717 2254 806 2306 165
827 2292 841 2319 ,
873 2273 1086 2322 magnas
1108 2255 1387 2325 maenam·

370 2332 506 2385 infra
526 2331 684 2398 XIV,
713 2335 804 2401 457
825 2373 839 2399 ,
866 2353 1099 2401 magnam
1125 2336 1391 2387 Diomedis

369 2417 549 2465 urbem.
564 2412 734 2481 Supra
744 2412 856 2465 Vll
876 2453 890 2479 ,
911 2414 1006 2465 553
1023 2453 1036 2479 ,
1051 2432 1237 2480 magna
1248 2417 1379 2473 urbs,

370 2500 525 2560 caput
561 2490 766 2560 AEginae
806 2491 1002 2544 insulae.
1041 2491 1111 2544 Et
1145 2490 1389 2545 credibile

372 2581 447 2623 est
476 2610 491 2637 ,
524 2588 721 2639 magno
759 2569 957 2622 ambitu
989 2567 1143 2623 fuisse
1182 2568 1390 2622 Sardes.

375 2646 535 2702 Certe
573 2648 833 2702 Herodot.
859 2649 946 2717 qui
982 2647 1231 2720 Cadytim
1267 2653 1393 2702 πέλεν

371 2729 572 2794 μεγάλην
588 2737 737 2779 vocat
757 2767 771 2793 ‚
798 2725 941 2779 addit
961 2765 974 2792 ,
1003 2733 1207 2801 Σαρδίων
1224 2730 1271 2781 οὗ
1287 2734 1393 2779 κολ-

375 2812 437 2877 λῷ
454 2807 688 2859 fuam«.
706 2830 772 2843 —
794 2806 949 2865 Vade,
970 2822 1162 2873 nempe
1180 2824 1242 2857 ex
1259 2805 1392 2874 agris

375 2880 552 2952 Lydiae
568 2922 583 2948 ,
615 2881 702 2934 ubi
722 2900 866 2933 nunc
888 2881 1119 2933 versaris.
1138 2880 1391 2934 Nondum

377 2962 518 3013 enim
539 2963 594 3014 in
617 2961 903 3034 Phrygiam
924 2960 1178 3026 redierat,
1204 2960 1295 3013 sed
1320 2981 1390 3014 vs.

381 3044 473 3095 105
489 3063 517 3095 e
529 3042 719 3096 Bacchi
739 3051 944 3094 tantum
960 3060 1178 3111 ronsper
1186 3051 1240 3092 tu
1257 3045 1394 3093 abie-

375 3128 456 3172 ra!
470 3122 1117 3174 latus.—Montis....und13.
1139 3118 1394 3171 Ciosanus

377 3218 405 3251 e
430 3199 576 3253 MSS
612 3200 755 3252 dedit
779 3201 929 3250 undio·
961 3218 1055 3267 pro
1082 3202 1217 3249 ulnis
1228 3217 1247 3263 ,·
1278 3208 1393 3249 tum

375 3285 492 3348 ripa·
505 3280 555 3332 in
574 3285 758 3334 montis
773 3279 994 3331 mutavit
1009 3279 1259 3331 Heinsius
1274 3297 1394 3347 qua-

378 3367 501 3409 tuor
521 3358 665 3411 MSS
687 3358 992 3411 auctoritate
1019 3376 1030 3408 :
1054 3357 1198 3410 malit
1215 3367 1393 3408 tamen

387 3438 556 3487 Tmoli
567 3447 654 3490 aut
670 3444 805 3505 rupis
817 3454 834 3501 ‚·
859 3436 1071 3505 quidam
1091 3434 1397 3489 vilan—Co-

381 3511 479 3565 dex
504 3514 697 3582 Regius
722 3515 767 3566 A
798 3554 811 3579 ,
841 3519 1023 3566 monlis
1046 3532 1064 3578 ,·
1107 3512 1288 3567 Codex
1314 3514 1358 3566 B
1381 3554 1400 3581 ,

378 3598 499 3661 ripa·
523 3612 537 3644 :
563 3594 718 3645 ambo
738 3593 933 3646 babent
957 3594 1119 3645 undis.

453 3676 561 3740 140.
607 3675 721 3738 (lua
748 3678 994 3740 plurimus
1025 3679 1136 3726 exit
1166 3672 1358 3726 indicat
1381 3713 1396 3738 ,

381 3752 489 3821 jam
515 3753 578 3804 ab
600 3752 798 3819 origine
826 3752 1110 3803 maximum
1140 3771 1247 3804 esse
1283 3750 1396 3803 ssu-

382 3831 545 3883 vium.
563 3829 650 3883 Sic
667 3829 940 3895 Virgilius,
969 3829 1180 3882 AEneid.
1205 3829 1259 3895 I,
1280 3831 1395 3901 419,

383 3908 449 3962 de
474 3927 667 3978 magno
694 3918 873 3960 monte
895 3948 908 3972 ,
929 3914 1018 3975 qui
1025 3912 1271 3975 plurimus
1290 3911 1408 3958 urbi

382 3992 620 4039 imminet.
647 3987 818 4056 Supra
839 4025 852 4050 ,
882 3987 1020 4039 VIII
1039 4026 1053 4052 ,
1086 3988 1180 4052 584
1199 4025 1212 4050 ,
1231 3988 1397 4051 pluri-

382 4085 494 4118 mus
521 4070 686 4117 amnis
703 4107 714 4125 ‚
757 4065 1024 4118 maximus.
1051 4094 1115 4104 —
1141 4068 1275 4116 Elue
1299 4068 1402 4115 cri-

381 4165 506 4199 men.
520 4144 799 4210 Gronovii,
816 4143 1031 4214 Sprotii,
1052 4143 1263 4197 Thuani
1283 4142 1399 4194 libri

379 4229 541 4278 ablue.
566 4255 632 4264 -
657 4224 806 4292 Regii
831 4226 993 4278 nostri
1016 4228 1139 4276 elue.

454 4306 558 4369 ¹42·
587 4305 856 4357 succedere
873 4345 885 4366 ‚
906 4301 1165 4357 accedere.
1182 4297 1319 4352 Vide
1339 4296 1402 4350 ad

1485 1708 1570 1765 III
1589 1750 1604 1776 ,
1638 1709 1820 1764 165.—-
1840 1712 1931 1762 Vis
1951 1730 2125 1770 aurea,
2150 1711 2250 1777 vis,
2274 1722 2497 1781 potesta»

1484 1789 1662 1841 omnia
1681 1787 1733 1840 in
1752 1806 1940 1840 aurum
1960 1788 2227 1855 mutandi,
2248 1808 2363 1858 quae
2378 1810 2499 1859 pau-
2538 1800 2541 1803 '

1482 1866 1534 1920 lo
1562 1876 1683 1920 ante
1725 1872 1910 1919 crimen
1949 1877 2165 1920 vocatur
2190 1907 2204 1933 ,
2251 1868 2371 1936 quia
2408 1888 2501 1937 per

1483 1942 1760 1997 stultitiam
1799 1963 1946 1997 suam
1978 1964 2094 1997 eam
2132 1946 2499 2014 impetraverat

1486 2020 1676 2074 Midas.
1695 2021 1918 2075 Lenzius
1932 2029 2113 2075 crimen
2133 2024 2371 2094 intelligit
2388 2044 2498 2093 pre-

1486 2118 1568 2153 ces
1585 2099 1906 2165 temerarias,
1925 2118 2039 2168 quae
2059 2100 2300 2166 lavando,
2319 2112 2375 2154 ut
2390 2102 2503 2155 cul-

1485 2197 1550 2246 pa
1569 2176 1855 2231 ‘lustrando
1883 2218 1897 2243 ,
1933 2178 2070 2231 ablui
2110 2180 2395 2248 potuerint.
2437 2210 2501 2218 --

1496 2259 1686 2309 Tinaeil.
1711 2256 1854 2309 Hinc
1879 2256 2177 2309 Lactantius
2202 2257 2255 2308 in
2282 2258 2499 2326 Argum.

1485 2354 1618 2403 aqua
1637 2340 1784 2387 aurei
1801 2338 1983 2388 coloris
2000 2354 2111 2387 esse
2131 2341 2284 2404 coepit
2293 2356 2311 2402 ‚·
2339 2335 2505 2389 Clau-

1487 2412 1672 2466 dianus
1695 2454 1709 2480 ,
1733 2415 1788 2466 in
1807 2414 2024 2482 Eutrop.
2047 2414 2133 2479 11,
2160 2415 2280 2475 260,
2303 2434 2394 2468 nec
2407 2424 2505 2468 mi-

1484 2513 1570 2545 ror
1575 2500 1742 2561 aqua!
1751 2494 1951 2544 radiare
1961 2496 2163 2544 metallo
2175 2532 2187 2551 ‚
2221 2494 2342 2557 Qua·
2357 2500 2504 2545 Iole'es

1485 2576 1650 2624 lavere
1669 2571 1878 2624 Me‘dam.
1898 2571 1970 2623 At
1983 2569 2065 2623 ille
2084 2580 2312 2637 tantum,
2329 2582 2388 2624 ut
2402 2572 2502 2625 ho-

1487 2646 1569 2700 die
1599 2648 1756 2702 etiam
1780 2646 2000 2701 Rhenus
2024 2658 2077 2700 et
2099 2647 2276 2717 Tagus
2292 2688 2305 2714 ,
2334 2661 2505 2720 χρυσοῦ

1488 2738 1652 2795 ψῆγμα
1677 2732 1784 2779 πολὺ
1803 2765 1816 2790 ,
1852 2725 2018 2777 multa
2047 2731 2284 2779 ramenta
2309 2745 2464 2779 aurea
2486 2768 2500 2794 ,

1486 2822 1663 2857 secum
1680 2801 1904 2868 serebat,
1932 2802 2055 2855 inde
2077 2801 2244 2855 dictus
2263 2804 2505 2874 Chrysor—

1487 2887 1641 2935 rhoas
1655 2924 1667 2940 ‚
1687 2892 1904 2935 notante
1923 2882 2111 2935 Plinio.
2130 2885 2311 2935 Rutila
2329 2889 2501 2936 eiate-

1487 2983 1556 3015 na
1581 2961 1828 3015 tribuitur
1853 2980 1880 3013 a
1901 2961 2159 3014 Juvenale
2175 3000 2189 3026 ,
2218 2961 2369 3026 XIV,
2396 2981 2413 3013 1
2430 2981 2501 3014 12.

1440 3064 1446 3070 ·
1491 3042 1634 3094 Hinc
1658 3043 1873 3110 Lydium
1909 3059 2083 3090 aurum
2109 3050 2162 3091 et
2185 3041 2397 3090 Pactoli
2410 3042 2503 3090 di—

1487 3123 1617 3171 vite&
1632 3116 2023 3186 proverbialiter
2039 3114 2137 3168 diei
2153 3126 2424 3184 coeperunt
2436 3115 2500 3166 de

1487 3217 1542 3250 re
1564 3198 1853 3268 pretiosaet
1864 3196 2084 3248 summis
2098 3194 2302 3247 divitiis.
2314 3196 2499 3246 Horat.

1491 3277 1660 3347 Epod.
1687 3278 1814 3343 XV,
1844 3295 1906 3327 20
1926 3316 1939 3342 ,
1966 3277 2207 3327 Pactolus
2224 3276 2469 3341 libifiuaI.

1560 3359 1666 3423 144.
1706 3358 1853 3408 Nunc
1880 3374 2067 3422 quoque
2091 3365 2187 3406 etc.
2229 3352 2288 3406 Id
2318 3352 2501 3405 salsum

1489 3445 1565 3487 est
1594 3456 1605 3495 ;
1646 3452 1769 3486 nam
1806 3432 1997 3485 Strabo
2015 3471 2029 3497 ,
2055 3432 2144 3500 qui
2169 3441 2222 3484 et
2246 3431 2352 3499 ipse
2375 3432 2501 3483 Au-

1490 3513 1624 3582 gusti
1649 3524 1885 3581 tempore
1912 3509 2122 3574 floruit,
2162 3509 2372 3574 scribit,
2411 3520 2501 3563 Νῦν

1494 3597 1541 3644 δέ
1569 3595 1785 3644 {alizam
1818 3594 1867 3643 τὸ
1911 3600 2087 3658 ghi-um.
2128 3586 2304 3639 Multo
2328 3587 2502 3638 minus

1489 3690 1613 3722 arm
1630 3687 1864 3738 unquam
1880 3668 2047 3720 vicina
2065 3666 2339 3734 riguerunt
2362 3683 2503 3716 auro.

1492 3746 1596 3801 Sed
1614 3749 1682 3799 ita
1701 3759 1753 3799 et
1771 3747 1852 3798 alii
1872 3755 2054 3815 poetae.
2076 3743 2354 3812 Virgilius,
2379 3743 2505 3795 AEn.

1494 3826 1544 3878 X
1565 3864 1578 3890 ,
1611 3827 1697 3887 142
1714 3864 1727 3890 ,
1752 3827 1987 3877 Pactolos
2002 3826 2142 3874 culta
2157 3827 2334 3889 irrigat
2352 3840 2505 3884 auro,·

1493 3904 1797 3971 Propertius
1814 3942 1828 3966 ,
1857 3903 1879 3955 1
1900 3942 1914 3966 ,
1947 3917 2005 3952 vt
2023 3940 2037 3966 ,
2064 3901 2118 3952 31
2142 3940 2157 3965 ,
2184 3901 2351 3970 Lydio
2369 3901 2509 3951 Pac-

1492 3985 1590 4032 toli
1616 3985 1801 4045 tinguit
1833 3989 2006 4030 aratra
2045 3983 2238 4045 liquor‚·
2267 3976 2467 4028 Seneca
2488 4016 2502 4039 ,

1495 4057 1682 4111 Phoen.
1697 4058 1795 4122 604
1813 4097 1825 4121 ,
1842 4059 2088 4125 Opolenta
2100 4058 2341 4109 Pactolus
2358 4058 2480 4106 inan
2491 4083 2506 4091 -

1493 4140 1586 4189 da!
1596 4156 1720 4187 auro
1736 4155 1867 4187 rura.
1885 4135 1979 4188 Vis
2002 4155 2157 4189 aurea
2174 4144 2507 4203 comparatur

1493 4238 1615 4272 cum
1638 4217 1832 4269 venain
1854 4217 2256 4269 metallisodinis.
2284 4216 2507 4284 Projam

1496 4298 1839 4350 Burmannus
1875 4296 2021 4347 malit
2059 4303 2163 4349 tam
2192 4300 2399 4352 veleris:
2436 4294 2508 4344 ita
