3185 5138
712 495 847 582 486
958 561 965 569 .

1252 496 1331 561 Ρ.
1394 496 1762 564 OVIDII
1821 494 2290 564 NASONIS

702 635 1067 729 Deriguere
1103 632 1281 708 oculi
1302 690 1321 724 ‚
1355 634 1740 736 calidusque
1776 663 1811 710 e
1847 662 2127 736 corpore
2161 635 2473 731 sanguis,

602 831 607 838 ‚
703 751 988 825 Inducto
1022 749 1311 852 pallore,
1346 750 1558 847 fugin
1597 768 1964 851 conataque
2003 768 2182 824 retro
2748 774 2865 844 755

699 872 896 944 Ferre
928 869 1131 970 pedes
1153 925 1171 957 ,
1207 869 1434 955 haesit3
1475 887 1706 943 conata
1742 884 2029 948 avertere
2063 865 2325 952 vultus,

701 988 852 1061 Hoc
883 1011 1150 1087 quoque
1185 1013 1321 1056 non
1357 985 1579 1084 potuit
1601 1015 1631 1056 1:
1668 981 2115 1084 paulatimque
2145 998 2425 1080 occupat
2456 995 2677 1068 artus,

703 1100 911 1199 Quod
946 1100 1074 1175 fuit
1106 1102 1176 1173 in
1212 1100 1377 1174 duro
1406 1100 1794 1200 jampridem
1818 1116 2128 1200 pectore,
2164 1124 2413 1170 saxum.

701 1219 878 1291 Neve
909 1245 979 1291 ea
1012 1216 1160 1290 ficta
1193 1235 1421 1316 putes,
1460 1216 1740 1289 dominae
1776 1214 1903 1288 sub
1942 1213 2225 1309 imagine
2260 1212 2527 1307 signum

702 1333 931 1407 Servat
964 1333 1179 1406 adhuc
1215 1330 1494 1405 Salamis
1529 1364 1545 1405 z
1578 1331 1857 1404 Veneris
1884 1357 2151 1431 quoque
2178 1329 2448 1401 nomine
2483 1323 2811 1426 templum

701 1447 1178 1548 Prospicientis
1214 1446 1413 1520 habet
1441 1477 1456 1519 ε
1493 1481 1526 1511 α
1565 1447 1875 1542 Quorum
1904 1473 2189 1533 memor,
2219 1474 2261 1518 o
2287 1472 2432 1517 mea
2450 1498 2468 1530 ‚
2497 1441 2716 1515 lentos
2743 1463 2841 1535 761

699 1596 739 1631 »
779 1565 1001 1651 Pone,
1043 1591 1315 1664 precor,
1348 1562 1595 1651 fastuS‚
1633 1580 1701 1637 et
1736 1562 1977 1637 amanti
2013 1563 2282 1659 jungere
2304 1618 2324 1650 ‚
2360 1562 2685 1663 Nymphe.

700 1713 741 1747 κ
785 1679 894 1752 Sic
928 1679 1052 1753 tibi
1083 1693 1203 1752 nec
1236 1707 1509 1751 vernum
1539 1679 1874 1753 nascentia
1908 1679 2119 1774 frigus
2153 1679 2386 1753 adurat

700 1828 738 1862 »
775 1779 1018 1882 Poma,
1052 1823 1173 1867 nec
1207 1795 1541 1867 excutiant
1575 1794 1791 1895 rapidi
1824 1794 2126 1869 florentia
2156 1794 2360 1867 venti.
2398 1825 2435 1859 ι)

795 1913 954 1985 Haec
988 1910 1109 1983 ubi
1145 1909 1594 2010 nequidquam
1626 1909 1871 1983 formas
1905 1911 2090 1983 Deus
2124 1928 2319 2009 aptus
2352 1909 2435 1982 in
2460 1935 2686 1982 omnes
2737 1929 2841 1999 765

693 2030 961 2116 Edidit,
999 2028 1070 2101 in
1103 2028 1403 2125 juvenem
1437 2027 1673 2113 rediit,
1705 2045 1773 2100 et
1802 2025 1996 2099 anilia
2034 2027 2238 2100 demit

695 2153 1145 2224 Instrumenta
1177 2145 1347 2232 sibi;
1388 2142 1667 2245 talisque
1704 2145 2010 2245 adparuit
2039 2142 2176 2230 illi,

700 2264 937 2365 Qualis
975 2265 1096 2338 ubi
1132 2263 1474 2364 oppositas
1507 2262 1903 2338 nitidissima
1941 2260 2117 2336 Solis
2151 2262 2365 2359 imago

2513 2244 2526 2288 l

697 2381 917 2455 Evicit
946 2377 1197 2466 nubeS‚
1233 2375 1546 2477 nullaque
1582 2375 1883 2449 obstante
1915 2373 2188 2463 reluxit3

697 2499 985 2599 Vimque
1021 2513 1211 2598 parat
1238 2494 1404 2567 :sed
1441 2493 1503 2566 vi
1534 2522 1674 2567 non
1712 2509 1812 2568 est
1845 2521 2056 2595 opus;
2097 2494 2297 2594 inque
2331 2492 2545 2590 figura

2736 2530 2840 2586 77⁰

701 2621 909 2718 Capta
944 2616 1069 2688 Dei
1106 2613 1415 2714 Nymphe
1447 2630 1585 2699 est,
1627 2631 1688 2686 et
1723 2630 1949 2686 mutua
1988 2611 2258 2686 vulnera
2294 2614 2515 2687 sentit.

796 2739 882 2810 X.
924 2734 1276 2809 Proximus
1310 2732 1641 2806 Ausonias
1677 2730 1907 2829 injusti
1943 2722 2132 2805 miles
2164 2730 2394 2805 Amuli

696 2933 898 2984 Mortua
922 2945 1217 2992 componat,
1251 2926 1340 2979 ubi
1376 2926 1496 2978 vide
1527 2936 1715 2980 notam

694 3019 962 3065 nostram:
986 3007 1274 3059 Mitscberl.
1301 3017 1479 3058 tamen
1503 3011 1715 3072 Imposi—

694 3100 798 3141 tum
825 3082 1062 3154 pretulit.
1080 3110 1146 3123 -—
1162 3083 1502 3151 Quamquam
1522 3082 1712 3135 Gieri-

696 3165 808 3233 gius
831 3181 897 3215 ex
914 3160 1013 3213 alio
1036 3159 1148 3213 loco
1172 3168 1394 3212 conetur
1421 3156 1710 3212 defendere

693 3247 744 3297 τὶ
757 3244 1095 3308 compositum,
1108 3256 1219 3290 non
1235 3247 1349 3289 erat
1364 3245 1542 3288 tamen
1559 3255 1712 3290 causa

695 3339 790 3372 cur
807 3338 868 3371 ex
885 3335 995 3369 uno
1016 3314 1193 3368 codice
1211 3313 1462 3368 Cantabr.
1485 3324 1710 3368 mutare·

694 3409 783 3450 tur
805 3393 1046 3448 omnium
1071 3392 1297 3446 aliorum
1324 3392 1478 3446 lectio
1504 3397 1712 3462 imposi-

692 3485 811 3526 tum.
839 3470 937 3524 Ed.
953 3472 1315 3537 —Beriguem
1339 3469 1515 3538 Vulgo
1533 3508 1554 3535 r
1577 3479 1632 3522 et
1651 3467 1710 3521 in

693 3548 955 3603 codicibus
980 3546 1155 3616 Regiis
1172 3585 1187 3611 ,
1209 3550 1467 3614 diriguere.

763 3627 851 3698 751
860 3666 870 3678 .
884 3628 1256 3690 Prospicientis.
1276 3626 1397 3679 Hoc
1411 3642 1712 3694 cognomen

695 3703 890 3773 accepit
911 3721 939 3755 a
962 3702 1135 3755 forma
1160 3702 1516 3772 prospicientis
1538 3701 1604 3755 de
1625 3703 1711 3755 se-

693 3790 870 3835 nestra
893 3779 1210 3833 Anaxeretes
1223 3818 1238 3844 ‚
1264 3797 1380 3847 quae
1398 3777 1583 3832 eadem
1599 3798 1708 3848 spe·

695 3861 773 3914 cie
792 3879 820 3913 a
838 3860 1050 3912 Venere
1067 3858 1123 3911 in
1136 3876 1316 3910 saxum
1328 3876 1576 3911 conversa
1587 3855 1706 3910 fuit.

696 3940 776 3993 lta
802 3949 943 3993 recte
970 3937 1228 4010 Mycillus.

762 4017 872 4085 762.
895 4019 1084 4070 lentos
1092 4013 1273 4081 fastus
1291 4055 1305 4077 ‚
1355 4015 1445 4083 qui
1476 4014 1709 4068 reddunt

694 4093 886 4162 puellas
908 4098 1097 4156 lentas,
1121 4091 1176 4145 id
1197 4103 1274 4147 est
1294 4092 1560 4156 difficile„
1588 4092 1704 4146 vide

698 4169 762 4223 ad
787 4171 923 4224 xm
940 4211 954 4237 ,
981 4191 1091 4245 799.

761 4249 873 4317 763.
894 4252 979 4303 Sic
991 4252 1102 4317 eius
1117 4260 1194 4305 est
1212 4289 1227 4317 ,
1248 4251 1366 4320 qui,
1384 4261 1444 4305 ut
1460 4250 1710 4320 impetret

1809 2925 1875 2978 ab
1897 2926 2062 2981 altero
2093 2924 2238 2994 quod
2273 2925 2531 2994 petierat,
2567 2945 2692 2979 cum
2722 2927 2831 2981 ob-

1808 3004 2084 3057 testatione
2108 3005 2156 3056 ei
2185 3002 2499 3071 adprecatur
2533 3004 2744 3073 aliquid.
2762 3034 2836 3046 —

1816 3081 1967 3133 Urere
1987 3080 2147 3133 etiam
2166 3080 2229 3133 de
2246 3080 2687 3150 frigore-<licitum
2714 3082 2824 3137 Cic.

1809 3158 1963 3212 Tusc.
1988 3160 2074 3221 ΙΙ,
2105 3180 2177 3227 ¹7·

1876 3236 1985 3306 766.
2010 3240 2192 3290 Am'lt‘a
2212 3242 2545 3293 ehstrumenla
2560 3240 2831 3311 eleganter

1806 3325 1956 3367 vocat
1977 3334 2154 3385 rugas,
2180 3335 2337 3378 canos
2359 3327 2413 3370 et
2436 3316 2636 3386 reliqua
2659 3358 2674 3384 ,
2702 3319 2823 3388 qui-

1805 3391 1903 3445 bus
1927 3391 2215 3459 efficiebat,
2251 3408 2309 3446 ut
2330 3413 2460 3447 anus
2483 3415 2592 3449 esse
2614 3396 2825 3450 videre·-

1808 3479 1926 3533 tur3
1953 3470 2091 3524 cons.
2113 3491 2184 3524 vs.
2212 3472 2310 3538 654
2332 3483 2385 3525 et
2410 3472 2527 3526 655.

1873 3566 1984 3617 770.
1999 3550 2236 3617 Infigura
2255 3554 2394 3615 capi.
2419 3561 2482 3602 ut
2494 3553 2579 3605 Vl
2591 3592 2604 3616 ,
2624 3554 2721 3624 490
2733 3592 2756 3617 ,
2767 3558 2824 3606 in

1805 3628 1900 3679 illa
1915 3636 2098 3680 estuat
2112 3645 2130 3693 ,·
2159 3628 2294 3681 Vm
2314 3667 2328 3693 ,
2357 3632 2421 3681 50
2440 3669 2455 3694 ,
2472 3636 2665 3684 arsitia
2680 3635 2788 3684 illa.

1874 3711 2123 3777 772-851.
2150 3709 2397 3761 Romulus
2416 3721 2685 3779 postquam
2707 3752 2721 3771 .
2739 3711 2820 3763 vi-

1804 3782 1899 3837 ctis
1917 3785 2124 3837 Sabinis
2140 3824 2154 3850 ,
2173 3804 2285 3837 rem
2309 3786 2603 3840 Romanam
2627 3787 2820 3841 funda-

1804 3876 1981 3930 verat,
2010 3887 2037 3919 a
2061 3866 2236 3921 Marte
2260 3868 2501 3937 abreptus
2521 3870 2660 3923 inter
2677 3870 2820 3924 Deos

1804 3942 2094 4012 recipitur„
2124 3944 2367 4012 idemque
2407 3945 2577 3999 bonor
2614 3947 2821 4000 divinus

1805 4021 2052 4074 tribuitur
2075 4023 2304 4075 Hersilie
2329 4024 2556 4093 coniugi.
2594 4025 2687 4078 Ille
2722 4024 2817 4078 sub

1811 4099 2037 4164 Quirini,
2065 4099 2173 4152 haec
2195 4099 2291 4152 sub
2314 4103 2465 4154 Ilorae
2489 4103 2706 4156 nomine
2728 4123 2816 4156 co-

1801 4174 2182 4229 ntum—Miles
2203 4179 2405 4239 Amuli,
2432 4179 2673 4233 Amulius
2694 4180 2814 4248 ipse.

1804 4250 1954 4306 Dura
1978 4253 2301 4324 periphrasis.
2325 4283 2393 4297 —
2418 4257 2612 4326 Injusti
2627 4257 2692 4310 ob
2716 4274 2816 4308 re-
