3185 5138
770 522 852 587 32
1316 521 1391 586 P.
1452 521 1817 589 OVIDII
1876 519 2336 590 NASONIS

766 663 968 758 Signa
999 659 1281 761 pedum;
1323 659 1731 760 cupiuntque
1766 687 1957 732 suum
1991 661 2275 761 reperire
2310 661 2650 762 periclum.

770 777 1069 851 Concava
1099 773 1285 848 vallis
1322 792 1495 860 erat,
1534 803 1667 875 qua
1702 803 1770 848 se
1805 774 2143 849 demittere
2177 776 2303 848 rivi

770 891 1147 966 Adsuerant
1179 888 1490 991 pluvialis
1524 917 1709 989 aquae
1741 919 1756 961 :
1795 907 1973 963 tenet
2003 890 2131 964 ima
2162 889 2411 965 lacunae

2802 918 2899 971 335

770 1008 979 1081 Lenta
1011 1005 1173 1080 salix
1195 1061 1214 1093 ,
1254 1004 1547 1105 ulvaeque
1582 1002 1790 1094 leves,
1824 1005 2133 1105 juncique
2165 1005 2529 1106 palustres,

769 1122 1197 1220 viminaque,
1239 1138 1306 1193 et
1336 1119 1537 1214 longa
1576 1149 1798 1225 parvae·
1822 1122 1948 1194 sub
1982 1122 2300 1196 arundine
2337 1151 2575 1197 cannae.

769 1239 949 1311 Hinc
984 1265 1141 1337 aper
1177 1236 1427 1309 excitus
1460 1236 1708 1309 medios
1742 1236 2070 1310 violentus
2104 1237 2174 1309 in
2205 1237 2434 1312 hostes

769 1363 1044 1445 Fertur,
1080 1376 1156 1432 ut
1190 1359 1476 1432 excussis
1510 1359 1653 1432 elisi
1689 1359 1987 1433 nubibus
2023 1360 2210 1454 ignes
2242 1389 2258 1433 ε

774 1481 1109 1555 Sternitur
1137 1481 1403 1554 incursu
1437 1510 1706 1568 nemus,
1742 1499 1809 1554 et
1842 1470 2161 1581 propulsa
2190 1480 2516 1578 fragorem

2802 1505 2899 1572 340

774 1604 951 1679 Silva
980 1605 1094 1679 dat
1124 1636 1139 1678 ε
1175 1604 1537 1680 exclamant
1563 1606 1869 1705 juveneS,
1906 1624 2350 1708 praetentaque
2385 1608 2546 1682 forti

773 1728 935 1802 Tela
971 1745 1195 1802 tenent
1227 1728 1452 1803 dextra
1475 1785 1493 1817 ,
1532 1728 1668 1802 lato
1699 1728 2026 1802 vibrantia
2057 1728 2252 1802 ferm.
2291 1732 2292 1737 ’

747 1848 896 1922 ·Ille
927 1850 1094 1937 ruit;
1126 1851 1509 1950 spargitque
1545 1879 1769 1939 caneS,
1806 1868 1881 1924 ut
1919 1851 2198 1951 quisque
2231 1851 2451 1924 ruenti

782 1973 1062 2061 Obstat,
1102 1990 1169 2045 et
1201 1971 1482 2073 obliquo
1518 1972 1831 2047 latrantes
1863 1973 2142 2073 dissipat
2176 1973 2329 2046 ictu.

778 2171 969 2240 prium.
991 2167 1192 2223 Confer
1206 2170 1345 2236 Vll,
1372 2170 1481 2242 769.
1495 2173 1785 2232 -Prcssa,

782 2252 1029 2317 impressa
1050 2268 1063 2309 ;
1089 2246 1167 2301 xl
1189 2285 1204 2314 ,
1231 2247 1289 2299 31
1309 2287 1324 2312 ,
1345 2265 1519 2313 presso
1540 2266 1758 2300 wmerm

843 2327 954 2391 334.
982 2326 1214 2377 Concava
1231 2327 1385 2375 vallis
1408 2333 1505 2377 etc.
1537 2323 1675 2375 Tam
1697 2322 1791 2375 di·-

784 2404 1002 2474 ligenter
1038 2402 1240 2472 singula
1277 2401 1549 2468 describit,
1590 2412 1650 2454 ut
1683 2402 1789 2471 ipse

784 2482 1031 2535 interesse
1057 2479 1178 2533 buic
1200 2478 1468 2531 venationi
1489 2479 1583 2532 tibi
1602 2477 1791 2530 videa-

785 2562 866 2615 ris.
888 2563 1120 2615 Concava
1143 2602 1155 2623 ,
1190 2559 1422 2629 undique
1442 2559 1611 2613 cincta
1633 2578 1792 2611 mon-

792 2641 942 2693 tibus.
977 2667 1043 2680 ——
1064 2643 1199 2702 Ima,
1239 2658 1436 2709 margo.
1463 2666 1530 2678 —-
1565 2640 1796 2705 Uloaeque

786 2721 936 2775 leves,
948 2718 1193 2784 juncique
1204 2720 1487 2782 palustres,·
1509 2716 1758 2768 Heinsius
1777 2753 1792 2780 ,

789 2797 853 2850 ad
877 2796 1031 2861 XIV,
1054 2796 1145 2847 103
1164 2834 1179 2860 ,
1206 2795 1359 2864 legit,
1374 2796 1616 2862 juncique
1637 2799 1791 2855 leves,

789 2879 1003 2941 alvoque
1016 2876 1279 2939 palustres.
1306 2871 1453 2940 Regii
1478 2872 1642 2923 nostri
1667 2870 1795 2923 nihil

790 2961 971 3004 mutan
981 2961 1013 3003 t.
1047 2977 1114 2988 -—-
1154 2951 1339 3001 Cauno
1369 2947 1634 3000 breviores
1674 2958 1798 2999 sunt

789 3031 1043 3083 arundine.
1074 3023 1363 3078 Columella
1382 3064 1396 3090 ,
1435 3025 1537 3090 IV,
1559 3024 1622 3076 32
1642 3063 1657 3090 ,
1679 3044 1799 3093 gra-

793 3111 908 3161 cilis
928 3115 979 3157 e!
999 3123 1177 3157 canna·
1199 3106 1383 3156 simile&
1403 3104 1611 3154 arundo.

862 3184 972 3238 3³8.
1005 3185 1145 3235 Hinc
1173 3201 1296 3249 aper
1320 3185 1515 3234 excitus
1541 3189 1639 3233 etc.
1676 3181 1798 3231 Ve—

795 3262 937 3316 natio
962 3261 1067 3329 ipsa
1084 3298 1099 3325 ,
1126 3261 1180 3312 in
1211 3279 1311 3328 qua
1336 3260 1559 3312 maxima
1582 3259 1800 3312 varietas

793 3344 848 3396 in
867 3337 1216 3395 describendis
1237 3338 1453 3406 jactibus
1474 3337 1688 3407 singulis
1709 3355 1802 3389 ve-

792 3420 1036 3475 nantium
1063 3428 1216 3486 atque
1244 3417 1469 3470 motibus
1500 3415 1609 3485 apri
1631 3415 1801 3468 obser·

794 3509 937 3560 vata;
965 3496 1020 3549 in
1046 3514 1147 3564 qua
1170 3493 1490 3564 phantasiam
1516 3501 1683 3560 poete
1707 3490 1804 3543 ad-

797 3576 977 3629 mirari
1006 3575 1124 3628 licet
1140 3612 1155 3639 ,
1206 3590 1507 3643 quanquam
1545 3589 1653 3624 non
1692 3571 1799 3639 ipse

800 3672 983 3707 omnes
1007 3653 1116 3705 illos
1139 3654 1302 3720 iactus
1334 3650 1536 3704 finxisse
1561 3649 1801 3712 videtum

796 3730 1079 3786 nonnullos
1088 3731 1229 3783 enim
1241 3740 1294 3782 et
1308 3728 1654 3798 Apollodorus
1665 3745 1804 3779 com·

799 3818 1077 3864 memorat.
1089 3806 1393 3860 Notandum
1415 3806 1569 3858 etiam
1587 3816 1693 3871 est,
1711 3824 1804 3857 ve·-

799 3898 987 3942 nantes
998 3884 1157 3936 veluti
1170 3883 1223 3934 in
1240 3882 1346 3934 acie
1360 3882 1805 3946 constitisse,vers.

800 3966 899 4020 350
917 4004 931 4031 ,
962 3972 1117 4030 atque
1138 3957 1365 4028 singulos
1380 3957 1563 4010 ordine
1583 3956 1685 4010 tela
1707 3958 1802 4010 mi·

797 4046 918 4097 sisse
938 4083 953 4108 ,
987 4042 1076 4111 qui
1099 4039 1231 4093 ordo
1251 4038 1685 4108 interrumpitur,
1715 4038 1803 4091 ubi

782 4119 993 4172 ‘invidia
1036 4119 1289 4171 Atalantae
1329 4117 1552 4185 reliquos
1595 4117 1760 4187 tangit
1784 4156 1799 4182 ,

798 4216 951 4250 versu
968 4199 1080 4269 389.
1104 4226 1169 4236 —
1185 4200 1374 4256 Fertur,
1408 4207 1468 4248 ut
1486 4197 1671 4267 fulgor.
1695 4196 1800 4251 Sed

799 4272 898 4329 boc
925 4273 1074 4327 docte
1112 4285 1164 4326 et
1196 4292 1256 4324 ex
1287 4273 1534 4341 opinione
1563 4285 1799 4327 veterum

1885 2169 2217 2243 physicorum
2231 2171 2503 2241 expressit,
2523 2169 2587 2223 de
2603 2189 2703 2241 qua
2716 2170 2779 2223 ad
2798 2170 2894 2238 xl,

1886 2251 1996 2317 435.
2014 2280 2081 2291 —
2102 2254 2346 2304 Excussa
2363 2292 2375 2312 ,
2418 2269 2676 2304 concussae
2702 2290 2717 2317 ‚
2753 2271 2895 2304 con-

1885 2340 2154 2382 currentes
2170 2348 2288 2381 cum
2306 2328 2485 2381 ventis.
2506 2328 2584 2380 Vl
2597 2374 2612 2398 ,
2638 2329 2762 2400 695:
2788 2331 2898 2381 Ex-

1887 2410 2065 2458 silium
2086 2411 2227 2459 capis
2247 2410 2370 2458 elisi
2395 2409 2607 2458 nubibus
2643 2411 2800 2473 ignes.
2834 2434 2901 2446 —-

1888 2484 2191 2550 Eltlre‘eknes
2208 2524 2222 2544 ‚
2265 2483 2448 2552 fulgor.
2477 2482 2649 2536 Miror
2666 2521 2681 2547 ,
2712 2482 2900 2552 plura-

1885 2561 1992 2614 lem
2018 2560 2329 2631 displicuisse
2355 2559 2657 2614 Schirachio
2684 2561 2772 2629 qui
2800 2581 2902 2630 pu-

1889 2649 1993 2704 tat,
2022 2657 2207 2708 aprum
2229 2657 2338 2690 non
2363 2639 2497 2690 bene
2522 2658 2642 2691 cum
2667 2638 2900 2707 pluribus

1890 2718 2095 2785 ignibus
2122 2715 2412 2786 comparari
2435 2754 2450 2782 ,
2477 2724 2530 2767 et
2561 2717 2868 2785 proferebat
2884 2757 2898 2782 ,

1891 2795 2032 2865 quod
2048 2795 2174 2848 olim
2192 2794 2461 2859 edebatur,
2483 2797 2641 2847 ele‘sm
2661 2800 2811 2861 ignis.
2830 2796 2902 2848 At

1891 2874 2031 2927 nulla
2063 2876 2168 2927 fere
2199 2875 2252 2925 in
2277 2883 2554 2942 poetarum
2583 2874 2901 2928 carminibus

1892 2951 2076 3021 pagina
2095 2962 2205 3018 est,
2237 2952 2290 3004 in
2317 2970 2419 3019 qua
2437 2970 2545 3004 non
2573 2951 2782 3020 pluralis
2804 2971 2903 3021 po-

1890 3031 2018 3085 situs
2038 3030 2104 3083 sit
2125 3049 2221 3100 pro
2245 3028 2506 3098 singulari.
2535 3055 2601 3067 -
2622 3032 2863 3082 Incursus
2877 3070 2891 3092 ,

1894 3109 2119 3179 impetus
2150 3109 2263 3161 feri.
2302 3107 2484 3179 Vin-gil.
2520 3108 2732 3162 AEneid.
2758 3109 2896 3175 Vll,

1894 3187 1991 3255 675
2020 3206 2032 3239 ε
2056 3190 2149 3239 dat
2177 3190 2407 3239 euntibus
2437 3194 2612 3255 lugens
2641 3190 2780 3240 St'lva
2810 3192 2900 3241 lo-

1893 3284 2004 3318 cum
2022 3305 2035 3325 ,
2073 3274 2125 3317 el
2143 3284 2324 3332 magno
2349 3268 2533 3318 cedunt
2551 3270 2768 3332 virgulta
2774 3266 2905 3333 sra-

1890 3364 2022 3412 5ore.
2048 3343 2249 3397 Confer
2270 3345 2404 3397 infra
2419 3386 2433 3410 ,
2456 3346 2533 3399 xl
2548 3386 2563 3409 ,
2583 3346 2903 3399 355.—Prae-

1894 3421 2297 3474 tendidicuntur
2329 3423 2580 3475 venabula
2603 3463 2617 3488 ,
2652 3442 2817 3491 quum
2843 3425 2901 3477 iis

1895 3499 2143 3567 excipitur
2172 3499 2376 3553 irruens
2406 3502 2530 3554 fera.
2561 3502 2807 3554 Praetcnta
2827 3512 2903 3552 te-

1894 3586 2013 3628 nen!
2028 3616 2041 3637 ‚
2063 3577 2904 3648 praetendunt.·-·V1'brant1'astrro

1896 3654 2212 3722 exquisitius,
2229 3674 2406 3725 quam,
2424 3656 2668 3710 habentia
2681 3658 2901 3723 ferrum,

1897 3733 2016 3800 quia
2040 3732 2291 3786 venabula
2311 3773 2326 3801 ,
2353 3733 2483 3787 dum
2502 3743 2780 3786 moventur
2796 3772 2811 3798 ,
2834 3740 2906 3786 νί-

1897 3814 2038 3864 brare
2068 3810 2329 3865 dicuntur.

1960 3889 2070 3954 343.
2109 3891 2325 3953 liuenti,
2369 3907 2464 3959 pro
2485 3888 2690 3955 furente*
2721 3889 2908 3957 (quod

1897 3964 2092 4018 habent
2105 3970 2268 4021 nostri
2289 3964 2483 4035 Regii),
2502 3984 2564 4017 ex
2580 3965 2910 4019 Bononiensi

1899 4042 2041 4099 dedit
2068 4046 2343 4110 Heinsius,
2368 4053 2427 4095 ut
2448 4043 2514 4095 sit
2535 4044 2792 4097 concinna
2817 4063 2902 4096 re-

1897 4123 2092 4191 petitio.
2122 4123 2309 4176 Eidem
2334 4139 2452 4173 mox
2478 4140 2537 4174 ex
2565 4120 2906 4174 Gronoviano

1897 4200 2063 4268 placet
2077 4209 2291 4267 occupat
2299 4205 2416 4260 ictu,
2437 4219 2533 4269 pro
2556 4202 2776 4265 dissipat
2783 4204 2904 4249 e’ctae.

1900 4277 2050 4346 Regii
2064 4278 2247 4344 nostri,
2263 4279 2771 4344 &trapam—Obana
2782 4279 2905 4341 ictu,-
