3185 5138
618 508 752 602 294

1159 507 1239 575 P.
1306 507 1666 575 OVIDII
1715 506 2171 577 NASONIS

618 648 949 748 Plangor,
987 665 1055 724 et
1078 650 1365 726 attonito
1397 644 1681 747 gemitus
1714 679 1749 725 e
1783 651 1981 727 corde
2015 651 2387 729 trahuntur.

720 769 919 843 Mane
951 786 1093 844 erat
1127 799 1142 843 :
1174 769 1511 866 egreditur
1545 772 1734 847 tectis
1765 771 1849 846 ad
1878 770 2039 845 litus
2059 827 2078 859 ,
2117 788 2185 846 et
2213 770 2405 847 illum

2647 814 2748 867 7¹⁰

623 881 864 955 Moesta
897 882 1117 958 locum
1149 884 1421 986 repetit,
1456 884 1535 959 de
1565 914 1701 986 quo
1733 902 2057 987 spectarat
2085 902 2369 960 euntem.

620 993 966 1098 Dumque,
996 1032 1029 1062 u
1058 1000 1367 1074 Moratus
1384 997 1513 1087 ibi,
1552 1031 1584 1063 n
1603 1000 1921 1100 dumque,
1948 1031 1983 1063 «
2010 998 2118 1071 hic
2137 998 2497 1073 retinacula
2515 997 2744 1089 solvit,

621 1143 663 1180 κ
701 1114 850 1189 Hoc
882 1116 1046 1189 mihi
1077 1116 1418 1193 discedens
1444 1117 1629 1192 dedit
1663 1116 1887 1192 oscula
1918 1116 2151 1206 litore,
2191 1151 2228 1183 n
2259 1117 2456 1206 dicit,

619 1226 932 1329 Dumque
959 1247 1186 1306 notata
1222 1230 1436 1307 oculis
1459 1231 1908 1307 reminiscitur
1938 1250 2110 1320 acm,
2141 1230 2514 1334 fretumque

621 1339 996 1442 Prospicit3
1034 1345 1099 1418 in
1136 1344 1425 1448 liquida,
1463 1347 1681 1449 spatio
1717 1347 2040 1433 distante,
2078 1363 2305 1420 tuetur

2604 1372 2609 1375 “
2655 1364 2752 1435 715

622 1457 863 1534 Nescio
900 1461 1057 1562 quid
1081 1520 1100 1550 ,
1141 1466 1327 1565 quasi
1359 1494 1639 1568 corpus,
1674 1493 1883 1567 aquen
1919 1465 2309 1566 primoque,
2345 1463 2506 1564 quid
2538 1460 2725 1538 illud*

621 1572 857 1668 Esset,
888 1584 1027 1654 erat
1058 1580 1334 1658 dubium
1363 1616 1378 1659 ε
1413 1603 1770 1686 postquam
1801 1583 2005 1685 paulo
2037 1581 2300 1683 adpulit
2329 1581 2543 1671 unda,

622 1690 752 1778 Et,
792 1695 1091 1792 quamvis
1123 1697 1387 1788 aberat,
1416 1727 1659 1801 corpus
1694 1715 1910 1773 tamen
1944 1726 2086 1772 esse
2121 1695 2458 1796 liquebat3

627 1800 767 1898 Qui
802 1804 1009 1895 soret,
1039 1807 1385 1905 ignorans,
1423 1814 1579 1914 quia
1612 1812 2008 1907 naufragus,
2046 1810 2263 1883 omine
2291 1827 2472 1883 mota
2502 1826 2643 1883 est:

627 1919 753 2007 Et,
776 1937 1106 2022 tamquam
1132 1924 1365 2015 ignoto
1392 1924 1710 2023 lacrymas
1738 1925 1949 2009 daret,
1986 1957 2019 1987 ιι
2038 1923 2222 1996 Heu!
2252 1924 2471 2010 miser,
2503 1920 2752 2022 inquit,

629 2064 666 2096 >²
704 2034 1034 2135 Quisquis
1055 2064 1157 2123 ez,
1183 2053 1250 2109 et
1277 2035 1484 2136 siqua
1511 2054 1612 2110 est
1636 2037 1881 2134 conjux
1908 2035 2061 2110 tihi!
2099 2071 2133 2103 »
2165 2034 2515 2111 Fluctibus
2535 2052 2757 2111 actum

625 2148 735 2222 Fit
763 2152 1044 2253 propius
1080 2177 1322 2253 eorpus
1352 2178 1367 2222 ε
1403 2148 1584 2251 quod
1620 2178 1754 2249 quo
1787 2150 1993 2247 magis
2025 2149 2139 2223 illa
2176 2166 2436 2237 tuetur,

2658 2184 2756 2242 7²²

626 2267 779 2342 Hoc
815 2270 1034 2344 minus
1069 2286 1135 2343 et
1167 2268 1387 2345 minus
1421 2286 1520 2343 est
1549 2295 1774 2342 amens
1806 2296 1924 2343 sua
1952 2297 1968 2341 :
1996 2268 2258 2368 jamque
2291 2268 2687 2370 propinquae

626 2389 990 2499 Admotum
1029 2405 1250 2474 terrae,
1281 2387 1414 2487 jam
1449 2387 1630 2488 quod
1666 2414 2065 2482 cognoscere
2098 2404 2366 2487 posset,

626 2558 877 2630 percussit
905 2567 1098 2629 pectus.
1119 2584 1185 2599 --
1208 2558 1260 2609 E
1278 2558 1440 2611 corde.
1466 2553 1652 2610 Codex

628 2637 826 2704 Regius
857 2637 900 2690 A
919 2676 934 2703 ‚
965 2657 1000 2690 a
1021 2640 1206 2692 corde:
1236 2635 1305 2690 ita
1333 2647 1387 2689 et
1416 2635 1577 2690 codex
1604 2635 1649 2688 Β

629 2734 658 2768 n
681 2713 911 2769 secunda
937 2731 1096 2767 manu
1119 2735 1132 2777 ;
1165 2713 1248 2767 am
1268 2754 1283 2781 ,
1317 2723 1448 2768 teste
1473 2715 1652 2768 Hein-

629 2793 707 2847 sio
725 2829 740 2857 ,
766 2796 829 2845 de
851 2794 1011 2845 eorde.
1039 2790 1135 2844 Ed.

700 2891 724 2939 7
740 2888 811 2923 ιο.
837 2869 992 2923 Mane
1015 2877 1125 2922 emt
1142 2878 1240 2924 etc.
1265 2870 1519 2940 Sequitur
1548 2868 1651 2938 flg-

631 2959 876 3003 mentum
916 2946 979 2998 ad
1014 2948 1525 3001 commiserationem
1558 2947 1650 2999 sa-

628 3024 870 3080 ciendnm
890 3034 1069 3092 aptum
1088 3063 1103 3090 ,
1128 3043 1235 3094 quo
1253 3024 1473 3079 feliciter
1488 3025 1648 3079 etiam

629 3105 708 3159 usi
734 3114 858 3158 sunt
882 3102 1152 3159 Gesner-us
1180 3105 1233 3157 in
1260 3105 1410 3177 ldyll.
1438 3115 1490 3158 et
1516 3103 1652 3159 Gel-

628 3183 795 3239 lertus
812 3185 864 3237 in
883 3183 1500 3251 fabulis—Egrede'tumd
1508 3186 1644 3246 levus,

629 3262 777 3318 licuit
813 3272 980 3332 poete
1010 3260 1209 3330 tingere
1231 3300 1247 3326 ‚
1274 3261 1391 3314 licet
1416 3260 1648 3315 Trachin

628 3358 742 3396 non
765 3339 861 3395 sita
884 3337 1041 3392 fuerit
1063 3338 1117 3392 in
1145 3338 1310 3392 litore.

704 3438 813 3488 7¹²·
853 3419 1084 3472 Nomas
1118 3415 1265 3470 dedit
1291 3434 1320 3469 e
1348 3415 1650 3484 conjectura

632 3495 912 3559 Heinsius,
938 3504 997 3547 ut
1015 3492 1311 3566 Hah-yones
1332 3492 1437 3546 sint
1460 3493 1616 3546 verba
1631 3531 1647 3558 ,

632 3573 723 3628 sed
750 3573 882 3626 sorte
904 3573 1017 3626 sine
1037 3589 1219 3635 ceusu
1242 3569 1389 3623 MSS
1417 3580 1649 3624 nomint.

633 3653 822 3707 —Hoc
844 3653 1038 3707 habent
1062 3651 1227 3706 nostri
1249 3650 1452 3705 codices
1467 3649 1646 3720 Regii,

634 3743 690 3786 et
731 3750 852 3785 mox
887 3750 983 3801 pro
1019 3734 1130 3792 hic,
1168 3733 1286 3783 hine
1317 3730 1492 3783 forsan
1523 3747 1651 3782 rec-

632 3813 752 3867 tius.
789 3811 889 3865 Ed.
925 3838 992 3851 —·
1020 3813 1325 3863 Retinacula
1347 3850 1360 3870 ,
1403 3818 1649 3877 κτίσμα-τα.

633 3890 773 3945 Vide
791 3890 854 3945 nd
877 3890 1015 3945 vul
1037 3929 1052 3958 ,
1076 3892 1438 3944 tom—Notum
1459 3894 1645 3952 oculis,

633 3978 695 4022 ut
716 3970 824 4023 XV
843 4008 858 4034 ,
886 3967 986 4022 660
1002 4008 1018 4035 ,
1044 3973 1157 4021 ”Itu
1179 3978 1362 4022 notate.
1397 3967 1503 4022 sed
1529 3977 1651 4021 acta

633 4048 718 4099 vix
733 4046 859 4101 ferri
885 4056 1052 4117 potest
1067 4070 1080 4108 ;
1106 4065 1278 4117 neque
1296 4057 1470 4101 tamen
1487 4066 1651 4118 prop-

630 4132 778 4178 tere·
814 4142 935 4177 cum
977 4125 1196 4179 Heinsio
1228 4135 1398 4178 totum
1439 4142 1649 4178 versum

635 4198 840 4253 deleam
874 4239 894 4267 ,
939 4201 1215 4257 adhibeam
1258 4203 1428 4273 potius
1472 4202 1648 4256 lenem

631 4275 930 4333 Burmanni
969 4279 1229 4335 medelam
1256 4319 1272 4347 ,
1319 4283 1653 4334 nm‘mkcae‘tur

1745 2564 1879 2610 ante.
1904 2556 2126 2610 Lenzius
2150 2555 2393 2611 dubitans
2410 2595 2426 2622 ,
2456 2573 2522 2609 an
2542 2562 2662 2608 ante
2682 2552 2762 2606 sa-

1746 2634 1841 2687 cile
1867 2635 2060 2689 mutari
2084 2634 2137 2687 in
2162 2640 2283 2687 acta
2306 2633 2564 2704 potuerit,
2581 2630 2763 2687 suudet

1745 2721 1920 2777 oeten,
1948 2715 2001 2767 id
2027 2727 2104 2769 est
2132 2715 2267 2768 litus.
2292 2715 2501 2768 Verum
2521 2732 2631 2766 non
2660 2731 2757 2781 ap-

1747 2804 1926 2862 paret,
1952 2812 2046 2847 cur
2062 2791 2285 2847 Ovidius
2303 2811 2469 2863 greco
2490 2793 2589 2845 hoc
2607 2810 2763 2844 voca-

1748 2874 1874 2927 bulo
1910 2892 2032 2926 usus
2066 2873 2146 2927 sit.
2169 2901 2236 2913 —
2266 2874 2331 2927 In
2366 2872 2553 2927 nostris
2586 2870 2762 2940 Regiis

1745 2962 1824 3007 est
1847 2963 1983 3006 acta.
2007 2952 2106 3005 Ed.

1812 3049 1921 3103 7¹9·
1963 3033 2071 3098 Qui
2082 3029 2249 3098 foret,
2278 3034 2524 3097 Ignorans.
2547 3024 2759 3080 Oblitus

1742 3110 1822 3165 sui
1837 3129 1945 3164 esse
1960 3108 2170 3163 videtur
2186 3106 2419 3162 Ovidius.
2434 3105 2471 3157 J
2474 3123 2558 3157 am
2572 3103 2756 3158 edocta

1744 3198 1857 3243 erat
1906 3187 2177 3259 Halcyone
2222 3184 2508 3239 certissimo
2551 3183 2757 3237 somnio

1746 3275 1971 3318 mortem
1997 3264 2172 3318 mariti
2192 3285 2205 3326 ς
2233 3281 2327 3316 cur
2348 3279 2476 3332 ergo
2497 3267 2643 3315 nun'c
2665 3259 2763 3314 de·-

1745 3359 1895 3394 mum
1923 3346 2087 3394 omine
2117 3338 2405 3393 movetur?
2435 3338 2629 3392 Melius
2656 3346 2763 3391 sta-

1746 3422 1842 3475 tim
1867 3421 1931 3474 de
1963 3421 2154 3475 marito
2174 3440 2270 3475 suo
2293 3420 2577 3491 cogitasset.
2604 3417 2761 3489 Apud

1748 3498 2039 3554 Lucienum
2055 3499 2307 3552 oberratis
2323 3499 2475 3552 terris
2491 3497 2735 3551 omnibus
2746 3538 2760 3564 ,

1746 3598 1854 3633 non
1872 3578 2040 3648 potuit
2052 3577 2303 3631 maritum
2320 3579 2552 3649 reperire
2572 3599 2585 3641 ;
2602 3596 2762 3647 quare

1746 3656 1902 3710 etiam
1932 3666 2132 3710 mutata
2155 3656 2496 3710 circumvolat
2519 3656 2698 3709 maria.

1815 3736 1925 3803 723.
1949 3737 2050 3787 Es!
2065 3751 2239 3786 amens
2252 3752 2349 3786 sua
2367 3744 2462 3787 etc.
2489 3733 2568 3786 lta
2586 3731 2651 3785 de
2667 3748 2764 3784 suo

1746 3811 1921 3866 codice
1947 3811 2200 3865 Heinsius
2222 3812 2494 3866 constituit
2517 3828 2726 3864 versum
2746 3830 2761 3872 ;

1745 3889 1900 3960 vulgo
1933 3888 1958 3961 (
1986 3901 2039 3942 et
2062 3890 2117 3942 in
2141 3890 2331 3944 nostris
2353 3889 2615 3943 codicibus
2638 3885 2665 3955 )
2687 3897 2769 3939 es!

1745 3973 1927 4021 nentis
1930 3968 2065 4034 jam,
2072 3968 2282 4035 jamque
2282 3971 2593 4035 pmpe‘nquae,·
2614 3963 2768 4017 multi

1743 4051 1924 4098 neate}
1942 4064 2063 4108 sua,
2076 4046 2292 4115 jamque
2302 4049 2623 4111 pmpe'aequoe‚·
2645 4050 2762 4093 orto

1744 4128 1925 4176 mentek
1947 4141 2092 4187 τμη·
2136 4122 2452 4178 oxoniensis
2474 4121 2593 4190 jan
2626 4137 2763 4171 nens

1744 4220 1855 4256 sua.
1885 4201 1968 4254 De
1991 4209 2070 4254 est
2087 4221 2216 4262 sna.
2244 4200 2362 4254 vide
2388 4201 2503 4265 111,
2536 4199 2636 4269 689
2653 4236 2668 4262 ,
2694 4195 2756 4247 ad

1743 4285 1836 4334 velt
1866 4300 2039 4334 neum.
2071 4310 2141 4323 —
2164 4280 2277 4337 Cic.
2305 4281 2389 4335 ΙΙΙ
2426 4276 2635 4333 Tuscul.
2665 4295 2722 4328 ιο
2740 4312 2758 4338 ,
