3185 5138
644 533 1677 608 METAMORPHOSEON
1731 538 1922 605 LIB.
1977 541 2119 606 IX.

324 709 360 742 »
399 675 623 774 Dique
655 671 819 744 mihi
851 670 1103 759 faciles,
1134 672 1463 773 quidquid
1497 675 1754 750 valuere
1779 732 1798 763 ,
1841 676 2179 752 dederunt.

2316 541 2437 635 147

2341 702 2440 773 755

324 823 360 856 »
399 789 737 887 Quodque
762 814 883 883 ego
903 843 921 872 ‚
955 787 1415 884 vultgenitor‚
1436 792 1582 865 vult
1603 793 1775 892 ipsa,
1804 822 2117 894 socerque
2144 794 2439 885 futurus;

324 938 358 970 >›
396 905 490 977 At
514 930 652 975 non
682 900 826 974 vult
856 903 1105 976 Natura
1124 960 1144 990 ‚
1182 907 1521 1004 potentior
1555 907 1866 981 omnibus
1894 908 2039 981 istis
2058 964 2076 994 ‚

325 1054 361 1085 »
401 1020 571 1116 Quae
600 1016 765 1090 mihi
798 1016 942 1091 sola
976 1036 1175 1092 nocet
1206 1051 1222 1092 ε
1259 1023 1436 1095 veuit
1466 1051 1613 1097 ecce
1647 1025 1937 1126 optabile
1979 1043 2266 1127 tempus,

325 1169 363 1201 »ι
400 1132 950 1235 Luxque'jugalis
986 1134 1205 1221 adest,
1239 1154 1317 1209 ut
1348 1138 1476 1235 jam
1509 1167 1653 1213 mea
1680 1138 1795 1213 fiat
1823 1140 2054 1214 Ianthe
2082 1171 2099 1227 ;

230 1262 239 1270 ‘
327 1287 364 1320 »
395 1256 532 1328 Nec
567 1250 730 1323 mihi
764 1251 1105 1344 continget
1134 1281 1148 1324 ε
1177 1252 1411 1326 mediis
1447 1255 1742 1330 sitiemus
1777 1256 1842 1329 in
1881 1257 2098 1331 undis.

2348 1283 2447 1352 760

326 1401 363 1435 n
401 1366 718 1442 Pronuba
757 1366 918 1466 quid
946 1369 1129 1441 Juno
1155 1425 1173 1454 ‚
1214 1369 1374 1468 quid
1406 1370 1488 1443 ad
1524 1371 1660 1444 haec
1684 1428 1703 1456 ‚
1739 1373 2087 1472 Hymenaee
2108 1428 2125 1458 ‚
2160 1361 2397 1448 venitis

330 1516 365 1548 »
401 1483 635 1568 Sacra,
671 1480 916 1581 quibus
955 1482 1070 1581 qui
1109 1481 1308 1556 ducat
1341 1485 1564 1575 abest,
1602 1486 1720 1558 ubi
1755 1486 2067 1560 nubimus
2100 1487 2360 1562 ambae?
2401 1523 2435 1554 »

324 1598 577 1690 Pressit
604 1596 688 1672 ab
723 1598 829 1672 his
860 1625 1089 1671 vocem
1118 1629 1133 1670 :
1164 1627 1285 1673 nec
1317 1599 1531 1674 lenius
1566 1600 1764 1674 altera
1800 1603 1986 1697 virgo

325 1715 632 1801 AEstuat3
666 1731 872 1814 utque
907 1712 1077 1787 celer
1109 1714 1369 1801 venias,
1402 1717 1756 1816 Hymenaee
1776 1773 1794 1803 ‚
1830 1737 2149 1817 precatur.

327 1829 530 1928 Quod
557 1829 727 1930 petit
748 1829 920 1916 haec,
950 1829 1308 1903 Telethusa
1337 1830 1605 1916 timeus,
1635 1831 1835 1903 modo
1868 1849 2162 1933 tempora
2189 1833 2441 1923 differt;

325 1946 524 2026 Nunc
549 1945 705 2019 ficto
736 1944 1054 2040 languore
1087 1974 1334 2019 moram
1372 1946 1576 2019 trabit
1603 1976 1620 2018 ε
1652 1948 1871 2020 omina
1904 1977 2073 2048 saepe
2093 2004 2112 2037 ,

2345 1972 2444 2039 766

325 2059 616 2159 Visaque
650 2077 992 2144 causatum
1029 2059 1143 2132 sed
1171 2060 1303 2156 jam
1339 2079 1785 2134 consumserat
1818 2091 2079 2135 omnem

325 2174 671 2254 Materiam
698 2173 876 2260 ficti3
913 2172 1241 2274 dilataque
1277 2192 1572 2276 tempora
1607 2176 1786 2249 taedae

326 2289 745 2376 Institeram
782 2317 1086 2388 unusque
1123 2289 1261 2362 dies
1294 2290 1585 2363 restabat
1622 2319 1636 2361 ε
1673 2307 1738 2361 at
1769 2287 1882 2368 illa

330 2403 658 2494 Crinalem
688 2403 887 2505 capiti
917 2405 1143 2477 vittam
1174 2420 1472 2505 nataeque
1507 2403 1769 2503 sibique

327 2578 484 2634 unius
502 2577 654 2648 Regii
680 2597 695 2632 ε
716 2578 872 2632 vellet
897 2578 1054 2631 etiam
1091 2580 1146 2631 in
1176 2579 1334 2647 prin-

324 2656 460 2727 cipio
498 2658 647 2709 Nunc
684 2660 844 2709 nodo.
890 2656 1038 2710 Olim
1083 2656 1335 2709 edebatur

323 2737 465 2791 110ae
481 2741 567 2789 est
579 2751 716 2799 ειυς
747 2734 831 2786 alii
859 2736 1005 2786 Nunc
1033 2753 1234 2802 quoque.
1255 2773 1268 2784 .
1289 2772 1302 2784 .
1321 2774 1332 2785 .

315 2814 444 2876 puts
462 2813 645 2881 ulla5
684 2809 896 2878 quidam
926 2816 1051 2863 ulla.
1088 2810 1336 2864 Heinsius

325 2884 453 2941 otim
471 2886 674 2959 legebat
688 2906 815 2954 pars
840 2892 983 2940 irrita
1007 2892 1149 2940 nulla
1167 2908 1182 2939 .-
1207 2906 1338 2957 pos-

327 2975 412 3025 tea
431 2963 578 3019 hunc
598 2984 808 3018 versum
831 2975 885 3017 et
907 2976 1213 3034 sequentem
1237 2965 1340 3019 toi-

329 3042 546 3098 lendmn
559 3044 961 3099 censebat—Re
967 3045 1034 3114 gii
1049 3048 1211 3098 nostri
1228 3043 1339 3097 Co·-

331 3122 630 3197 dices'Nqnc
647 3143 835 3192 quoque
849 3163 860 3174 .
879 3161 893 3174 .
910 3163 922 3174 .
944 3163 955 3175 .
968 3128 1110 3176 nulla
1128 3134 1341 3192 estpars

329 3202 663 3257 naue-Nunc
684 3222 901 3272 qnoque,
930 3222 1093 3271 quum
1110 3203 1198 3255 Dii
1222 3222 1340 3255 orn-

333 3279 420 3351 ⁸3³,
437 3277 738 3347 dederunt,
766 3299 881 3348 quae
905 3291 1120 3348 potuere
1139 3319 1154 3343 ‚
1182 3298 1340 3331 arno-

332 3364 450 3411 re'm
475 3367 762 3423 mutuum,
796 3375 1108 3410 consensum
1140 3374 1340 3425 paren-

334 3428 576 3488 tum'etc.
610 3453 715 3487 una
747 3453 864 3504 pars
897 3444 1140 3486 votorum
1181 3451 1342 3485 meo-

333 3508 452 3567 rum
465 3550 484 3578 ,
498 3513 666 3566 coitus
683 3507 787 3566 scii.
804 3513 974 3580 abest,
998 3522 1051 3565 et
1066 3513 1209 3565 irrita
1224 3511 1343 3564 facit

205 3596 208 3603 “
319 3586 529 3663 omnia.

398 3668 511 3743 755.
551 3671 677 3723 Vult
699 3675 816 3738 ipsa
831 3710 845 3731 ‚
879 3688 1107 3737 socerque
1122 3668 1345 3736 suturas.

334 3745 421 3801 Sic
441 3746 698 3802 meliores.
724 3746 884 3800 Multi
911 3751 997 3814 (et
1013 3748 1163 3815 Regii
1183 3747 1348 3799 nostri

337 3824 383 3875 A
411 3834 465 3877 et
488 3824 533 3876 B
555 3823 580 3893 )
602 3844 743 3878 socer
758 3867 770 3884 ‚
797 3835 851 3878 et
876 3827 984 3877 vul!
1008 3831 1116 3891 gese
1124 3825 1350 3891 futurus.

335 3901 588 3954 Heinsius
618 3904 763 3955 malit
786 3942 800 3966 ,
829 3906 964 3970 quod
981 3908 1203 3968 genitor,
1242 3905 1353 3954 vul!

335 3985 450 4049 ipsa
469 4000 701 4049 socerque
722 4002 989 4051 socrusque
1007 4002 1023 4033 .·
1045 3981 1194 4033 maie.

406 4059 518 4127 760.
535 4060 722 4113 Mediae
742 4067 969 4113 se’u'emus
991 4065 1044 4111 ιἰι
1067 4063 1230 4112 undis.
1257 4059 1354 4112 Al-

340 4134 475 4189 ludit
495 4137 557 4190 ad
582 4138 812 4190 fabulam
834 4137 1059 4191 Tantali.
1080 4139 1175 4189 Ed.

410 4215 520 4283 763.
551 4217 639 4269 Ab
659 4220 757 4269 his.
781 4219 905 4270 Post
934 4218 1042 4271 baec
1060 4257 1074 4282 ,
1106 4227 1163 4269 ut
1185 4217 1322 4271 VIII
1338 4256 1352 4282 ,

337 4294 371 4346 6
385 4315 402 4346 ι
419 4297 732 4348 1.—lem‘us.
749 4298 997 4352 Heinsius
1015 4309 1160 4367 putat
1177 4304 1355 4352 secius.

2345 2444 2445 2497 77⁰

1428 2582 1682 2632 —Altera
1707 2583 1844 2645 vfrgo,
1867 2596 1974 2630 non
2000 2577 2164 2645 piacet
2186 2578 2446 2632 Burman·
2468 2572 2473 2579 ²

1429 2676 1502 2708 no
1519 2696 1534 2721 ,
1561 2675 1723 2725 quum
1741 2668 1795 2709 et
1810 2655 1951 2725 lphis
1968 2657 2112 2725 virgo
2129 2666 2260 2708 esset
2277 2678 2290 2718 ;
2317 2677 2442 2727 proe-

1431 2734 1531 2786 sert
1575 2752 1604 2786 e
1653 2731 1847 2786 Codice
1900 2732 2222 2785 Bononiensi
2275 2739 2442 2788 inscia

1431 2817 1597 2879 virgo:
1612 2811 1701 2865 sed
1720 2812 1852 2864 bene
1867 2830 1920 2864 se
1941 2810 2096 2863 habet
2109 2814 2272 2863 altera
2286 2817 2442 2881 virgo.

1431 2889 1659 2959 —Regii
1681 2889 1844 2942 nostri
1868 2892 2030 2941 altem
2052 2894 2205 2956 virgo.

1501 2967 1611 3037 765.
1648 2971 1800 3034 Quod
1807 2971 1963 3034 petil..
1982 2966 2174 3035 Regius
2202 2967 2248 3019 Α
2276 2967 2409 3020 bene
2428 3007 2442 3033 ,

1433 3055 1494 3097 ut
1517 3055 1645 3114 puto
1664 3084 1678 3109 ‚
1702 3044 1858 3098 habet
1883 3048 2004 3110 Quae
2017 3050 2162 3110 petit.
2178 3074 2244 3084 -
2261 3046 2444 3097 Omina

1436 3142 1563 3189 saepe
1585 3133 1681 3174 etc.
1718 3122 2019 3174 Innumerae
2063 3141 2145 3173 res
2172 3121 2308 3190 apud
2345 3143 2445 3174 ve-

1435 3209 1571 3251 teres
1594 3209 1744 3251 erant
1760 3198 2039 3256 ominosae;
2065 3198 2249 3265 quibus
2268 3198 2448 3250 oblatis

1436 3285 1550 3328 tum
1568 3276 1665 3328 alia
1681 3276 1889 3344 negotia
1904 3313 1918 3338 ‚
1944 3284 2057 3341 tum
2074 3275 2231 3327 etiam
2248 3274 2443 3343 nuptiae

1438 3353 1829 3406 disserebantur.
1858 3353 1999 3405 Hinc
2025 3351 2150 3419 fingi
2177 3348 2445 3403 interdum

1438 3435 1672 3489 solebant
1710 3435 1900 3487 omina.
1933 3432 2069 3485 Vide
2098 3432 2411 3485 Terentium
2431 3472 2447 3499 ,

1441 3513 1655 3567 Phorm.
1678 3513 1776 3577 IV,
1804 3529 1881 3576 w,
1906 3514 1967 3575 24
1985 3529 2094 3578 sqq.
2120 3510 2293 3578 ibique
2321 3511 2445 3561 Lin-

1440 3592 1689 3660 denbrog.
1709 3620 1774 3631 —-
1793 3593 2011 3643 Causare'
2026 3591 2094 3642 ita
2129 3590 2284 3641 etiam
2311 3590 2446 3660 apud

1444 3672 1684 3739 Prope-rt.
1706 3670 1812 3735 IV,
1841 3685 1924 3732 Ν,
1952 3688 2005 3719 21
2031 3706 2045 3733 ,
2077 3668 2211 3733 Saepe
2233 3672 2328 3719 illa
2349 3674 2445 3719 im-

1442 3755 1615 3804 merito
1629 3756 1843 3801 causata
1857 3757 1935 3800 es!
1947 3752 2114 3799 omina
2131 3749 2295 3798 Luae.
2314 3745 2451 3799 Alibi

1444 3827 1681 3896 jungitur
1706 3826 1803 3878 hoe
1836 3826 2054 3877 verbum
2090 3841 2209 3875 cum
2247 3841 2364 3874 casu
2399 3832 2452 3872 et

1445 3923 1565 3958 cum
1582 3904 1855 3957 infinitivo.
1868 3902 2005 3954 Vide
2018 3900 2239 3953 Bentlei.
2255 3898 2318 3949 ad
2339 3898 2457 3949 Ho-

1445 3982 1672 4046 ratium,
1700 3983 1757 4048 Ι,
1785 3980 1891 4034 Od.
1915 3996 1933 4031 1
1951 4020 1965 4045 ,
1993 3991 2045 4032 et
2073 3979 2247 4048 Heyu.
2268 3975 2331 4027 ad
2358 3975 2454 4027 Ti-

1450 4061 1683 4127 bullum,
1711 4060 1771 4126 1,
1803 4075 1867 4111 111
1890 4098 1904 4124 ,
1938 4078 2009 4127 ¹7·

1519 4158 1628 4209 770.
1677 4142 1850 4207 Capiti
1865 4179 1876 4192 .
1897 4180 1908 4192 .
1934 4180 1973 4192 ..
1997 4147 2218 4205 namque
2253 4140 2456 4204 sibique.

1453 4218 1705 4272 Heinsius
1733 4219 1943 4285 jubebat
1967 4216 2114 4269 scribi
2139 4220 2321 4282 capitis
2339 4255 2350 4275 ‚
2380 4212 2458 4265 vel

1456 4308 1643 4351 contra
1668 4297 1823 4349 libros
1845 4307 2075 4361 veteres,
2100 4294 2195 4347 nisi
2223 4311 2318 4362 pro
2339 4295 2465 4343 sibi-
