3185 5138
635 513 764 599 284

1187 514 1266 580 P.
1330 514 1692 582 OVIDII
1743 512 2199 582 NASONIS

621 658 801 743 Aut,
838 681 990 730 mea
1022 654 1079 730 si
1108 672 1357 729 vestras
1391 654 1784 730 mulcebunt
1817 654 2107 730 carmina
2133 672 2428 743 mentes,

623 773 819 846 Desit
854 773 921 846 in
955 774 1079 847 bac
1116 773 1283 846 mihi
1317 791 1506 874 parte
1539 773 1745 859 fide33
1782 802 1903 847 nec
1936 772 2183 847 credite
2213 771 2458 847 factum
2488 801 2506 861 ;

627 888 791 977 Vel,
829 890 884 964 si
923 891 1237 979 credetis,
1275 890 1434 965 facti
1470 920 1738 993 qnoque
1771 890 2021 964 credite
2053 918 2338 992 poenam.

629 1007 703 1080 Si
739 1026 958 1082 tamen
988 1009 1350 1084 admissum
1387 1010 1549 1086 sinit
1578 1010 1711 1082 boc
1745 1012 2000 1083 Natura
2033 1007 2242 1081 videri
2265 1063 2286 1095 ‚

637 1123 973 1199 Gentibus
1005 1126 1336 1212 Ismariis,
1379 1144 1446 1201 et
1477 1144 1711 1199 nostro
1748 1124 2048 1221 gratulor
2079 1124 2271 1212 orbi3

2675 1140 2778 1194 305

635 1240 954 1316 Gratulor
980 1242 1137 1316 huic
1175 1259 1358 1316 terrae
1380 1299 1398 1330 ‚
1440 1244 1625 1343 quod
1660 1243 1850 1317 abest
1884 1241 2270 1339 regionibns
2294 1236 2463 1325 illis,

631 1358 803 1453 Quae
837 1376 1090 1432 tantum
1125 1388 1407 1454 genuere
1434 1360 1619 1435 nefas
1654 1390 1669 1432 :
1699 1360 1790 1433 sit
1821 1360 2004 1434 dives
2031 1386 2333 1443 amom03

630 1473 1084 1575 Cinnamaque
1108 1530 1127 1561 ‚
1165 1493 1556 1577 costumque
1590 1504 1775 1549 suam
1798 1531 1817 1562 ‚
1854 1473 2220 1574 sudataque
2254 1470 2443 1566 ligno

624 1592 808 1667 Tura
839 1592 1039 1680 ferat,
1079 1593 1412 1695 floresque
1446 1594 1615 1669 alios
1650 1592 1981 1668 Panchaia
2018 1588 2214 1664 tellus
2237 1644 2256 1677 ‚

633 1803 882 1846 areentur
909 1794 1063 1847 sacris
1082 1834 1097 1859 ‚
1124 1794 1216 1847 sed
1244 1794 1344 1849 hoc
1367 1796 1483 1849 loco
1503 1806 1656 1851 castae

636 1872 827 1926 anima
842 1872 1068 1925 filiarum
1092 1884 1248 1942 atque
1275 1884 1483 1943 patrum
1505 1894 1658 1928 asce-

632 1948 755 2003 leris
780 1942 1033 2020 horrendi
1068 1952 1352 2004 auditione.
1376 1980 1443 1992 —
1474 1956 1665 2005 Procul

631 2037 739 2082 este
752 2039 1003 2098 parentes.
1044 2031 1169 2083 Duo
1188 2072 1202 2098 ‚
1242 2036 1427 2100 procul
1442 2041 1548 2085 este
1568 2052 1661 2087 so-

633 2127 782 2162 moes.
803 2137 870 2150 —
903 2110 1053 2181 Regii
1091 2112 1256 2164 nostri
1281 2151 1295 2177 ,
1319 2119 1570 2177 parentes.
1592 2140 1660 2154 -

637 2187 835 2242 Versus
873 2189 962 2241 301
1010 2188 1157 2243 deest
1196 2191 1249 2243 in
1285 2189 1483 2244 Codice
1522 2192 1570 2243 A
1607 2199 1661 2243 et

637 2268 863 2335 margini
879 2269 943 2321 ab
958 2269 1053 2322 alia
1069 2271 1341 2323 manusuit
1357 2271 1661 2340 inscriptus:

640 2366 797 2416 quem
828 2348 1033 2401 Nasone
1058 2348 1280 2417 dignum
1306 2350 1545 2402 arbitror.
1563 2352 1662 2401 Ed.

637 2452 707 2465 —
735 2427 1040 2478 Mulcebemt.
1067 2428 1371 2479 Verborum
1402 2427 1661 2496 elegantia

639 2515 693 2556 et
720 2504 1003 2557 affectuum
1025 2506 1294 2559 notatione
1311 2546 1326 2571 ,
1343 2525 1446 2574 qua
1463 2508 1663 2558 mirum

640 2585 697 2637 in
724 2585 944 2638 modum
973 2605 1028 2639 se
1064 2586 1406 2640 commendat
1439 2586 1549 2640 hec
1572 2588 1663 2639 sa-

641 2662 795 2728 bula,
840 2665 1097 2717 tenebunt
1132 2675 1186 2718 et
1223 2663 1574 2718 delectabunt.
1598 2691 1667 2704 --

645 2744 750 2796 Nec
773 2747 972 2796 credite.
994 2742 1136 2796 Octo
1160 2747 1248 2808 (et
1265 2752 1444 2795 noster
1468 2741 1664 2809 Regius

643 2819 731 2890 Β)
757 2841 818 2874 ne
832 2824 1259 2874 credita—Facti.
1279 2819 1667 2886 Cantabr.sac-

617 2905 712 2988 rus
727 2916 743 2960 ‚·
766 2899 1012 2951 Heinsius
1024 2899 1248 2951 malebat
1250 2898 1666 2966 sacta—Ambo

646 2978 816 3031 nostri
842 2977 990 3045 Regii
1011 2975 1190 3042 ‚factal

571 3065 574 3068 ’
712 3055 828 3105 305.
870 3056 1130 3108 Gentibus.
1173 3055 1277 3108 Hic
1310 3074 1489 3108 versus
1520 3054 1668 3107 deest

645 3132 704 3186 in
731 3132 1041 3185 Florentino
1077 3133 1133 3185 S.
1167 3133 1370 3199 Marci,
1410 3134 1666 3202 probante

646 3212 978 3265 Burmanno.
994 3210 1178 3265 -sed
1197 3211 1387 3282 legitur
1405 3212 1457 3265 in
1479 3212 1670 3265 nostris

648 3290 841 3360 Regiis.
867 3317 933 3330 -
957 3292 1190 3343 Ismariis·
1208 3316 1230 3350 ‚·
1255 3289 1547 3343 Thracibus
1564 3329 1579 3353 ‚
1605 3290 1669 3342 ab

645 3372 858 3424 Ismaro.
872 3388 998 3422 mon
1006 3369 1317 3423 teThraciae.
1331 3370 1666 3435 Burmanno,

647 3449 738 3517 qui
755 3459 930 3519 putat,
945 3448 1052 3503 boc.
1069 3469 1130 3502 ex
1143 3469 1234 3503 sua
1249 3468 1471 3519 persona
1486 3448 1669 3503 dixisse

651 3527 908 3583 Ovidium
930 3567 944 3595 ,
968 3528 1166 3581 mirum
1191 3527 1399 3581 videtur
1415 3568 1429 3594 ,
1456 3528 1526 3581 ita
1550 3547 1672 3597 gra-

649 3605 803 3660 tulari
827 3617 1035 3677 poetam
1061 3607 1109 3660 Τ
1113 3607 1300 3661 hraciae
1327 3645 1341 3672 ,
1381 3606 1470 3660 ubi
1508 3605 1670 3658 modo

645 3707 778 3742 vers.
802 3688 866 3740 83
887 3727 901 3754 ,
930 3687 1180 3757 Orpbeus
1205 3687 1485 3754 docuerat,
1510 3705 1670 3740 amo-

650 3786 766 3821 rem
801 3767 853 3819 in
891 3777 1102 3822 teneros
1138 3768 1418 3820 transferre
1457 3785 1629 3819 mares
1653 3803 1669 3831 ,

650 3846 798 3915 quasi
833 3844 1136 3914 pederastia
1176 3845 1352 3898 minus
1385 3845 1550 3899 scelus
1573 3846 1671 3898 in-

650 3934 794 3977 cesto
816 3933 967 3976 esset.
1008 3923 1132 3976 Fuit
1157 3942 1283 3976 sane
1308 3924 1486 3977 minus
1505 3923 1671 3976 scelus

651 4020 713 4052 ex
736 4000 986 4071 opinione
1007 4000 1411 4071 pederastarum
1429 4040 1442 4067 ,
1470 4011 1526 4055 et
1547 4019 1669 4054 om·

646 4081 780 4134 nino
805 4080 1115 4135 Groecorum
1144 4103 1156 4143 ς
1192 4101 1286 4136 sua
1309 4082 1454 4136 enim
1481 4081 1670 4150 cuique

648 4157 843 4227 flagitia
875 4160 1019 4229 parvi
1054 4160 1317 4214 momenti
1353 4180 1460 4214 esse
1484 4159 1674 4213 viden-

650 4246 750 4290 tur.
769 4263 834 4278 -
856 4241 1040 4291 Nostro
1055 4242 1177 4300 orbi.
1199 4238 1333 4308 parti
1350 4238 1488 4291 orbis
1511 4248 1671 4291 terra-

647 4331 807 4383 rum,
850 4334 1011 4385 quam
1053 4333 1151 4372 nos
1190 4314 1484 4370 incolimus.
1524 4315 1670 4371 Male

1756 1796 1893 1851 Rod.
1911 1836 1927 1863 ,
1945 1815 2123 1849 unsrer
2144 1792 2781 1847 Han—Gralulaen'nunc

1754 1877 1960 1931 felicem
1975 1874 2255 1945 predicare
2270 1915 2286 1942 ,
2311 1884 2368 1925 ut
2386 1872 2497 1937 111,
2520 1872 2635 1924 Art.
2656 1872 2778 1924 Am.

1762 1973 1956 2005 121.—
1988 1956 2202 2006 Tantum
2242 1952 2392 2019 nefas
2423 1992 2436 2013 ,
2472 1961 2582 2002 tam
2616 1950 2779 2000 nesa-

1758 2032 1894 2083 riam
1919 2031 2216 2084 mulierem.
2243 2031 2329 2084 Ab
2350 2030 2525 2099 impiis
2549 2027 2783 2080 bomini-

1756 2108 1855 2161 bus
1869 2128 2028 2177 quam
2040 2108 2375 2162 remotissimi
2397 2126 2507 2160 esse
2528 2106 2781 2175 cupimus.

1822 2189 1937 2243 308.
1957 2193 2299 2258 Cinnanaque
2310 2198 2597 2255 costumque
2607 2201 2779 2247 suam:

1762 2265 1946 2320 Codex
1979 2268 2176 2337 Regius
2220 2269 2268 2320 A
2290 2306 2304 2330 ,
2358 2268 2700 2333 Genuamque
2732 2270 2786 2314 el

1759 2356 2049 2416 costumque
2056 2368 2217 2410 suam,
2230 2346 2418 2401 eodem
2425 2364 2606 2399 errore
2621 2361 2783 2412 quem

1759 2431 2057 2483 notavimus
2072 2429 2137 2482 ad
2153 2448 2365 2481 versum
2385 2428 2498 2480 262.
2522 2427 2717 2494 Regius
2734 2424 2780 2476 B

1758 2506 1890 2560 nihil
1919 2518 2105 2560 mutat.
2130 2510 2228 2560 Ed.
2252 2535 2319 2546 —
2345 2506 2478 2572 Alii,
2496 2514 2786 2574 costumque

1759 2586 2061 2640 suum.vide
2080 2586 2382 2640 Heinsium.
2400 2585 2484 2638 De
2504 2591 2646 2636 costo
2663 2583 2785 2636 vide

1760 2665 1916 2718 infra.
1948 2694 2017 2705 —
2051 2668 2317 2732 Homsque
2358 2668 2508 2716 alios.
2544 2662 2785 2731 Quidam

1744 2745 2001 2810 floresque
2017 2747 2202 2795 vanos.
2223 2742 2445 2807 Petitus,
2472 2740 2783 2795 Commeat.

1761 2820 1818 2872 in
1844 2820 1982 2889 leges
2009 2821 2117 2873 Act.
2152 2841 2200 2890 p.
2230 2822 2327 2887 248
2351 2861 2367 2886 ,
2405 2820 2619 2890 corrigit
2649 2821 2788 2871 Tura

1748 2898 1898 2966 serat
1913 2901 2180 2967 (floresque
2199 2900 2356 2964 alios)
2382 2901 2676 2951 Panchaica
2695 2899 2787 2948 tel-

1763 2981 1872 3038 lus,
1902 2979 2039 3030 Dum
2065 2987 2162 3032 etc.
2200 2976 2372 3031 Causa
2397 2974 2783 3030 emendationis

1764 3053 2073 3123 intelligitur
2093 3074 2122 3114 e
2144 3065 2266 3107 nota
2287 3064 2462 3107 nostra
2484 3050 2547 3104 ad
2568 3068 2783 3103 versum

1765 3133 1881 3201 478:
1892 3132 1982 3185 sed
1994 3132 2606 3197 incommode‚monente
2619 3128 2782 3181 etiam

1765 3213 2081 3266 Burmanno
2092 3253 2107 3280 ,
2128 3214 2269 3267 inter
2291 3223 2404 3264 tura
2418 3221 2472 3264 et
2484 3212 2786 3262 Panchae'ca

1765 3291 2183 3358 interjiceretur,
2193 3295 2445 3359 floresque
2457 3293 2607 3342 alios.
2630 3288 2785 3358 Regii

1767 3370 1932 3424 nostri
1960 3369 2184 3424 Codices
2210 3370 2366 3423 Petiti
2390 3368 2784 3436 distinctionem

1767 3469 1879 3504 non
1898 3451 2212 3505 admittunt:
2231 3462 2372 3505 recte
2388 3449 2640 3520 judicavit
2656 3449 2788 3502 Bur-

1768 3547 2011 3581 mannus.
2035 3532 2135 3582 Ed.
2155 3557 2223 3569 —
2236 3531 2317 3583 Sit
2326 3533 2466 3582 debes
2477 3547 2678 3581 amomo
2690 3536 2787 3579 etc.

1771 3607 1998 3661 Valeant
2010 3628 2135 3677 opes
2156 3608 2362 3662 Arabiae
2379 3647 2395 3677 ‚
2415 3627 2501 3662 eas
2516 3627 2626 3661 non
2643 3625 2789 3660 cura-

1768 3705 1887 3740 mus
1911 3707 2009 3740 nee
2032 3686 2331 3741 invidemus
2355 3697 2370 3754 3
2398 3707 2564 3756 quum
2592 3687 2676 3739 illa
2698 3705 2790 3738 re-

1770 3765 1855 3835 gio
1867 3766 2111 3819 arborem
2126 3767 2259 3820 serat
2275 3786 2303 3819 e
2324 3776 2432 3819 tam
2446 3766 2659 3819 scelesta
2677 3783 2790 3816 mu·

1767 3843 1895 3897 liere
1919 3854 2105 3897 ortam.
2123 3847 2561 3906 Ed.—Pancbaea‚
2585 3842 2792 3897 Arabiae

1769 3923 1929 3992 regio.
1955 3923 2169 3976 Vossius
2193 3922 2257 3975 ad
2283 3923 2471 3992 Virgil.
2487 3921 2682 3991 Georg.
2701 3920 2755 3973 11
2773 3958 2789 3984 ‚

1775 4003 1871 4074 ¹39
1885 4043 1901 4068 ,
1926 4002 2148 4054 insulam
2166 4011 2315 4071 putat
2332 4020 2441 4056 esse
2455 4019 2655 4054 sacram
2678 4000 2793 4052 Eu-

1769 4079 1972 4133 hemeri
1999 4091 2194 4150 poete,
2219 4098 2444 4148 eamque
2468 4078 2785 4142 fabulosam,

1767 4156 1823 4210 in
1844 4168 1988 4227 parte
2014 4158 2217 4211 Arabia
2239 4156 2478 4210 orientali
2495 4196 2510 4223 ,
2535 4174 2651 4225 qua
2662 4173 2787 4206 om-

1770 4235 1852 4288 nis
1869 4236 2074 4306 generis
2096 4246 2332 4288 aromata
2355 4235 2565 4288 mittere
2590 4231 2789 4286 credita

1770 4316 1852 4370 sit.
1879 4316 1964 4371 Cs.
1987 4316 2125 4370 iufra
2148 4315 2215 4370 ad
2242 4334 2455 4370 versum
2479 4313 2593 4382 476.
2628 4314 2790 4365 Debes
2848 4321 2853 4326 ·
