<?xml version="1.0" encoding="UTF-8"?>
<!DOCTYPE html PUBLIC "-//W3C//DTD XHTML 1.0 Transitional//EN"
    "http://www.w3.org/TR/xhtml1/DTD/xhtml1-transitional.dtd">
<html xmlns="http://www.w3.org/1999/xhtml" xml:lang="en" lang="en">
 <head>
  <title>
</title>
<meta http-equiv="Content-Type" content="text/html;charset=utf-8" />
  <meta name='ocr-system' content='tesseract 3.04.00' />
  <meta name='ocr-capabilities' content='ocr_page ocr_carea ocr_par ocr_line ocrx_word'/>
</head>
<body>
  <div class='ocr_page' id='page_1' title='image "./publiusovidiusn02giergoog_0239.png"; bbox 0 0 3185 5138; ppageno 0'>
   <div class='ocr_carea' id='block_1_1' title="bbox 635 528 2253 604">
    <p class='ocr_par' dir='ltr' id='par_1_1' title="bbox 635 528 2253 604">
     <span class='ocr_line' id='line_1_1' title="bbox 635 528 2253 604; baseline 0.003 -5"><span class='ocrx_word' id='word_1_1' title='bbox 635 529 1711 602; x_wconf 86' lang='lat' dir='ltr'>METAMORPHOSEON</span> <span class='ocrx_word' id='word_1_2' title='bbox 1762 535 1962 603; x_wconf 90' lang='lat' dir='ltr'>LIB.</span> <span class='ocrx_word' id='word_1_3' title='bbox 2011 538 2155 604; x_wconf 87' lang='lat' dir='ltr'>XI.</span> <span class='ocrx_word' id='word_1_4' title='bbox 2250 528 2253 531; x_wconf 49' lang='grc'>’</span> 
     </span>
    </p>
   </div>
   <div class='ocr_carea' id='block_1_2' title="bbox 2331 563 2457 632">
    <p class='ocr_par' dir='ltr' id='par_1_2' title="bbox 2331 563 2457 632">
     <span class='ocr_line' id='line_1_2' title="bbox 2331 563 2457 632; baseline -0.008 -28"><span class='ocrx_word' id='word_1_5' title='bbox 2331 563 2457 632; x_wconf 70' lang='grc'>227</span> 
     </span>
    </p>
   </div>
   <div class='ocr_carea' id='block_1_3' title="bbox 335 673 2469 2052">
    <p class='ocr_par' dir='ltr' id='par_1_3' title="bbox 335 673 1736 775">
     <span class='ocr_line' id='line_1_3' title="bbox 335 673 1736 775; baseline 0.001 -27"><span class='ocrx_word' id='word_1_6' title='bbox 335 673 476 748; x_wconf 88' lang='lat' dir='ltr'>Ceu</span> <span class='ocrx_word' id='word_1_7' title='bbox 511 674 835 747; x_wconf 89' lang='lat' dir='ltr'>matutina</span> <span class='ocrx_word' id='word_1_8' title='bbox 870 702 1096 748; x_wconf 85' lang='lat' dir='ltr'>cervus</span> <span class='ocrx_word' id='word_1_9' title='bbox 1131 675 1465 775; x_wconf 89' lang='lat' dir='ltr'>periturus</span> <span class='ocrx_word' id='word_1_10' title='bbox 1499 702 1693 749; x_wconf 89' lang='lat' dir='ltr'>arena</span> <span class='ocrx_word' id='word_1_11' title='bbox 1717 732 1736 763; x_wconf 92' lang='lat'>‚</span> 
     </span>
    </p>

    <p class='ocr_par' dir='ltr' id='par_1_4' title="bbox 335 788 2295 1007">
     <span class='ocr_line' id='line_1_4' title="bbox 335 788 2295 893; baseline 0.003 -31"><span class='ocrx_word' id='word_1_12' title='bbox 335 788 563 863; x_wconf 82' lang='lat' dir='ltr'>Praeda</span> <span class='ocrx_word' id='word_1_13' title='bbox 591 798 824 863; x_wconf 83' lang='lat' dir='ltr'>canum</span> <span class='ocrx_word' id='word_1_14' title='bbox 849 807 980 879; x_wconf 83' lang='lat' dir='ltr'>est3</span> <span class='ocrx_word' id='word_1_15' title='bbox 1015 809 1359 893; x_wconf 76' lang='lat' dir='ltr'>vatemque</span> <span class='ocrx_word' id='word_1_16' title='bbox 1386 793 1629 893; x_wconf 86' lang='lat' dir='ltr'>petunt</span> <span class='ocrx_word' id='word_1_17' title='bbox 1654 821 1669 878; x_wconf 83' lang='lat'>3</span> <span class='ocrx_word' id='word_1_18' title='bbox 1700 809 1766 864; x_wconf 94' lang='lat' dir='ltr'>et</span> <span class='ocrx_word' id='word_1_19' title='bbox 1794 790 2027 865; x_wconf 88' lang='lat' dir='ltr'>fronde</span> <span class='ocrx_word' id='word_1_20' title='bbox 2059 792 2295 867; x_wconf 89' lang='lat' dir='ltr'>virenti</span> 
     </span>
     <span class='ocr_line' id='line_1_5' title="bbox 337 905 2067 1007; baseline 0 -26"><span class='ocrx_word' id='word_1_21' title='bbox 337 905 718 1005; x_wconf 87' lang='lat' dir='ltr'>Conjiciunt</span> <span class='ocrx_word' id='word_1_22' title='bbox 751 907 1050 1007; x_wconf 84' lang='lat' dir='ltr'><strong>thyrsos,</strong></span> <span class='ocrx_word' id='word_1_23' title='bbox 1085 937 1223 981; x_wconf 88' lang='lat' dir='ltr'>non</span> <span class='ocrx_word' id='word_1_24' title='bbox 1256 908 1392 982; x_wconf 83' lang='lat' dir='ltr'>haec</span> <span class='ocrx_word' id='word_1_25' title='bbox 1426 910 1498 982; x_wconf 91' lang='lat' dir='ltr'>in</span> <span class='ocrx_word' id='word_1_26' title='bbox 1529 936 1801 982; x_wconf 90' lang='lat' dir='ltr'>munera</span> <span class='ocrx_word' id='word_1_27' title='bbox 1836 908 2067 983; x_wconf 86' lang='lat' dir='ltr'>factos.</span> 
     </span>
    </p>

    <p class='ocr_par' dir='ltr' id='par_1_5' title="bbox 341 1022 1906 1126">
     <span class='ocr_line' id='line_1_6' title="bbox 341 1022 1906 1126; baseline 0.002 -31"><span class='ocrx_word' id='word_1_28' title='bbox 341 1025 460 1097; x_wconf 85' lang='lat' dir='ltr'>Hae</span> <span class='ocrx_word' id='word_1_29' title='bbox 494 1022 756 1118; x_wconf 85' lang='lat' dir='ltr'><strong>glebas,</strong></span> <span class='ocrx_word' id='word_1_30' title='bbox 794 1022 920 1095; x_wconf 81' lang='lat' dir='ltr'>illae</span> <span class='ocrx_word' id='word_1_31' title='bbox 956 1022 1262 1124; x_wconf 87' lang='lat' dir='ltr'>dereptos</span> <span class='ocrx_word' id='word_1_32' title='bbox 1298 1026 1531 1098; x_wconf 90' lang='lat' dir='ltr'>arbore</span> <span class='ocrx_word' id='word_1_33' title='bbox 1562 1054 1777 1098; x_wconf 87' lang='lat' dir='ltr'>ramos</span> <span class='ocrx_word' id='word_1_34' title='bbox 1802 1082 1820 1113; x_wconf 93' lang='lat'>‚</span> <span class='ocrx_word' id='word_1_35' title='bbox 1899 1120 1906 1126; x_wconf 77' lang='lat'>.</span> 
     </span>
    </p>

    <p class='ocr_par' dir='ltr' id='par_1_6' title="bbox 339 1135 2466 1351">
     <span class='ocr_line' id='line_1_7' title="bbox 340 1135 2466 1238; baseline -0.001 -27"><span class='ocrx_word' id='word_1_36' title='bbox 340 1139 501 1212; x_wconf 89' lang='lat' dir='ltr'>Pars</span> <span class='ocrx_word' id='word_1_37' title='bbox 540 1154 851 1238; x_wconf 86' lang='lat' dir='ltr'>torquent</span> <span class='ocrx_word' id='word_1_38' title='bbox 878 1135 1093 1211; x_wconf 90' lang='lat' dir='ltr'>silices</span> <span class='ocrx_word' id='word_1_39' title='bbox 1121 1169 1136 1211; x_wconf 78' lang='lat' dir='ltr'><strong><em>z</em></strong></span> <span class='ocrx_word' id='word_1_40' title='bbox 1170 1168 1300 1212; x_wconf 91' lang='lat' dir='ltr'>neu</span> <span class='ocrx_word' id='word_1_41' title='bbox 1340 1138 1554 1214; x_wconf 88' lang='lat' dir='ltr'>desint</span> <span class='ocrx_word' id='word_1_42' title='bbox 1586 1138 1712 1214; x_wconf 91' lang='lat' dir='ltr'>tela</span> <span class='ocrx_word' id='word_1_43' title='bbox 1746 1138 1991 1227; x_wconf 89' lang='lat' dir='ltr'>furori,</span> <span class='ocrx_word' id='word_1_44' title='bbox 2401 1165 2466 1217; x_wconf 78' lang='lat'>30</span> 
     </span>
     <span class='ocr_line' id='line_1_8' title="bbox 339 1252 2086 1351; baseline 0.001 -25"><span class='ocrx_word' id='word_1_45' title='bbox 339 1254 539 1326; x_wconf 81' lang='lat' dir='ltr'>Forte</span> <span class='ocrx_word' id='word_1_46' title='bbox 574 1252 781 1324; x_wconf 85' lang='lat' dir='ltr'>boves</span> <span class='ocrx_word' id='word_1_47' title='bbox 810 1279 1041 1351; x_wconf 89' lang='lat' dir='ltr'>presso</span> <span class='ocrx_word' id='word_1_48' title='bbox 1079 1254 1483 1348; x_wconf 80' lang='lat' dir='ltr'>subigebant</span> <span class='ocrx_word' id='word_1_49' title='bbox 1514 1283 1774 1328; x_wconf 84' lang='lat' dir='ltr'>vomere</span> <span class='ocrx_word' id='word_1_50' title='bbox 1809 1273 2086 1343; x_wconf 81' lang='lat' dir='ltr'>terram3</span> 
     </span>
    </p>

    <p class='ocr_par' dir='ltr' id='par_1_7' title="bbox 339 1367 2194 1471">
     <span class='ocr_line' id='line_1_9' title="bbox 339 1367 2194 1471; baseline 0.001 -28"><span class='ocrx_word' id='word_1_51' title='bbox 339 1371 478 1443; x_wconf 84' lang='lat' dir='ltr'>Nec</span> <span class='ocrx_word' id='word_1_52' title='bbox 510 1367 745 1468; x_wconf 90' lang='lat' dir='ltr'>procul</span> <span class='ocrx_word' id='word_1_53' title='bbox 779 1368 935 1441; x_wconf 92' lang='lat' dir='ltr'>hinc</span> <span class='ocrx_word' id='word_1_54' title='bbox 956 1425 973 1455; x_wconf 89' lang='lat'><strong>‚</strong></span> <span class='ocrx_word' id='word_1_55' title='bbox 1012 1368 1223 1442; x_wconf 90' lang='lat' dir='ltr'>multo</span> <span class='ocrx_word' id='word_1_56' title='bbox 1255 1369 1541 1443; x_wconf 88' lang='lat' dir='ltr'>fructum</span> <span class='ocrx_word' id='word_1_57' title='bbox 1581 1371 1820 1444; x_wconf 91' lang='lat' dir='ltr'>sudore</span> <span class='ocrx_word' id='word_1_58' title='bbox 1854 1389 2194 1471; x_wconf 87' lang='lat' dir='ltr'>parantes,</span> 
     </span>
    </p>

    <p class='ocr_par' dir='ltr' id='par_1_8' title="bbox 343 1484 1724 1576">
     <span class='ocr_line' id='line_1_10' title="bbox 343 1484 1724 1576; baseline 0.001 -18"><span class='ocrx_word' id='word_1_59' title='bbox 343 1487 526 1558; x_wconf 89' lang='lat' dir='ltr'>Dura</span> <span class='ocrx_word' id='word_1_60' title='bbox 562 1484 863 1557; x_wconf 84' lang='lat' dir='ltr'>lacertosi</span> <span class='ocrx_word' id='word_1_61' title='bbox 897 1484 1242 1558; x_wconf 83' lang='lat' dir='ltr'>fodiebant</span> <span class='ocrx_word' id='word_1_62' title='bbox 1274 1515 1423 1560; x_wconf 85' lang='lat' dir='ltr'>arva</span> <span class='ocrx_word' id='word_1_63' title='bbox 1458 1487 1680 1560; x_wconf 90' lang='lat' dir='ltr'>coloni</span> <span class='ocrx_word' id='word_1_64' title='bbox 1708 1518 1724 1576; x_wconf 93' lang='lat'>;</span> 
     </span>
    </p>

    <p class='ocr_par' dir='ltr' id='par_1_9' title="bbox 342 1600 2100 1703">
     <span class='ocr_line' id='line_1_11' title="bbox 342 1600 2100 1703; baseline -0.001 -27"><span class='ocrx_word' id='word_1_65' title='bbox 342 1600 626 1697; x_wconf 84' lang='lat' dir='ltr'>Agmine</span> <span class='ocrx_word' id='word_1_66' title='bbox 669 1601 783 1700; x_wconf 91' lang='lat' dir='ltr'>qui</span> <span class='ocrx_word' id='word_1_67' title='bbox 814 1601 957 1673; x_wconf 85' lang='lat' dir='ltr'>viso</span> <span class='ocrx_word' id='word_1_68' title='bbox 991 1600 1291 1696; x_wconf 89' lang='lat' dir='ltr'>fugiunt,</span> <span class='ocrx_word' id='word_1_69' title='bbox 1329 1602 1679 1703; x_wconf 79' lang='lat' dir='ltr'>operisque</span> <span class='ocrx_word' id='word_1_70' title='bbox 1713 1601 2100 1703; x_wconf 91' lang='lat' dir='ltr'>relinquunt</span> 
     </span>
    </p>

    <p class='ocr_par' dir='ltr' id='par_1_10' title="bbox 340 1717 2469 1936">
     <span class='ocr_line' id='line_1_12' title="bbox 340 1717 2469 1819; baseline 0 -28"><span class='ocrx_word' id='word_1_71' title='bbox 340 1719 545 1791; x_wconf 86' lang='lat' dir='ltr'>Arma</span> <span class='ocrx_word' id='word_1_72' title='bbox 579 1717 723 1804; x_wconf 83' lang='lat' dir='ltr'>sui3</span> <span class='ocrx_word' id='word_1_73' title='bbox 766 1745 1141 1817; x_wconf 83' lang='lat' dir='ltr'>vacuosque</span> <span class='ocrx_word' id='word_1_74' title='bbox 1171 1718 1388 1816; x_wconf 90' lang='lat' dir='ltr'>jacent</span> <span class='ocrx_word' id='word_1_75' title='bbox 1421 1717 1715 1818; x_wconf 91' lang='lat' dir='ltr'>dispersa</span> <span class='ocrx_word' id='word_1_76' title='bbox 1746 1747 1866 1819; x_wconf 90' lang='lat' dir='ltr'>per</span> <span class='ocrx_word' id='word_1_77' title='bbox 1895 1747 2092 1813; x_wconf 85' lang='lat' dir='ltr'>agros</span> <span class='ocrx_word' id='word_1_78' title='bbox 2130 1758 2133 1761; x_wconf 44' lang='grc'>“</span> <span class='ocrx_word' id='word_1_79' title='bbox 2404 1742 2469 1795; x_wconf 83' lang='lat'>35</span> 
     </span>
     <span class='ocr_line' id='line_1_13' title="bbox 344 1833 2105 1936; baseline -0.001 -27"><span class='ocrx_word' id='word_1_80' title='bbox 344 1833 779 1935; x_wconf 76' lang='lat' dir='ltr'>sarculaque,</span> <span class='ocrx_word' id='word_1_81' title='bbox 815 1835 1137 1936; x_wconf 88' lang='lat' dir='ltr'>rastrique</span> <span class='ocrx_word' id='word_1_82' title='bbox 1171 1864 1397 1931; x_wconf 83' lang='lat' dir='ltr'>graves</span> <span class='ocrx_word' id='word_1_83' title='bbox 1420 1891 1438 1921; x_wconf 89' lang='lat'>‚</span> <span class='ocrx_word' id='word_1_84' title='bbox 1477 1833 1791 1935; x_wconf 89' lang='lat' dir='ltr'>longique</span> <span class='ocrx_word' id='word_1_85' title='bbox 1828 1834 2105 1930; x_wconf 77' lang='lat' dir='ltr'>ligones,</span> 
     </span>
    </p>

    <p class='ocr_par' dir='ltr' id='par_1_11' title="bbox 345 1951 2073 2052">
     <span class='ocr_line' id='line_1_14' title="bbox 345 1951 2073 2052; baseline -0.001 -28"><span class='ocrx_word' id='word_1_86' title='bbox 345 1952 516 2050; x_wconf 82' lang='lat' dir='ltr'>Quae</span> <span class='ocrx_word' id='word_1_87' title='bbox 541 1970 896 2052; x_wconf 87' lang='lat' dir='ltr'>postquam</span> <span class='ocrx_word' id='word_1_88' title='bbox 933 1978 1204 2052; x_wconf 91' lang='lat' dir='ltr'>rapuere</span> <span class='ocrx_word' id='word_1_89' title='bbox 1236 1953 1421 2040; x_wconf 85' lang='lat' dir='ltr'>ferae‚</span> <span class='ocrx_word' id='word_1_90' title='bbox 1461 1980 1800 2052; x_wconf 90' lang='lat' dir='ltr'>cornuque</span> <span class='ocrx_word' id='word_1_91' title='bbox 1836 1951 2073 2025; x_wconf 89' lang='lat' dir='ltr'>minaci</span> 
     </span>
    </p>
   </div>
   <div class='ocr_carea' id='block_1_4' title="bbox 346 2121 1360 2192">
    <p class='ocr_par' dir='ltr' id='par_1_12' title="bbox 346 2121 1360 2192">
     <span class='ocr_line' id='line_1_15' title="bbox 346 2121 1360 2192; baseline 0 -16"><span class='ocrx_word' id='word_1_92' title='bbox 346 2123 620 2177; x_wconf 83' lang='lat' dir='ltr'>meridiem</span> <span class='ocrx_word' id='word_1_93' title='bbox 637 2133 811 2176; x_wconf 88' lang='lat' dir='ltr'>autem</span> <span class='ocrx_word' id='word_1_94' title='bbox 825 2121 932 2175; x_wconf 88' lang='lat' dir='ltr'>ludi</span> <span class='ocrx_word' id='word_1_95' title='bbox 946 2122 1230 2192; x_wconf 85' lang='lat' dir='ltr'>gladiatorii</span> <span class='ocrx_word' id='word_1_96' title='bbox 1243 2123 1360 2176; x_wconf 86' lang='lat' dir='ltr'>ede·</span> 
     </span>
    </p>
   </div>
   <div class='ocr_carea' id='block_1_5' title="bbox 1455 2124 2475 2191">
    <p class='ocr_par' dir='ltr' id='par_1_13' title="bbox 1455 2124 2475 2191">
     <span class='ocr_line' id='line_1_16' title="bbox 1455 2124 2475 2191; baseline -0.001 -16"><span class='ocrx_word' id='word_1_97' title='bbox 1455 2125 1637 2190; x_wconf 84' lang='lat' dir='ltr'>Dura,·</span> <span class='ocrx_word' id='word_1_98' title='bbox 1666 2124 1918 2177; x_wconf 82' lang='lat' dir='ltr'>Horatius</span> <span class='ocrx_word' id='word_1_99' title='bbox 1934 2164 1948 2189; x_wconf 90' lang='lat'>‚</span> <span class='ocrx_word' id='word_1_100' title='bbox 1980 2125 2002 2178; x_wconf 93' lang='lat'>1</span> <span class='ocrx_word' id='word_1_101' title='bbox 2027 2164 2041 2189; x_wconf 90' lang='lat'>‚</span> <span class='ocrx_word' id='word_1_102' title='bbox 2076 2124 2181 2178; x_wconf 86' lang='lat' dir='ltr'>Sat.</span> <span class='ocrx_word' id='word_1_103' title='bbox 2202 2140 2221 2176; x_wconf 88' lang='lat'>1</span> <span class='ocrx_word' id='word_1_104' title='bbox 2242 2163 2256 2190; x_wconf 86' lang='lat'>,</span> <span class='ocrx_word' id='word_1_105' title='bbox 2275 2143 2475 2191; x_wconf 67' lang='lat' dir='ltr'>gravem</span> 
     </span>
    </p>
   </div>
   <div class='ocr_carea' id='block_1_6' title="bbox 345 2201 2478 2270">
    <p class='ocr_par' dir='ltr' id='par_1_14' title="bbox 345 2201 2478 2270">
     <span class='ocr_line' id='line_1_17' title="bbox 345 2201 2478 2270; baseline 0.001 -17"><span class='ocrx_word' id='word_1_106' title='bbox 345 2203 900 2261; x_wconf 71' lang='lat' dir='ltr'>hantun—-Matutt&#39;na,</span> <span class='ocrx_word' id='word_1_107' title='bbox 935 2201 1054 2270; x_wconf 88' lang='lat' dir='ltr'>quia</span> <span class='ocrx_word' id='word_1_108' title='bbox 1073 2202 1178 2269; x_wconf 87' lang='lat' dir='ltr'>ipse</span> <span class='ocrx_word' id='word_1_109' title='bbox 1201 2220 1359 2253; x_wconf 82' lang='lat' dir='ltr'>mane</span> <span class='ocrx_word' id='word_1_110' title='bbox 1451 2214 1647 2254; x_wconf 86' lang='lat' dir='ltr'>terram.</span> <span class='ocrx_word' id='word_1_111' title='bbox 1667 2229 1734 2240; x_wconf 92' lang='lat'>—</span> <span class='ocrx_word' id='word_1_112' title='bbox 1762 2204 2220 2270; x_wconf 81' lang='lat' dir='ltr'>Lacertosiaptum</span> <span class='ocrx_word' id='word_1_113' title='bbox 2245 2202 2478 2270; x_wconf 81' lang='lat' dir='ltr'>agricolis</span> 
     </span>
    </p>
   </div>
   <div class='ocr_carea' id='block_1_7' title="bbox 343 2277 1376 3915">
    <p class='ocr_par' dir='ltr' id='par_1_15' title="bbox 343 2277 1370 3588">
     <span class='ocr_line' id='line_1_18' title="bbox 347 2277 1360 2349; baseline -0.001 -18"><span class='ocrx_word' id='word_1_114' title='bbox 347 2280 671 2349; x_wconf 84' lang='lat' dir='ltr'>perit.—Ceu</span> <span class='ocrx_word' id='word_1_115' title='bbox 688 2298 715 2331; x_wconf 91' lang='lat' dir='ltr'>e</span> <span class='ocrx_word' id='word_1_116' title='bbox 734 2279 906 2348; x_wconf 85' lang='lat' dir='ltr'>primo</span> <span class='ocrx_word' id='word_1_117' title='bbox 919 2278 1175 2331; x_wconf 85' lang='lat' dir='ltr'>Vaticano</span> <span class='ocrx_word' id='word_1_118' title='bbox 1192 2290 1243 2331; x_wconf 86' lang='lat' dir='ltr'>et</span> <span class='ocrx_word' id='word_1_119' title='bbox 1263 2277 1360 2330; x_wconf 90' lang='lat' dir='ltr'>Ca·</span> 
     </span>
     <span class='ocr_line' id='line_1_19' title="bbox 347 2353 1360 2423; baseline -0.001 -16"><span class='ocrx_word' id='word_1_120' title='bbox 347 2354 542 2408; x_wconf 83' lang='lat' dir='ltr'>landrae</span> <span class='ocrx_word' id='word_1_121' title='bbox 555 2355 817 2423; x_wconf 84' lang='lat' dir='ltr'>Excerptis</span> <span class='ocrx_word' id='word_1_122' title='bbox 830 2353 974 2407; x_wconf 83' lang='lat' dir='ltr'>dedit</span> <span class='ocrx_word' id='word_1_123' title='bbox 986 2354 1234 2407; x_wconf 84' lang='lat' dir='ltr'>Heinsius</span> <span class='ocrx_word' id='word_1_124' title='bbox 1246 2375 1256 2406; x_wconf 94' lang='lat'>:</span> <span class='ocrx_word' id='word_1_125' title='bbox 1269 2372 1360 2408; x_wconf 79' lang='lat' dir='ltr'>cae-</span> 
     </span>
     <span class='ocr_line' id='line_1_20' title="bbox 347 2430 1362 2486; baseline -0.003 -1"><span class='ocrx_word' id='word_1_126' title='bbox 347 2433 444 2486; x_wconf 81' lang='lat' dir='ltr'>teri</span> <span class='ocrx_word' id='word_1_127' title='bbox 466 2446 521 2486; x_wconf 83' lang='lat' dir='ltr'>ut</span> <span class='ocrx_word' id='word_1_128' title='bbox 542 2444 632 2486; x_wconf 87' lang='lat' dir='ltr'>aut</span> <span class='ocrx_word' id='word_1_129' title='bbox 656 2453 781 2485; x_wconf 87' lang='lat' dir='ltr'>cum.</span> <span class='ocrx_word' id='word_1_130' title='bbox 811 2461 877 2472; x_wconf 94' lang='lat'>—-</span> <span class='ocrx_word' id='word_1_131' title='bbox 908 2435 1176 2486; x_wconf 80' lang='lat' dir='ltr'>Petiturus.</span> <span class='ocrx_word' id='word_1_132' title='bbox 1210 2433 1246 2484; x_wconf 90' lang='lat' dir='ltr'>J</span> <span class='ocrx_word' id='word_1_133' title='bbox 1251 2430 1362 2483; x_wconf 85' lang='lat' dir='ltr'>unii</span> 
     </span>
     <span class='ocr_line' id='line_1_21' title="bbox 351 2510 1362 2582; baseline 0 -18"><span class='ocrx_word' id='word_1_134' title='bbox 351 2510 532 2582; x_wconf 82' lang='lat' dir='ltr'>Codex</span> <span class='ocrx_word' id='word_1_135' title='bbox 555 2517 822 2581; x_wconf 79' lang='lat' dir='ltr'>deprensus</span> <span class='ocrx_word' id='word_1_136' title='bbox 849 2532 1018 2565; x_wconf 83' lang='lat' dir='ltr'>arena.</span> <span class='ocrx_word' id='word_1_137' title='bbox 1058 2513 1185 2564; x_wconf 82' lang='lat' dir='ltr'>Post</span> <span class='ocrx_word' id='word_1_138' title='bbox 1218 2510 1362 2564; x_wconf 85' lang='lat' dir='ltr'>bunc</span> 
     </span>
     <span class='ocr_line' id='line_1_22' title="bbox 346 2591 1361 2660; baseline -0.001 -15"><span class='ocrx_word' id='word_1_139' title='bbox 346 2592 401 2645; x_wconf 90' lang='lat' dir='ltr'>in</span> <span class='ocrx_word' id='word_1_140' title='bbox 445 2593 680 2660; x_wconf 74' lang='lat' dir='ltr'>margine</span> <span class='ocrx_word' id='word_1_141' title='bbox 722 2591 856 2644; x_wconf 89' lang='lat' dir='ltr'>Cod.</span> <span class='ocrx_word' id='word_1_142' title='bbox 893 2591 1038 2644; x_wconf 89' lang='lat' dir='ltr'>Leid.</span> <span class='ocrx_word' id='word_1_143' title='bbox 1077 2591 1361 2660; x_wconf 82' lang='lat' dir='ltr'>adscriptus</span> 
     </span>
     <span class='ocr_line' id='line_1_23' title="bbox 346 2671 1367 2737; baseline -0.001 -15"><span class='ocrx_word' id='word_1_144' title='bbox 346 2684 460 2724; x_wconf 86' lang='lat' dir='ltr'>erat</span> <span class='ocrx_word' id='word_1_145' title='bbox 481 2671 564 2724; x_wconf 85' lang='lat' dir='ltr'>bic</span> <span class='ocrx_word' id='word_1_146' title='bbox 589 2691 766 2724; x_wconf 80' lang='lat' dir='ltr'>versus</span> <span class='ocrx_word' id='word_1_147' title='bbox 790 2711 804 2737; x_wconf 92' lang='lat'><em>,</em></span> <span class='ocrx_word' id='word_1_148' title='bbox 847 2674 970 2723; x_wconf 87' lang='lat' dir='ltr'>Jam</span> <span class='ocrx_word' id='word_1_149' title='bbox 996 2688 1160 2724; x_wconf 86' lang='lat' dir='ltr'>morsu</span> <span class='ocrx_word' id='word_1_150' title='bbox 1176 2675 1367 2736; x_wconf 75' lang='lat' dir='ltr'>petitur</span> 
     </span>
     <span class='ocr_line' id='line_1_24' title="bbox 346 2757 1363 2818; baseline -0.001 -18"><span class='ocrx_word' id='word_1_151' title='bbox 346 2768 514 2801; x_wconf 86' lang='lat' dir='ltr'>cecum</span> <span class='ocrx_word' id='word_1_152' title='bbox 531 2757 732 2818; x_wconf 83' lang='lat' dir='ltr'>totaque</span> <span class='ocrx_word' id='word_1_153' title='bbox 733 2762 1051 2815; x_wconf 77' lang='lat' dir='ltr'>prementum,</span> <span class='ocrx_word' id='word_1_154' title='bbox 1074 2767 1232 2818; x_wconf 87' lang='lat' dir='ltr'>quem</span> <span class='ocrx_word' id='word_1_155' title='bbox 1248 2766 1363 2800; x_wconf 91' lang='lat' dir='ltr'>cor-</span> 
     </span>
     <span class='ocr_line' id='line_1_25' title="bbox 347 2823 1361 2895; baseline -0.002 -17"><span class='ocrx_word' id='word_1_156' title='bbox 347 2823 563 2895; x_wconf 82' lang='lat' dir='ltr'>ruptum</span> <span class='ocrx_word' id='word_1_157' title='bbox 580 2837 631 2879; x_wconf 88' lang='lat' dir='ltr'>et</span> <span class='ocrx_word' id='word_1_158' title='bbox 645 2826 881 2895; x_wconf 80' lang='lat' dir='ltr'>spurium</span> <span class='ocrx_word' id='word_1_159' title='bbox 900 2825 1361 2893; x_wconf 82' lang='lat' dir='ltr'>judicatBurman·</span> 
     </span>
     <span class='ocr_line' id='line_1_26' title="bbox 347 2906 1362 2973; baseline -0.003 -14"><span class='ocrx_word' id='word_1_160' title='bbox 347 2926 471 2969; x_wconf 82' lang='lat' dir='ltr'>nus;</span> <span class='ocrx_word' id='word_1_161' title='bbox 494 2907 744 2960; x_wconf 86' lang='lat' dir='ltr'>Heinsius</span> <span class='ocrx_word' id='word_1_162' title='bbox 762 2917 936 2959; x_wconf 89' lang='lat' dir='ltr'>tamen</span> <span class='ocrx_word' id='word_1_163' title='bbox 956 2906 1362 2973; x_wconf 73' lang='lat' dir='ltr'>conjicitct&#39;rcurri</span> 
     </span>
     <span class='ocr_line' id='line_1_27' title="bbox 343 2981 1365 3053; baseline -0.001 -17"><span class='ocrx_word' id='word_1_164' title='bbox 343 2988 580 3052; x_wconf 82' lang='lat' dir='ltr'>turbaque</span> <span class='ocrx_word' id='word_1_165' title='bbox 596 2992 921 3050; x_wconf 80' lang='lat' dir='ltr'>prementum.</span> <span class='ocrx_word' id='word_1_166' title='bbox 936 3011 1002 3022; x_wconf 95' lang='lat'>—</span> <span class='ocrx_word' id='word_1_167' title='bbox 1025 2983 1173 3053; x_wconf 84' lang='lat' dir='ltr'>Regii</span> <span class='ocrx_word' id='word_1_168' title='bbox 1197 2981 1365 3035; x_wconf 86' lang='lat' dir='ltr'>nostri</span> 
     </span>
     <span class='ocr_line' id='line_1_28' title="bbox 356 3061 1364 3131; baseline -0.003 -15"><span class='ocrx_word' id='word_1_169' title='bbox 356 3066 454 3116; x_wconf 81' lang='lat' dir='ltr'>Vel</span> <span class='ocrx_word' id='word_1_170' title='bbox 467 3069 715 3117; x_wconf 75' lang='lat' dir='ltr'>matutina</span> <span class='ocrx_word' id='word_1_171' title='bbox 743 3103 770 3114; x_wconf 89' lang='lat'>..</span> <span class='ocrx_word' id='word_1_172' title='bbox 793 3101 805 3114; x_wconf 90' lang='lat'>.</span> <span class='ocrx_word' id='word_1_173' title='bbox 821 3063 1070 3131; x_wconf 60' lang='lat' dir='ltr'>periturus·</span> <span class='ocrx_word' id='word_1_174' title='bbox 1093 3083 1108 3113; x_wconf 91' lang='lat'><em>:</em></span> <span class='ocrx_word' id='word_1_175' title='bbox 1133 3081 1242 3114; x_wconf 86' lang='lat' dir='ltr'>uon</span> <span class='ocrx_word' id='word_1_176' title='bbox 1268 3061 1364 3114; x_wconf 76' lang='lat' dir='ltr'>ha-&#39;</span> 
     </span>
     <span class='ocr_line' id='line_1_29' title="bbox 349 3138 1367 3195; baseline -0.002 -2"><span class='ocrx_word' id='word_1_177' title='bbox 349 3140 475 3195; x_wconf 83' lang='lat' dir='ltr'>bent</span> <span class='ocrx_word' id='word_1_178' title='bbox 499 3161 708 3194; x_wconf 77' lang='lat' dir='ltr'>versum</span> <span class='ocrx_word' id='word_1_179' title='bbox 745 3139 958 3193; x_wconf 83' lang='lat' dir='ltr'>Codicis</span> <span class='ocrx_word' id='word_1_180' title='bbox 979 3138 1261 3193; x_wconf 84' lang='lat' dir='ltr'>Leidensis.</span> <span class='ocrx_word' id='word_1_181' title='bbox 1301 3167 1367 3178; x_wconf 94' lang='lat'>—</span> 
     </span>
     <span class='ocr_line' id='line_1_30' title="bbox 361 3216 1366 3289; baseline -0.002 -17"><span class='ocrx_word' id='word_1_182' title='bbox 361 3221 561 3273; x_wconf 74' lang='lat' dir='ltr'>Virenu&#39;.</span> <span class='ocrx_word' id='word_1_183' title='bbox 589 3219 762 3288; x_wconf 81' lang='lat' dir='ltr'>Vulgo</span> <span class='ocrx_word' id='word_1_184' title='bbox 781 3219 858 3288; x_wconf 90' lang='lat' dir='ltr'>(et</span> <span class='ocrx_word' id='word_1_185' title='bbox 881 3219 935 3270; x_wconf 86' lang='lat' dir='ltr'>in</span> <span class='ocrx_word' id='word_1_186' title='bbox 955 3219 1145 3272; x_wconf 88' lang='lat' dir='ltr'>nostris</span> <span class='ocrx_word' id='word_1_187' title='bbox 1165 3216 1366 3289; x_wconf 87' lang='lat' dir='ltr'>Regiis)</span> 
     </span>
     <span class='ocr_line' id='line_1_31' title="bbox 354 3298 1367 3357; baseline 0.002 -9"><span class='ocrx_word' id='word_1_188' title='bbox 354 3302 582 3349; x_wconf 76' lang='lat' dir='ltr'>virentes.</span> <span class='ocrx_word' id='word_1_189' title='bbox 606 3326 672 3337; x_wconf 94' lang='lat'>—</span> <span class='ocrx_word' id='word_1_190' title='bbox 687 3299 808 3350; x_wconf 85' lang='lat' dir='ltr'>Hoec</span> <span class='ocrx_word' id='word_1_191' title='bbox 824 3303 877 3348; x_wconf 77' lang='lat' dir='ltr'>in</span> <span class='ocrx_word' id='word_1_192' title='bbox 897 3317 1100 3349; x_wconf 77' lang='lat' dir='ltr'>munera</span> <span class='ocrx_word' id='word_1_193' title='bbox 1112 3338 1124 3357; x_wconf 92' lang='lat'><strong>‚</strong></span> <span class='ocrx_word' id='word_1_194' title='bbox 1147 3298 1287 3351; x_wconf 85' lang='lat' dir='ltr'>huuc</span> <span class='ocrx_word' id='word_1_195' title='bbox 1311 3298 1367 3350; x_wconf 85' lang='lat' dir='ltr'>in</span> 
     </span>
     <span class='ocr_line' id='line_1_32' title="bbox 353 3374 1369 3443; baseline 0.001 -17"><span class='ocrx_word' id='word_1_196' title='bbox 353 3393 535 3439; x_wconf 82' lang='lat' dir='ltr'>usum,</span> <span class='ocrx_word' id='word_1_197' title='bbox 573 3374 707 3428; x_wconf 87' lang='lat' dir='ltr'>forte</span> <span class='ocrx_word' id='word_1_198' title='bbox 743 3374 864 3443; x_wconf 89' lang='lat' dir='ltr'>quia</span> <span class='ocrx_word' id='word_1_199' title='bbox 895 3393 1097 3427; x_wconf 85' lang='lat' dir='ltr'>munera</span> <span class='ocrx_word' id='word_1_200' title='bbox 1121 3375 1369 3429; x_wconf 86' lang='lat' dir='ltr'>dicuntur</span> 
     </span>
     <span class='ocr_line' id='line_1_33' title="bbox 353 3454 1370 3524; baseline -0.001 -16"><span class='ocrx_word' id='word_1_201' title='bbox 353 3454 517 3508; x_wconf 81' lang='lat' dir='ltr'>officia</span> <span class='ocrx_word' id='word_1_202' title='bbox 531 3468 672 3508; x_wconf 79' lang='lat' dir='ltr'>extre</span> <span class='ocrx_word' id='word_1_203' title='bbox 680 3474 782 3521; x_wconf 83' lang='lat' dir='ltr'>ma,</span> <span class='ocrx_word' id='word_1_204' title='bbox 797 3474 912 3524; x_wconf 80' lang='lat' dir='ltr'>quae</span> <span class='ocrx_word' id='word_1_205' title='bbox 930 3466 1240 3524; x_wconf 70' lang='lat' dir='ltr'>praestantur</span> <span class='ocrx_word' id='word_1_206' title='bbox 1255 3475 1370 3508; x_wconf 91' lang='lat' dir='ltr'>mo-</span> 
     </span>
     <span class='ocr_line' id='line_1_34' title="bbox 358 3533 988 3588; baseline -0.003 -2"><span class='ocrx_word' id='word_1_207' title='bbox 358 3534 612 3588; x_wconf 85' lang='lat' dir='ltr'>rientibus</span> <span class='ocrx_word' id='word_1_208' title='bbox 637 3543 726 3586; x_wconf 89' lang='lat' dir='ltr'>aut</span> <span class='ocrx_word' id='word_1_209' title='bbox 751 3533 988 3586; x_wconf 85' lang='lat' dir='ltr'>mortuis.</span> 
     </span>
    </p>

    <p class='ocr_par' dir='ltr' id='par_1_16' title="bbox 352 3614 1376 3915">
     <span class='ocr_line' id='line_1_35' title="bbox 420 3614 1374 3687; baseline -0.003 -20"><span class='ocrx_word' id='word_1_210' title='bbox 420 3636 497 3687; x_wconf 81' lang='lat'>²9·</span> <span class='ocrx_word' id='word_1_211' title='bbox 534 3618 792 3682; x_wconf 82' lang='lat' dir='ltr'>Dereptos.</span> <span class='ocrx_word' id='word_1_212' title='bbox 826 3614 1022 3684; x_wconf 86' lang='lat' dir='ltr'>Regius</span> <span class='ocrx_word' id='word_1_213' title='bbox 1048 3623 1265 3681; x_wconf 87' lang='lat' dir='ltr'>uterque</span> <span class='ocrx_word' id='word_1_214' title='bbox 1290 3615 1374 3665; x_wconf 79' lang='lat' dir='ltr'>de·-</span> 
     </span>
     <span class='ocr_line' id='line_1_36' title="bbox 352 3690 1376 3763; baseline -0.002 -19"><span class='ocrx_word' id='word_1_215' title='bbox 352 3701 514 3758; x_wconf 80' lang='lat' dir='ltr'>reptos</span> <span class='ocrx_word' id='word_1_216' title='bbox 530 3735 541 3755; x_wconf 93' lang='lat'>,</span> <span class='ocrx_word' id='word_1_217' title='bbox 572 3704 628 3746; x_wconf 89' lang='lat' dir='ltr'>ut</span> <span class='ocrx_word' id='word_1_218' title='bbox 656 3694 705 3745; x_wconf 90' lang='lat' dir='ltr'><strong>X</strong></span> <span class='ocrx_word' id='word_1_219' title='bbox 729 3732 744 3757; x_wconf 85' lang='lat'>‚</span> <span class='ocrx_word' id='word_1_220' title='bbox 774 3695 868 3763; x_wconf 76' lang='lat'>475</span> <span class='ocrx_word' id='word_1_221' title='bbox 888 3733 902 3757; x_wconf 90' lang='lat'>‚</span> <span class='ocrx_word' id='word_1_222' title='bbox 930 3690 1113 3744; x_wconf 82' lang='lat' dir='ltr'>Codex</span> <span class='ocrx_word' id='word_1_223' title='bbox 1135 3693 1179 3744; x_wconf 82' lang='lat' dir='ltr'>A</span> <span class='ocrx_word' id='word_1_224' title='bbox 1201 3696 1376 3760; x_wconf 78' lang='lat' dir='ltr'>diripit</span> 
     </span>
     <span class='ocr_line' id='line_1_37' title="bbox 352 3767 1375 3834; baseline 0 -17"><span class='ocrx_word' id='word_1_225' title='bbox 352 3785 516 3819; x_wconf 79' lang='lat' dir='ltr'>ensem</span> <span class='ocrx_word' id='word_1_226' title='bbox 540 3767 736 3821; x_wconf 85' lang='lat' dir='ltr'>habuit.</span> <span class='ocrx_word' id='word_1_227' title='bbox 762 3770 1025 3820; x_wconf 85' lang='lat' dir='ltr'>Ed.—Hoe</span> <span class='ocrx_word' id='word_1_228' title='bbox 1042 3771 1218 3834; x_wconf 66' lang='lat' dir='ltr'>glebas</span> <span class='ocrx_word' id='word_1_229' title='bbox 1234 3809 1246 3826; x_wconf 86' lang='lat'>‚</span> <span class='ocrx_word' id='word_1_230' title='bbox 1272 3770 1375 3818; x_wconf 78' lang='lat' dir='ltr'>illa.-</span> 
     </span>
     <span class='ocr_line' id='line_1_38' title="bbox 356 3845 1373 3915; baseline 0.003 -20"><span class='ocrx_word' id='word_1_231' title='bbox 356 3865 528 3897; x_wconf 84' lang='lat' dir='ltr'>ramos</span> <span class='ocrx_word' id='word_1_232' title='bbox 548 3857 644 3899; x_wconf 86' lang='lat' dir='ltr'>ete.</span> <span class='ocrx_word' id='word_1_233' title='bbox 671 3847 872 3899; x_wconf 87' lang='lat' dir='ltr'>Eadem</span> <span class='ocrx_word' id='word_1_234' title='bbox 898 3845 1043 3899; x_wconf 83' lang='lat' dir='ltr'>suere</span> <span class='ocrx_word' id='word_1_235' title='bbox 1068 3847 1373 3915; x_wconf 84' lang='lat' dir='ltr'>antiquissi-</span> 
     </span>
    </p>
   </div>
   <div class='ocr_carea' id='block_1_8' title="bbox 1455 2278 2489 3832">
    <p class='ocr_par' dir='ltr' id='par_1_17' title="bbox 1455 2278 2489 3832">
     <span class='ocr_line' id='line_1_39' title="bbox 1455 2278 2478 2348; baseline 0.001 -18"><span class='ocrx_word' id='word_1_236' title='bbox 1455 2278 1726 2348; x_wconf 86' lang='lat' dir='ltr'>epitheton</span> <span class='ocrx_word' id='word_1_237' title='bbox 1743 2318 1756 2343; x_wconf 87' lang='lat'>,</span> <span class='ocrx_word' id='word_1_238' title='bbox 1784 2297 2010 2347; x_wconf 88' lang='lat' dir='ltr'>quorum</span> <span class='ocrx_word' id='word_1_239' title='bbox 2029 2279 2389 2332; x_wconf 82' lang='lat' dir='ltr'>lacerte&#39;multo</span> <span class='ocrx_word' id='word_1_240' title='bbox 2405 2279 2478 2331; x_wconf 86' lang='lat' dir='ltr'>la·</span> 
     </span>
     <span class='ocr_line' id='line_1_40' title="bbox 1455 2354 2477 2408; baseline -0.002 0"><span class='ocrx_word' id='word_1_241' title='bbox 1455 2356 1581 2408; x_wconf 88' lang='lat' dir='ltr'>bore</span> <span class='ocrx_word' id='word_1_242' title='bbox 1609 2354 1763 2407; x_wconf 76' lang='lat' dir='ltr'>validi</span> <span class='ocrx_word' id='word_1_243' title='bbox 1794 2355 1917 2408; x_wconf 81' lang='lat' dir='ltr'>facti</span> <span class='ocrx_word' id='word_1_244' title='bbox 1949 2365 2072 2408; x_wconf 88' lang='lat' dir='ltr'>sunt</span> <span class='ocrx_word' id='word_1_245' title='bbox 2097 2366 2152 2408; x_wconf 83' lang='lat' dir='ltr'>et</span> <span class='ocrx_word' id='word_1_246' title='bbox 2174 2356 2389 2408; x_wconf 85' lang='lat' dir='ltr'>robusti.</span> <span class='ocrx_word' id='word_1_247' title='bbox 2408 2384 2477 2395; x_wconf 89' lang='lat'>—</span> 
     </span>
     <span class='ocr_line' id='line_1_41' title="bbox 1457 2434 2475 2503; baseline -0.002 -15"><span class='ocrx_word' id='word_1_248' title='bbox 1457 2438 1749 2489; x_wconf 68' lang='lat' dir='ltr'>Fodit-bant.</span> <span class='ocrx_word' id='word_1_249' title='bbox 1789 2435 1945 2488; x_wconf 89' lang='lat' dir='ltr'>Unus</span> <span class='ocrx_word' id='word_1_250' title='bbox 1989 2434 2262 2487; x_wconf 68' lang='lat' dir='ltr'>Medic-eus</span> <span class='ocrx_word' id='word_1_251' title='bbox 2288 2437 2475 2503; x_wconf 85' lang='lat' dir='ltr'>finde—</span> 
     </span>
     <span class='ocr_line' id='line_1_42' title="bbox 1456 2508 2478 2578; baseline 0.002 -15"><span class='ocrx_word' id='word_1_252' title='bbox 1456 2515 1611 2576; x_wconf 81' lang='lat' dir='ltr'>bant,·</span> <span class='ocrx_word' id='word_1_253' title='bbox 1643 2530 1780 2563; x_wconf 86' lang='lat' dir='ltr'>uuus</span> <span class='ocrx_word' id='word_1_254' title='bbox 1811 2508 2078 2563; x_wconf 84' lang='lat' dir='ltr'>Leidensis</span> <span class='ocrx_word' id='word_1_255' title='bbox 2103 2514 2478 2578; x_wconf 64' lang='lat' dir='ltr'>subigebant.—</span> 
     </span>
     <span class='ocr_line' id='line_1_43' title="bbox 1459 2590 2483 2660; baseline -0.002 -16"><span class='ocrx_word' id='word_1_256' title='bbox 1459 2590 1610 2660; x_wconf 77' lang='lat' dir='ltr'>Regii</span> <span class='ocrx_word' id='word_1_257' title='bbox 1627 2592 1790 2644; x_wconf 86' lang='lat' dir='ltr'>nostri</span> <span class='ocrx_word' id='word_1_258' title='bbox 1796 2592 2069 2658; x_wconf 74' lang='lat' dir='ltr'>fhdiebaat</span> <span class='ocrx_word' id='word_1_259' title='bbox 2084 2608 2101 2654; x_wconf 84' lang='lat'>,·</span> <span class='ocrx_word' id='word_1_260' title='bbox 2119 2595 2167 2645; x_wconf 73' lang='grc' dir='ltr'>τὸ</span> <span class='ocrx_word' id='word_1_261' title='bbox 2183 2594 2483 2658; x_wconf 73' lang='lat' dir='ltr'>subigebant</span> 
     </span>
     <span class='ocr_line' id='line_1_44' title="bbox 1458 2669 2478 2738; baseline -0.002 -15"><span class='ocrx_word' id='word_1_262' title='bbox 1458 2691 1520 2723; x_wconf 84' lang='lat' dir='ltr'>ex</span> <span class='ocrx_word' id='word_1_263' title='bbox 1556 2671 1814 2723; x_wconf 88' lang='lat' dir='ltr'>memoria</span> <span class='ocrx_word' id='word_1_264' title='bbox 1850 2670 2125 2738; x_wconf 70' lang='lat' dir='ltr'>virgiliani</span> <span class='ocrx_word' id='word_1_265' title='bbox 2165 2669 2478 2734; x_wconf 85' lang='lat' dir='ltr'>hemistichii</span> 
     </span>
     <span class='ocr_line' id='line_1_45' title="bbox 1458 2748 2480 2817; baseline -0.001 -15"><span class='ocrx_word' id='word_1_266' title='bbox 1458 2750 1656 2803; x_wconf 82' lang='lat' dir='ltr'>venisse</span> <span class='ocrx_word' id='word_1_267' title='bbox 1671 2748 2014 2804; x_wconf 86' lang='lat' dir='ltr'>credendum.</span> <span class='ocrx_word' id='word_1_268' title='bbox 2026 2752 2357 2804; x_wconf 84' lang='lat' dir='ltr'>Ed.—Arma</span> <span class='ocrx_word' id='word_1_269' title='bbox 2372 2769 2480 2817; x_wconf 82' lang='lat' dir='ltr'>ope-</span> 
     </span>
     <span class='ocr_line' id='line_1_46' title="bbox 1455 2828 2476 2896; baseline -0.002 -14"><span class='ocrx_word' id='word_1_270' title='bbox 1455 2835 1554 2892; x_wconf 80' lang='lat' dir='ltr'>ris,</span> <span class='ocrx_word' id='word_1_271' title='bbox 1588 2829 1938 2882; x_wconf 74' lang='lat' dir='ltr'>instrumenta</span> <span class='ocrx_word' id='word_1_272' title='bbox 1963 2829 2168 2882; x_wconf 86' lang='lat' dir='ltr'>rustica.</span> <span class='ocrx_word' id='word_1_273' title='bbox 2193 2828 2441 2896; x_wconf 79' lang='lat' dir='ltr'>Virgilius</span> <span class='ocrx_word' id='word_1_274' title='bbox 2461 2867 2476 2892; x_wconf 89' lang='lat'>,</span> 
     </span>
     <span class='ocr_line' id='line_1_47' title="bbox 1456 2907 2484 2980; baseline -0.004 -19"><span class='ocrx_word' id='word_1_275' title='bbox 1456 2909 1650 2980; x_wconf 84' lang='lat' dir='ltr'>Georg.</span> <span class='ocrx_word' id='word_1_276' title='bbox 1670 2907 1722 2973; x_wconf 88' lang='lat' dir='ltr'>l,</span> <span class='ocrx_word' id='word_1_277' title='bbox 1750 2908 1869 2975; x_wconf 78' lang='lat'><strong>160,</strong></span> <span class='ocrx_word' id='word_1_278' title='bbox 1891 2908 2175 2960; x_wconf 79' lang='lat' dir='ltr'>Dicendum</span> <span class='ocrx_word' id='word_1_279' title='bbox 2189 2918 2241 2960; x_wconf 86' lang='lat' dir='ltr'>et</span> <span class='ocrx_word' id='word_1_280' title='bbox 2253 2910 2363 2976; x_wconf 76' lang='lat' dir='ltr'>que</span> <span class='ocrx_word' id='word_1_281' title='bbox 2377 2913 2484 2959; x_wconf 80' lang='lat' dir='ltr'>sint</span> 
     </span>
     <span class='ocr_line' id='line_1_48' title="bbox 1460 2984 2484 3053; baseline -0.003 -15"><span class='ocrx_word' id='word_1_282' title='bbox 1460 2989 1601 3038; x_wconf 56' lang='lat' dir='ltr'>dunis·</span> <span class='ocrx_word' id='word_1_283' title='bbox 1614 2990 1896 3053; x_wconf 64' lang='lat' dir='ltr'>agr-cste&#39;bus</span> <span class='ocrx_word' id='word_1_284' title='bbox 1907 2988 2130 3038; x_wconf 77' lang='lat' dir='ltr'>urma.—·</span> <span class='ocrx_word' id='word_1_285' title='bbox 2138 2987 2276 3052; x_wconf 80' lang='lat' dir='ltr'>Opus</span> <span class='ocrx_word' id='word_1_286' title='bbox 2292 2984 2389 3038; x_wconf 93' lang='lat' dir='ltr'>dici</span> <span class='ocrx_word' id='word_1_287' title='bbox 2397 2996 2414 3037; x_wconf 90' lang='lat' dir='ltr'>t</span> <span class='ocrx_word' id='word_1_288' title='bbox 2422 3004 2484 3035; x_wconf 90' lang='lat' dir='ltr'>ur</span> 
     </span>
     <span class='ocr_line' id='line_1_49' title="bbox 1462 3061 2483 3130; baseline -0.004 -15"><span class='ocrx_word' id='word_1_289' title='bbox 1462 3062 1526 3116; x_wconf 86' lang='lat' dir='ltr'>de</span> <span class='ocrx_word' id='word_1_290' title='bbox 1557 3063 1729 3116; x_wconf 88' lang='lat' dir='ltr'>labore</span> <span class='ocrx_word' id='word_1_291' title='bbox 1755 3063 1964 3117; x_wconf 88' lang='lat' dir='ltr'>rustico.</span> <span class='ocrx_word' id='word_1_292' title='bbox 1987 3090 2053 3101; x_wconf 91' lang='lat'><em>—</em></span> <span class='ocrx_word' id='word_1_293' title='bbox 2086 3065 2286 3115; x_wconf 79' lang='lat' dir='ltr'>Vacuus</span> <span class='ocrx_word' id='word_1_294' title='bbox 2306 3101 2321 3124; x_wconf 90' lang='lat'><em>‚</em></span> <span class='ocrx_word' id='word_1_295' title='bbox 2363 3061 2483 3130; x_wconf 84' lang='lat' dir='ltr'>quia</span> 
     </span>
     <span class='ocr_line' id='line_1_50' title="bbox 1464 3139 2484 3210; baseline -0.004 -18"><span class='ocrx_word' id='word_1_296' title='bbox 1464 3139 1770 3210; x_wconf 78' lang='lat' dir='ltr'>aufugerant</span> <span class='ocrx_word' id='word_1_297' title='bbox 1784 3140 2356 3206; x_wconf 76' lang='lat' dir='ltr'>coloni.—Sarculaque‚</span> <span class='ocrx_word' id='word_1_298' title='bbox 2378 3156 2484 3189; x_wconf 82' lang='lat' dir='ltr'>ras·</span> 
     </span>
     <span class='ocr_line' id='line_1_51' title="bbox 1462 3218 2479 3290; baseline -0.003 -18"><span class='ocrx_word' id='word_1_299' title='bbox 1462 3226 1633 3289; x_wconf 82' lang='lat' dir='ltr'>trique.</span> <span class='ocrx_word' id='word_1_300' title='bbox 1661 3218 1842 3273; x_wconf 83' lang='lat' dir='ltr'>Codex</span> <span class='ocrx_word' id='word_1_301' title='bbox 1860 3220 2055 3290; x_wconf 85' lang='lat' dir='ltr'>Regius</span> <span class='ocrx_word' id='word_1_302' title='bbox 2079 3220 2124 3272; x_wconf 81' lang='lat' dir='ltr'>A</span> <span class='ocrx_word' id='word_1_303' title='bbox 2145 3219 2278 3271; x_wconf 87' lang='lat' dir='ltr'>male</span> <span class='ocrx_word' id='word_1_304' title='bbox 2300 3236 2479 3270; x_wconf 84' lang='lat' dir='ltr'>sarcu-</span> 
     </span>
     <span class='ocr_line' id='line_1_52' title="bbox 1464 3295 2478 3368; baseline -0.005 -17"><span class='ocrx_word' id='word_1_305' title='bbox 1464 3303 1610 3368; x_wconf 87' lang='lat' dir='ltr'>laque</span> <span class='ocrx_word' id='word_1_306' title='bbox 1624 3340 1635 3360; x_wconf 92' lang='lat'>,</span> <span class='ocrx_word' id='word_1_307' title='bbox 1663 3309 1717 3352; x_wconf 84' lang='lat' dir='ltr'>et</span> <span class='ocrx_word' id='word_1_308' title='bbox 1736 3305 2010 3368; x_wconf 81' lang='lat' dir='ltr'>rastrique,·</span> <span class='ocrx_word' id='word_1_309' title='bbox 2035 3296 2152 3350; x_wconf 80' lang='lat' dir='ltr'>vide</span> <span class='ocrx_word' id='word_1_310' title='bbox 2173 3295 2237 3349; x_wconf 91' lang='lat' dir='ltr'>ad</span> <span class='ocrx_word' id='word_1_311' title='bbox 2254 3296 2302 3348; x_wconf 88' lang='lat' dir='ltr'><strong>X</strong></span> <span class='ocrx_word' id='word_1_312' title='bbox 2322 3335 2336 3361; x_wconf 91' lang='lat'>,</span> <span class='ocrx_word' id='word_1_313' title='bbox 2365 3295 2478 3347; x_wconf 79' lang='lat'>262.</span> 
     </span>
     <span class='ocr_line' id='line_1_53' title="bbox 1467 3373 2486 3446; baseline -0.007 -16"><span class='ocrx_word' id='word_1_314' title='bbox 1467 3380 1564 3430; x_wconf 79' lang='lat' dir='ltr'>Ed.</span> <span class='ocrx_word' id='word_1_315' title='bbox 1586 3405 1653 3416; x_wconf 93' lang='lat'><strong>—</strong></span> <span class='ocrx_word' id='word_1_316' title='bbox 1676 3379 1962 3438; x_wconf 82' lang='lat' dir='ltr'>Surculum,</span> <span class='ocrx_word' id='word_1_317' title='bbox 2003 3386 2240 3446; x_wconf 59' lang='lat' dir='ltr'>exoeffebv,</span> <span class='ocrx_word' id='word_1_318' title='bbox 2276 3373 2486 3424; x_wconf 90' lang='lat' dir='ltr'>instru-</span> 
     </span>
     <span class='ocr_line' id='line_1_54' title="bbox 1468 3454 2484 3519; baseline -0.006 -12"><span class='ocrx_word' id='word_1_319' title='bbox 1468 3466 1710 3507; x_wconf 87' lang='lat' dir='ltr'>mentum</span> <span class='ocrx_word' id='word_1_320' title='bbox 1732 3454 2484 3519; x_wconf 81' lang='lat' dir='ltr'>sarritionis.—Bastrimagno</span> 
     </span>
     <span class='ocr_line' id='line_1_55' title="bbox 1468 3528 2482 3602; baseline -0.008 -17"><span class='ocrx_word' id='word_1_321' title='bbox 1468 3542 1619 3587; x_wconf 85' lang='lat' dir='ltr'>erant</span> <span class='ocrx_word' id='word_1_322' title='bbox 1654 3531 1920 3602; x_wconf 80' lang='lat' dir='ltr'>pondere;</span> <span class='ocrx_word' id='word_1_323' title='bbox 1954 3532 2171 3583; x_wconf 83' lang='lat' dir='ltr'>Terent.</span> <span class='ocrx_word' id='word_1_324' title='bbox 2202 3528 2396 3581; x_wconf 84' lang='lat' dir='ltr'>Heaut.</span> <span class='ocrx_word' id='word_1_325' title='bbox 2425 3528 2482 3593; x_wconf 84' lang='lat' dir='ltr'>l,</span> 
     </span>
     <span class='ocr_line' id='line_1_56' title="bbox 1470 3605 2484 3677; baseline -0.009 -14"><span class='ocrx_word' id='word_1_326' title='bbox 1470 3629 1491 3663; x_wconf 89' lang='lat'>1</span> <span class='ocrx_word' id='word_1_327' title='bbox 1515 3651 1529 3676; x_wconf 90' lang='lat'>‚</span> <span class='ocrx_word' id='word_1_328' title='bbox 1568 3613 1632 3677; x_wconf 83' lang='grc' dir='ltr'>4ο</span> <span class='ocrx_word' id='word_1_329' title='bbox 1653 3649 1667 3676; x_wconf 84' lang='grc'>,</span> <span class='ocrx_word' id='word_1_330' title='bbox 1706 3610 1791 3662; x_wconf 92' lang='lat' dir='ltr'>ubi</span> <span class='ocrx_word' id='word_1_331' title='bbox 1820 3608 2077 3663; x_wconf 85' lang='lat' dir='ltr'>Chremes</span> <span class='ocrx_word' id='word_1_332' title='bbox 2113 3624 2201 3658; x_wconf 93' lang='lat' dir='ltr'>eos</span> <span class='ocrx_word' id='word_1_333' title='bbox 2232 3605 2484 3669; x_wconf 68' lang='lat' dir='ltr'>tentavit,</span> 
     </span>
     <span class='ocr_line' id='line_1_57' title="bbox 1469 3685 2489 3754; baseline -0.011 -11"><span class='ocrx_word' id='word_1_334' title='bbox 1469 3693 1607 3751; x_wconf 72' lang='lat' dir='ltr'>Hui,</span> <span class='ocrx_word' id='word_1_335' title='bbox 1637 3697 1740 3740; x_wconf 82' lang='lat' dir='ltr'>tam</span> <span class='ocrx_word' id='word_1_336' title='bbox 1759 3706 1939 3754; x_wconf 66' lang='lat' dir='ltr'>graves</span> <span class='ocrx_word' id='word_1_337' title='bbox 1959 3688 2053 3738; x_wconf 85' lang='lat' dir='ltr'>hos</span> <span class='ocrx_word' id='word_1_338' title='bbox 2071 3689 2100 3740; x_wconf 70' lang='grc' dir='ltr'>,Ρ</span> <span class='ocrx_word' id='word_1_339' title='bbox 2123 3713 2188 3725; x_wconf 94' lang='grc'><strong>-</strong></span> <span class='ocrx_word' id='word_1_340' title='bbox 2212 3685 2489 3750; x_wconf 69' lang='lat' dir='ltr'>h&#39;gone&#39;bus</span> 
     </span>
     <span class='ocr_line' id='line_1_58' title="bbox 1475 3759 2487 3832; baseline -0.01 -13"><span class='ocrx_word' id='word_1_341' title='bbox 1475 3777 1609 3819; x_wconf 84' lang='lat' dir='ltr'>terra</span> <span class='ocrx_word' id='word_1_342' title='bbox 1633 3764 1849 3817; x_wconf 89' lang='lat' dir='ltr'>eruitur.</span> <span class='ocrx_word' id='word_1_343' title='bbox 1862 3764 2032 3832; x_wconf 68' lang='lat' dir='ltr'><em>Longi</em></span> <span class='ocrx_word' id='word_1_344' title='bbox 2042 3766 2231 3828; x_wconf 66' lang='lat' dir='ltr'>lt&#39;gones</span> <span class='ocrx_word' id='word_1_345' title='bbox 2247 3761 2405 3812; x_wconf 86' lang='lat' dir='ltr'>etiam</span> <span class='ocrx_word' id='word_1_346' title='bbox 2429 3759 2487 3823; x_wconf 86' lang='lat' dir='ltr'>l,</span> 
     </span>
    </p>
   </div>
   <div class='ocr_carea' id='block_1_9' title="bbox 1476 3835 2484 3911">
    <p class='ocr_par' dir='ltr' id='par_1_18' title="bbox 1476 3835 2484 3911">
     <span class='ocr_line' id='line_1_59' title="bbox 1476 3835 2484 3911; baseline -0.011 -13"><span class='ocrx_word' id='word_1_347' title='bbox 1476 3846 1630 3898; x_wconf 83' lang='lat' dir='ltr'>Pont.</span> <span class='ocrx_word' id='word_1_348' title='bbox 1658 3859 1763 3894; x_wconf 84' lang='lat' dir='ltr'>v111</span> <span class='ocrx_word' id='word_1_349' title='bbox 1783 3883 1796 3907; x_wconf 88' lang='lat'>‚</span> <span class='ocrx_word' id='word_1_350' title='bbox 1825 3845 1889 3911; x_wconf 85' lang='lat'>59</span> <span class='ocrx_word' id='word_1_351' title='bbox 1916 3860 1928 3892; x_wconf 92' lang='lat'>:</span> <span class='ocrx_word' id='word_1_352' title='bbox 1959 3839 2048 3892; x_wconf 89' lang='lat' dir='ltr'>sed</span> <span class='ocrx_word' id='word_1_353' title='bbox 2082 3840 2131 3891; x_wconf 79' lang='lat' dir='ltr'>h.</span> <span class='ocrx_word' id='word_1_354' title='bbox 2159 3839 2189 3892; x_wconf 90' lang='grc' dir='ltr'>Ι.</span> <span class='ocrx_word' id='word_1_355' title='bbox 2219 3857 2354 3891; x_wconf 88' lang='lat' dir='ltr'>unus</span> <span class='ocrx_word' id='word_1_356' title='bbox 2381 3835 2484 3888; x_wconf 87' lang='lat' dir='ltr'>MS</span> 
     </span>
    </p>
   </div>
   <div class='ocr_carea' id='block_1_10' title="bbox 355 3922 2496 4382">
    <p class='ocr_par' dir='ltr' id='par_1_19' title="bbox 355 3922 2488 3992">
     <span class='ocr_line' id='line_1_60' title="bbox 355 3922 2488 3992; baseline -0.003 -17"><span class='ocrx_word' id='word_1_357' title='bbox 355 3942 568 3975; x_wconf 89' lang='lat' dir='ltr'>morum</span> <span class='ocrx_word' id='word_1_358' title='bbox 593 3924 870 3990; x_wconf 71' lang='lat' dir='ltr'>hominum</span> <span class='ocrx_word' id='word_1_359' title='bbox 893 3946 1052 3977; x_wconf 85' lang='lat' dir='ltr'>arma.</span> <span class='ocrx_word' id='word_1_360' title='bbox 1070 3924 1339 3977; x_wconf 84' lang='lat' dir='ltr'>Lucretius</span> <span class='ocrx_word' id='word_1_361' title='bbox 1359 3964 1374 3992; x_wconf 87' lang='lat'><strong><em>,</em></strong></span> <span class='ocrx_word' id='word_1_362' title='bbox 1472 3930 1724 3992; x_wconf 74' lang='lat' dir='ltr'>curvique,</span> <span class='ocrx_word' id='word_1_363' title='bbox 1759 3922 1898 3992; x_wconf 90' lang='lat' dir='ltr'>quod</span> <span class='ocrx_word' id='word_1_364' title='bbox 1924 3923 2264 3974; x_wconf 88' lang='lat' dir='ltr'>Burmannus</span> <span class='ocrx_word' id='word_1_365' title='bbox 2285 3929 2488 3970; x_wconf 79' lang='lat' dir='ltr'>rectum</span> 
     </span>
    </p>

    <p class='ocr_par' dir='ltr' id='par_1_20' title="bbox 361 3998 2489 4074">
     <span class='ocr_line' id='line_1_61' title="bbox 361 3998 2489 4074; baseline -0.001 -23"><span class='ocrx_word' id='word_1_366' title='bbox 361 4002 412 4052; x_wconf 86' lang='lat' dir='ltr'>V</span> <span class='ocrx_word' id='word_1_367' title='bbox 430 4039 445 4067; x_wconf 86' lang='lat'>‚</span> <span class='ocrx_word' id='word_1_368' title='bbox 483 4002 604 4053; x_wconf 79' lang='lat'>1282</span> <span class='ocrx_word' id='word_1_369' title='bbox 628 4021 702 4069; x_wconf 83' lang='lat' dir='ltr'>sq.</span> <span class='ocrx_word' id='word_1_370' title='bbox 736 4031 801 4041; x_wconf 95' lang='lat'>—</span> <span class='ocrx_word' id='word_1_371' title='bbox 841 4002 1026 4056; x_wconf 74' lang='lat' dir='ltr'>Press&#39;o</span> <span class='ocrx_word' id='word_1_372' title='bbox 1043 4045 1053 4063; x_wconf 94' lang='lat'>‚</span> <span class='ocrx_word' id='word_1_373' title='bbox 1094 4004 1344 4072; x_wconf 82' lang='lat' dir='ltr'>impresso</span> <span class='ocrx_word' id='word_1_374' title='bbox 1364 4025 1378 4068; x_wconf 87' lang='lat'>;</span> <span class='ocrx_word' id='word_1_375' title='bbox 1474 4002 1698 4074; x_wconf 84' lang='lat' dir='ltr'>judicat,</span> <span class='ocrx_word' id='word_1_376' title='bbox 1739 4002 1857 4069; x_wconf 85' lang='lat' dir='ltr'>quia</span> <span class='ocrx_word' id='word_1_377' title='bbox 1899 4020 2055 4052; x_wconf 86' lang='lat' dir='ltr'>curva</span> <span class='ocrx_word' id='word_1_378' title='bbox 2099 3999 2281 4069; x_wconf 87' lang='lat' dir='ltr'>ligonis</span> <span class='ocrx_word' id='word_1_379' title='bbox 2317 3998 2489 4049; x_wconf 79' lang='lat' dir='ltr'>sorma</span> 
     </span>
    </p>

    <p class='ocr_par' dir='ltr' id='par_1_21' title="bbox 359 4077 2491 4230">
     <span class='ocr_line' id='line_1_62' title="bbox 359 4077 2491 4149; baseline 0 -21"><span class='ocrx_word' id='word_1_380' title='bbox 359 4077 610 4147; x_wconf 81' lang='lat' dir='ltr'>Virgilius</span> <span class='ocrx_word' id='word_1_381' title='bbox 629 4118 644 4144; x_wconf 88' lang='lat'>‚</span> <span class='ocrx_word' id='word_1_382' title='bbox 683 4083 912 4146; x_wconf 76' lang='lat' dir='ltr'>depresso</span> <span class='ocrx_word' id='word_1_383' title='bbox 934 4092 1120 4133; x_wconf 85' lang='lat' dir='ltr'>aratro.</span> <span class='ocrx_word' id='word_1_384' title='bbox 1475 4082 1711 4135; x_wconf 85' lang='lat' dir='ltr'>cernitur</span> <span class='ocrx_word' id='word_1_385' title='bbox 1738 4081 1791 4132; x_wconf 91' lang='lat' dir='ltr'>in</span> <span class='ocrx_word' id='word_1_386' title='bbox 1819 4098 2025 4149; x_wconf 86' lang='lat' dir='ltr'>gemma</span> <span class='ocrx_word' id='word_1_387' title='bbox 2055 4078 2189 4147; x_wconf 86' lang='lat' dir='ltr'>apud</span> <span class='ocrx_word' id='word_1_388' title='bbox 2225 4078 2491 4147; x_wconf 85' lang='lat' dir='ltr'>Begerum</span> 
     </span>
     <span class='ocr_line' id='line_1_63' title="bbox 424 4153 2091 4230; baseline -0.001 -22"><span class='ocrx_word' id='word_1_389' title='bbox 424 4158 505 4209; x_wconf 79' lang='lat'>32.</span> <span class='ocrx_word' id='word_1_390' title='bbox 531 4157 926 4224; x_wconf 83' lang='lat' dir='ltr'>Multofructum</span> <span class='ocrx_word' id='word_1_391' title='bbox 943 4159 1382 4230; x_wconf 57' lang='lat' dir='ltr'>sudorcetaverj-</span> <span class='ocrx_word' id='word_1_392' title='bbox 1471 4153 1718 4230; x_wconf 75' lang='lat' dir='ltr'>spicileg.</span> <span class='ocrx_word' id='word_1_393' title='bbox 1742 4157 1921 4226; x_wconf 89' lang='lat' dir='ltr'>Antiq.</span> <span class='ocrx_word' id='word_1_394' title='bbox 1941 4178 1989 4226; x_wconf 87' lang='lat' dir='ltr'>p.</span> <span class='ocrx_word' id='word_1_395' title='bbox 2015 4178 2091 4226; x_wconf 84' lang='lat'>7¹·</span> 
     </span>
    </p>

    <p class='ocr_par' dir='ltr' id='par_1_22' title="bbox 357 4231 2493 4307">
     <span class='ocr_line' id='line_1_64' title="bbox 357 4231 2493 4307; baseline -0 -21"><span class='ocrx_word' id='word_1_396' title='bbox 357 4234 436 4287; x_wconf 89' lang='lat' dir='ltr'>bis</span> <span class='ocrx_word' id='word_1_397' title='bbox 460 4233 669 4289; x_wconf 84' lang='lat' dir='ltr'>delectis</span> <span class='ocrx_word' id='word_1_398' title='bbox 686 4236 934 4290; x_wconf 66' lang='lat' dir='ltr'>molestiae</span> <span class='ocrx_word' id='word_1_399' title='bbox 950 4237 1279 4306; x_wconf 83' lang='lat' dir='ltr'>agriculturae</span> <span class='ocrx_word' id='word_1_400' title='bbox 1301 4254 1383 4286; x_wconf 84' lang='lat' dir='ltr'>ex·</span> <span class='ocrx_word' id='word_1_401' title='bbox 1461 4237 1470 4247; x_wconf 82' lang='lat'><em>&#39;</em></span> <span class='ocrx_word' id='word_1_402' title='bbox 1544 4239 1623 4307; x_wconf 88' lang='lat'>37.</span> <span class='ocrx_word' id='word_1_403' title='bbox 1641 4231 1794 4297; x_wconf 61' lang='lat' dir='ltr'>Fere,</span> <span class='ocrx_word' id='word_1_404' title='bbox 1813 4235 2046 4289; x_wconf 81' lang='lat' dir='ltr'>furentes</span> <span class='ocrx_word' id='word_1_405' title='bbox 2060 4233 2291 4288; x_wconf 70' lang='lat' dir='ltr'>Bacche.</span> <span class='ocrx_word' id='word_1_406' title='bbox 2306 4263 2370 4273; x_wconf 88' lang='lat'>—</span> <span class='ocrx_word' id='word_1_407' title='bbox 2389 4235 2493 4285; x_wconf 68' lang='lat' dir='ltr'>stli-</span> 
     </span>
    </p>

    <p class='ocr_par' dir='ltr' id='par_1_23' title="bbox 362 4312 2496 4382">
     <span class='ocr_line' id='line_1_65' title="bbox 362 4312 2496 4382; baseline -0.002 -16"><span class='ocrx_word' id='word_1_408' title='bbox 362 4314 682 4380; x_wconf 87' lang='lat' dir='ltr'>primuntur.</span> <span class='ocrx_word' id='word_1_409' title='bbox 705 4342 770 4354; x_wconf 92' lang='lat'><strong>—</strong></span> <span class='ocrx_word' id='word_1_410' title='bbox 790 4318 1023 4368; x_wconf 85' lang='lat' dir='ltr'>Fructum</span> <span class='ocrx_word' id='word_1_411' title='bbox 1041 4355 1055 4380; x_wconf 89' lang='lat'><strong><em>,</em></strong></span> <span class='ocrx_word' id='word_1_412' title='bbox 1086 4315 1296 4368; x_wconf 84' lang='lat' dir='ltr'>victum.</span> <span class='ocrx_word' id='word_1_413' title='bbox 1321 4340 1383 4352; x_wconf 92' lang='lat'>-</span> <span class='ocrx_word' id='word_1_414' title='bbox 1478 4321 1612 4366; x_wconf 68' lang='grc' dir='ltr'><em>πασί.</em></span> <span class='ocrx_word' id='word_1_415' title='bbox 1630 4314 1883 4368; x_wconf 87' lang='lat' dir='ltr'>Nonnulli</span> <span class='ocrx_word' id='word_1_416' title='bbox 1900 4312 2350 4382; x_wconf 77' lang='lat' dir='ltr'>me&#39;naces.-Regii</span> <span class='ocrx_word' id='word_1_417' title='bbox 2369 4329 2496 4362; x_wconf 85' lang='lat' dir='ltr'>nos-</span> 
     </span>
    </p>
   </div>
  </div>
 </body>
</html>
