<?xml version="1.0" encoding="UTF-8"?>
<!DOCTYPE html PUBLIC "-//W3C//DTD XHTML 1.0 Transitional//EN"
    "http://www.w3.org/TR/xhtml1/DTD/xhtml1-transitional.dtd">
<html xmlns="http://www.w3.org/1999/xhtml" xml:lang="en" lang="en">
 <head>
  <title>
</title>
<meta http-equiv="Content-Type" content="text/html;charset=utf-8" />
  <meta name='ocr-system' content='tesseract 3.04.00' />
  <meta name='ocr-capabilities' content='ocr_page ocr_carea ocr_par ocr_line ocrx_word'/>
</head>
<body>
  <div class='ocr_page' id='page_1' title='image "./publiusovidiusn02giergoog_0030.png"; bbox 0 0 3185 5138; ppageno 0'>
   <div class='ocr_carea' id='block_1_1' title="bbox 669 491 2215 606">
    <p class='ocr_par' dir='ltr' id='par_1_1' title="bbox 669 491 2215 606">
     <span class='ocr_line' id='line_1_1' title="bbox 669 491 2215 606; baseline -0.03 -2"><span class='ocrx_word' id='word_1_1' title='bbox 669 543 742 606; x_wconf 73' lang='grc' dir='ltr'><strong>ιδ</strong></span> <span class='ocrx_word' id='word_1_2' title='bbox 1193 524 1273 588; x_wconf 88' lang='grc' dir='ltr'><strong>Ρ.</strong></span> <span class='ocrx_word' id='word_1_3' title='bbox 1335 508 1702 584; x_wconf 86' lang='lat' dir='ltr'>OVIDII</span> <span class='ocrx_word' id='word_1_4' title='bbox 1763 491 2215 572; x_wconf 80' lang='lat' dir='ltr'><strong>NASONIS</strong></span> 
     </span>
    </p>
   </div>
   <div class='ocr_carea' id='block_1_2' title="bbox 654 638 2785 1103">
    <p class='ocr_par' dir='ltr' id='par_1_2' title="bbox 654 638 2086 756">
     <span class='ocr_line' id='line_1_2' title="bbox 654 638 2086 756; baseline -0.035 0"><span class='ocrx_word' id='word_1_5' title='bbox 654 685 697 756; x_wconf 85' lang='lat' dir='ltr'><strong>J</strong></span> <span class='ocrx_word' id='word_1_6' title='bbox 702 702 870 754; x_wconf 88' lang='lat' dir='ltr'><strong>anua</strong></span> <span class='ocrx_word' id='word_1_7' title='bbox 903 664 1187 744; x_wconf 81' lang='lat' dir='ltr'><strong>difficilis</strong></span> <span class='ocrx_word' id='word_1_8' title='bbox 1218 657 1333 734; x_wconf 86' lang='lat' dir='ltr'><strong>filo</strong></span> <span class='ocrx_word' id='word_1_9' title='bbox 1370 671 1472 729; x_wconf 90' lang='lat' dir='ltr'><strong>est</strong></span> <span class='ocrx_word' id='word_1_10' title='bbox 1502 652 1770 724; x_wconf 87' lang='lat' dir='ltr'><strong>inventa</strong></span> <span class='ocrx_word' id='word_1_11' title='bbox 1798 638 2041 714; x_wconf 87' lang='lat' dir='ltr'><strong>relecto</strong></span> <span class='ocrx_word' id='word_1_12' title='bbox 2068 664 2086 721; x_wconf 87' lang='lat'><strong>·,</strong></span> 
     </span>
    </p>

    <p class='ocr_par' dir='ltr' id='par_1_3' title="bbox 660 753 2104 876">
     <span class='ocr_line' id='line_1_3' title="bbox 660 753 2104 876; baseline -0.033 -7"><span class='ocrx_word' id='word_1_13' title='bbox 660 790 973 869; x_wconf 82' lang='lat' dir='ltr'><strong>Protinus</strong></span> <span class='ocrx_word' id='word_1_14' title='bbox 1001 778 1273 876; x_wconf 81' lang='lat' dir='ltr'><strong>AEgides</strong></span> <span class='ocrx_word' id='word_1_15' title='bbox 1290 832 1307 864; x_wconf 87' lang='lat'>‚</span> <span class='ocrx_word' id='word_1_16' title='bbox 1345 787 1533 871; x_wconf 88' lang='lat' dir='ltr'><strong>rapta</strong></span> <span class='ocrx_word' id='word_1_17' title='bbox 1557 757 1865 840; x_wconf 81' lang='lat' dir='ltr'>Minoide</span> <span class='ocrx_word' id='word_1_18' title='bbox 1882 812 1901 843; x_wconf 85' lang='lat'><strong>‚</strong></span> <span class='ocrx_word' id='word_1_19' title='bbox 1929 753 2104 827; x_wconf 88' lang='lat' dir='ltr'><strong>Dian</strong></span> 
     </span>
    </p>

    <p class='ocr_par' dir='ltr' id='par_1_4' title="bbox 663 860 2785 1103">
     <span class='ocr_line' id='line_1_4' title="bbox 663 860 2785 987; baseline -0.03 -2"><span class='ocrx_word' id='word_1_20' title='bbox 663 908 827 983; x_wconf 87' lang='lat' dir='ltr'><strong>Vela</strong></span> <span class='ocrx_word' id='word_1_21' title='bbox 857 901 1077 987; x_wconf 86' lang='lat' dir='ltr'><strong>dedit;</strong></span> <span class='ocrx_word' id='word_1_22' title='bbox 1116 892 1554 985; x_wconf 80' lang='lat' dir='ltr'><strong>comitemque</strong></span> <span class='ocrx_word' id='word_1_23' title='bbox 1590 904 1777 953; x_wconf 88' lang='lat' dir='ltr'><strong>suam</strong></span> <span class='ocrx_word' id='word_1_24' title='bbox 1810 867 2094 949; x_wconf 81' lang='lat' dir='ltr'><strong>crudelis</strong></span> <span class='ocrx_word' id='word_1_25' title='bbox 2126 864 2198 938; x_wconf 90' lang='lat' dir='ltr'><strong>in</strong></span> <span class='ocrx_word' id='word_1_26' title='bbox 2232 860 2350 935; x_wconf 86' lang='lat' dir='ltr'><strong>illo</strong></span> <span class='ocrx_word' id='word_1_27' title='bbox 2695 871 2785 942; x_wconf 73' lang='lat'><strong>175</strong></span> 
     </span>
     <span class='ocr_line' id='line_1_5' title="bbox 665 981 2312 1103; baseline -0.031 0"><span class='ocrx_word' id='word_1_28' title='bbox 665 1028 887 1103; x_wconf 81' lang='lat' dir='ltr'><strong>Litore</strong></span> <span class='ocrx_word' id='word_1_29' title='bbox 925 1013 1214 1094; x_wconf 88' lang='lat' dir='ltr'><strong>deseruit</strong></span> <span class='ocrx_word' id='word_1_30' title='bbox 1243 1038 1258 1081; x_wconf 90' lang='lat'><strong>:</strong></span> <span class='ocrx_word' id='word_1_31' title='bbox 1288 1006 1595 1103; x_wconf 52' lang='lat' dir='ltr'><strong>desertae,</strong></span> <span class='ocrx_word' id='word_1_32' title='bbox 1632 1012 1700 1069; x_wconf 89' lang='lat' dir='ltr'><strong>et</strong></span> <span class='ocrx_word' id='word_1_33' title='bbox 1729 990 1934 1066; x_wconf 88' lang='lat' dir='ltr'><strong>multa</strong></span> <span class='ocrx_word' id='word_1_34' title='bbox 1971 981 2312 1088; x_wconf 86' lang='lat' dir='ltr'><strong>querenti,</strong></span> 
     </span>
    </p>
   </div>
   <div class='ocr_carea' id='block_1_3' title="bbox 668 1093 2379 1333">
    <p class='ocr_par' dir='ltr' id='par_1_5' title="bbox 668 1093 2379 1333">
     <span class='ocr_line' id='line_1_6' title="bbox 668 1093 2379 1241; baseline -0.032 -22"><span class='ocrx_word' id='word_1_35' title='bbox 668 1138 1032 1241; x_wconf 83' lang='lat' dir='ltr'>Amplexus</span> <span class='ocrx_word' id='word_1_36' title='bbox 1065 1146 1132 1204; x_wconf 92' lang='lat' dir='ltr'><strong>et</strong></span> <span class='ocrx_word' id='word_1_37' title='bbox 1165 1147 1362 1223; x_wconf 89' lang='lat' dir='ltr'><strong>opem</strong></span> <span class='ocrx_word' id='word_1_38' title='bbox 1393 1114 1600 1192; x_wconf 87' lang='lat' dir='ltr'><strong>Liber</strong></span> <span class='ocrx_word' id='word_1_39' title='bbox 1630 1108 1785 1184; x_wconf 89' lang='lat' dir='ltr'><strong>tulit</strong></span> <span class='ocrx_word' id='word_1_40' title='bbox 1819 1134 1835 1180; x_wconf 73' lang='grc' dir='ltr'>ς</span> <span class='ocrx_word' id='word_1_41' title='bbox 1864 1121 2071 1203; x_wconf 90' lang='lat' dir='ltr'><strong>utque</strong></span> <span class='ocrx_word' id='word_1_42' title='bbox 2102 1093 2379 1201; x_wconf 85' lang='lat' dir='ltr'><strong>perenni</strong></span> 
     </span>
     <span class='ocr_line' id='line_1_7' title="bbox 671 1219 2376 1333; baseline -0.031 0"><span class='ocrx_word' id='word_1_43' title='bbox 671 1256 897 1333; x_wconf 90' lang='lat' dir='ltr'><strong>Sidere</strong></span> <span class='ocrx_word' id='word_1_44' title='bbox 931 1248 1106 1322; x_wconf 83' lang='lat' dir='ltr'><strong>clara</strong></span> <span class='ocrx_word' id='word_1_45' title='bbox 1132 1240 1306 1313; x_wconf 81' lang='lat' dir='ltr'><strong>foret</strong></span> <span class='ocrx_word' id='word_1_46' title='bbox 1326 1289 1345 1323; x_wconf 88' lang='lat'>‚</span> <span class='ocrx_word' id='word_1_47' title='bbox 1375 1245 1657 1307; x_wconf 88' lang='lat' dir='ltr'><strong>sumtam</strong></span> <span class='ocrx_word' id='word_1_48' title='bbox 1687 1222 1771 1295; x_wconf 89' lang='lat' dir='ltr'><strong>de</strong></span> <span class='ocrx_word' id='word_1_49' title='bbox 1804 1219 2023 1294; x_wconf 87' lang='lat' dir='ltr'><strong>fronte</strong></span> <span class='ocrx_word' id='word_1_50' title='bbox 2060 1236 2376 1288; x_wconf 86' lang='lat' dir='ltr'><strong>coronam</strong></span> 
     </span>
    </p>
   </div>
   <div class='ocr_carea' id='block_1_4' title="bbox 670 1337 2800 1693">
    <p class='ocr_par' dir='ltr' id='par_1_6' title="bbox 670 1337 2800 1693">
     <span class='ocr_line' id='line_1_8' title="bbox 670 1337 2225 1449; baseline -0.033 1"><span class='ocrx_word' id='word_1_51' title='bbox 670 1367 953 1449; x_wconf 77' lang='lat' dir='ltr'><strong>Immisit</strong></span> <span class='ocrx_word' id='word_1_52' title='bbox 981 1359 1138 1438; x_wconf 78' lang='lat' dir='ltr'><strong>caelo</strong></span> <span class='ocrx_word' id='word_1_53' title='bbox 1170 1384 1186 1430; x_wconf 69' lang='grc' dir='ltr'><strong><em>ε</em></strong></span> <span class='ocrx_word' id='word_1_54' title='bbox 1217 1372 1443 1427; x_wconf 88' lang='lat' dir='ltr'><strong>tenues</strong></span> <span class='ocrx_word' id='word_1_55' title='bbox 1482 1342 1665 1418; x_wconf 87' lang='lat' dir='ltr'><strong>volat</strong></span> <span class='ocrx_word' id='word_1_56' title='bbox 1691 1337 1806 1412; x_wconf 80' lang='lat' dir='ltr'><strong>illa</strong></span> <span class='ocrx_word' id='word_1_57' title='bbox 1836 1362 1959 1436; x_wconf 87' lang='lat' dir='ltr'><strong>per</strong></span> <span class='ocrx_word' id='word_1_58' title='bbox 1989 1356 2180 1404; x_wconf 86' lang='lat' dir='ltr'><strong>auras</strong></span> <span class='ocrx_word' id='word_1_59' title='bbox 2207 1355 2225 1414; x_wconf 88' lang='lat'>;</span> 
     </span>
     <span class='ocr_line' id='line_1_9' title="bbox 672 1437 2800 1585; baseline -0.03 -20"><span class='ocrx_word' id='word_1_60' title='bbox 672 1492 985 1585; x_wconf 85' lang='lat' dir='ltr'>Dumque</span> <span class='ocrx_word' id='word_1_61' title='bbox 1017 1475 1234 1560; x_wconf 83' lang='lat' dir='ltr'><strong>volat,</strong></span> <span class='ocrx_word' id='word_1_62' title='bbox 1269 1490 1539 1565; x_wconf 80' lang='lat' dir='ltr'><strong>gemmae</strong></span> <span class='ocrx_word' id='word_1_63' title='bbox 1578 1456 1841 1533; x_wconf 90' lang='lat' dir='ltr'><strong>subitos</strong></span> <span class='ocrx_word' id='word_1_64' title='bbox 1874 1437 2221 1523; x_wconf 78' lang='lat' dir='ltr'><strong>vertuntur</strong></span> <span class='ocrx_word' id='word_1_65' title='bbox 2250 1441 2323 1514; x_wconf 90' lang='lat' dir='ltr'><strong>in</strong></span> <span class='ocrx_word' id='word_1_66' title='bbox 2350 1440 2576 1532; x_wconf 81' lang='lat' dir='ltr'><strong>ignes3</strong></span> <span class='ocrx_word' id='word_1_67' title='bbox 2708 1454 2800 1505; x_wconf 72' lang='lat'><strong>18⁰</strong></span> 
     </span>
     <span class='ocr_line' id='line_1_10' title="bbox 679 1562 2441 1693; baseline -0.032 -11"><span class='ocrx_word' id='word_1_68' title='bbox 679 1601 1202 1693; x_wconf 84' lang='lat' dir='ltr'><strong>Consistuntque</strong></span> <span class='ocrx_word' id='word_1_69' title='bbox 1231 1587 1383 1660; x_wconf 84' lang='lat' dir='ltr'><strong>loco</strong></span> <span class='ocrx_word' id='word_1_70' title='bbox 1406 1638 1424 1669; x_wconf 89' lang='lat'>‚</span> <span class='ocrx_word' id='word_1_71' title='bbox 1458 1575 1673 1680; x_wconf 87' lang='lat' dir='ltr'><strong>specie</strong></span> <span class='ocrx_word' id='word_1_72' title='bbox 1707 1582 2081 1646; x_wconf 78' lang='lat' dir='ltr'><strong>remanente</strong></span> <span class='ocrx_word' id='word_1_73' title='bbox 2117 1562 2397 1634; x_wconf 84' lang='lat' dir='ltr'><strong>Coronae</strong></span> <span class='ocrx_word' id='word_1_74' title='bbox 2422 1610 2441 1640; x_wconf 87' lang='lat'>‚</span> 
     </span>
    </p>
   </div>
   <div class='ocr_carea' id='block_1_5' title="bbox 680 1667 2604 1908">
    <p class='ocr_par' dir='ltr' id='par_1_7' title="bbox 680 1667 2604 1908">
     <span class='ocr_line' id='line_1_11' title="bbox 680 1667 2589 1819; baseline -0.031 -23"><span class='ocrx_word' id='word_1_75' title='bbox 680 1719 823 1819; x_wconf 80' lang='lat' dir='ltr'><strong>Qui</strong></span> <span class='ocrx_word' id='word_1_76' title='bbox 861 1710 1116 1790; x_wconf 82' lang='lat' dir='ltr'><strong>medius</strong></span> <span class='ocrx_word' id='word_1_77' title='bbox 1146 1701 1417 1800; x_wconf 77' lang='lat' dir='ltr'><strong>nixique</strong></span> <span class='ocrx_word' id='word_1_78' title='bbox 1455 1720 1630 1789; x_wconf 83' lang='lat' dir='ltr'><strong>genu</strong></span> <span class='ocrx_word' id='word_1_79' title='bbox 1664 1704 1767 1761; x_wconf 88' lang='lat' dir='ltr'><strong>est</strong></span> <span class='ocrx_word' id='word_1_80' title='bbox 1787 1742 1806 1774; x_wconf 83' lang='lat'>‚</span> <span class='ocrx_word' id='word_1_81' title='bbox 1838 1702 2249 1776; x_wconf 81' lang='lat' dir='ltr'><strong>anguemque</strong></span> <span class='ocrx_word' id='word_1_82' title='bbox 2284 1667 2589 1745; x_wconf 90' lang='lat' dir='ltr'><strong>tenentis.</strong></span> 
     </span>
     <span class='ocr_line' id='line_1_12' title="bbox 779 1797 2604 1908; baseline -0.03 0"><span class='ocrx_word' id='word_1_83' title='bbox 779 1835 901 1908; x_wconf 86' lang='lat' dir='ltr'><strong>ln.</strong></span> <span class='ocrx_word' id='word_1_84' title='bbox 937 1819 1254 1902; x_wconf 74' lang='lat' dir='ltr'><strong>Daedalus&#39;</strong></span> <span class='ocrx_word' id='word_1_85' title='bbox 1282 1817 1531 1888; x_wconf 88' lang='lat' dir='ltr'><strong>interea</strong></span> <span class='ocrx_word' id='word_1_86' title='bbox 1566 1808 1808 1880; x_wconf 80' lang='lat' dir='ltr'><strong>Creten</strong></span> <span class='ocrx_word' id='word_1_87' title='bbox 1832 1855 1851 1887; x_wconf 80' lang='lat'>‚</span> <span class='ocrx_word' id='word_1_88' title='bbox 1883 1797 2294 1891; x_wconf 82' lang='lat' dir='ltr'><strong>longumque</strong></span> <span class='ocrx_word' id='word_1_89' title='bbox 2324 1809 2604 1887; x_wconf 89' lang='lat' dir='ltr'><strong>perosus</strong></span> 
     </span>
    </p>
   </div>
   <div class='ocr_carea' id='block_1_6' title="bbox 687 1976 2814 2241">
    <p class='ocr_par' dir='ltr' id='par_1_8' title="bbox 687 1976 2814 2241">
     <span class='ocr_line' id='line_1_13' title="bbox 688 1976 2810 2090; baseline -0.028 -3"><span class='ocrx_word' id='word_1_90' title='bbox 688 2032 795 2087; x_wconf 89' lang='lat' dir='ltr'><strong>Od.</strong></span> <span class='ocrx_word' id='word_1_91' title='bbox 813 2041 1003 2090; x_wconf 72' lang='lat' dir='ltr'><strong>xxxiv,</strong></span> <span class='ocrx_word' id='word_1_92' title='bbox 1027 2018 1271 2075; x_wconf 64' lang='lat'><strong>5.-1⁵?10</strong></span> <span class='ocrx_word' id='word_1_93' title='bbox 1294 2013 1485 2064; x_wconf 74' lang='lat' dir='ltr'><strong>relecto.</strong></span> <span class='ocrx_word' id='word_1_94' title='bbox 1500 2001 1701 2075; x_wconf 76' lang='lat' dir='ltr'><strong>Hygin.</strong></span> <span class='ocrx_word' id='word_1_95' title='bbox 1797 1991 2005 2049; x_wconf 76' lang='lat' dir='ltr'><strong>Baccho</strong></span> <span class='ocrx_word' id='word_1_96' title='bbox 2024 1988 2095 2044; x_wconf 81' lang='lat' dir='ltr'><strong>illi</strong></span> <span class='ocrx_word' id='word_1_97' title='bbox 2113 1988 2166 2041; x_wconf 90' lang='lat' dir='ltr'><strong>in</strong></span> <span class='ocrx_word' id='word_1_98' title='bbox 2188 1985 2369 2038; x_wconf 84' lang='lat' dir='ltr'><strong>dotem</strong></span> <span class='ocrx_word' id='word_1_99' title='bbox 2394 1979 2585 2034; x_wconf 83' lang='lat' dir='ltr'><strong>datam.</strong></span> <span class='ocrx_word' id='word_1_100' title='bbox 2603 1976 2810 2031; x_wconf 86' lang='lat' dir='ltr'><strong>Secun—</strong></span> 
     </span>
     <span class='ocr_line' id='line_1_14' title="bbox 687 2053 2812 2180; baseline -0.029 -16"><span class='ocrx_word' id='word_1_101' title='bbox 687 2116 750 2180; x_wconf 75' lang='lat'><strong>4²</strong></span> <span class='ocrx_word' id='word_1_102' title='bbox 769 2149 784 2176; x_wconf 85' lang='lat'><strong>,</strong></span> <span class='ocrx_word' id='word_1_103' title='bbox 808 2110 978 2160; x_wconf 76' lang='lat' dir='ltr'><strong>licium</strong></span> <span class='ocrx_word' id='word_1_104' title='bbox 995 2095 1279 2152; x_wconf 71' lang='lat' dir='ltr'><strong>revolvendo</strong></span> <span class='ocrx_word' id='word_1_105' title='bbox 1287 2089 1441 2158; x_wconf 86' lang='lat' dir='ltr'><strong>soms</strong></span> <span class='ocrx_word' id='word_1_106' title='bbox 1453 2090 1532 2136; x_wconf 82' lang='lat' dir='ltr'><strong>est</strong></span> <span class='ocrx_word' id='word_1_107' title='bbox 1541 2096 1702 2147; x_wconf 67' lang='lat' dir='ltr'><strong>egres·</strong></span> <span class='ocrx_word' id='word_1_108' title='bbox 1798 2072 1930 2125; x_wconf 88' lang='lat' dir='ltr'><strong>dum</strong></span> <span class='ocrx_word' id='word_1_109' title='bbox 1959 2068 2085 2121; x_wconf 81' lang='lat' dir='ltr'><strong>aiios</strong></span> <span class='ocrx_word' id='word_1_110' title='bbox 2111 2066 2218 2134; x_wconf 80' lang='lat' dir='ltr'><strong>ipsa</strong></span> <span class='ocrx_word' id='word_1_111' title='bbox 2259 2059 2491 2114; x_wconf 81' lang='lat' dir='ltr'><strong>Ariadne</strong></span> <span class='ocrx_word' id='word_1_112' title='bbox 2531 2058 2585 2109; x_wconf 89' lang='lat' dir='ltr'><strong>in</strong></span> <span class='ocrx_word' id='word_1_113' title='bbox 2623 2053 2812 2107; x_wconf 65' lang='lat' dir='ltr'><strong>celum</strong></span> 
     </span>
     <span class='ocr_line' id='line_1_15' title="bbox 933 2136 2814 2241; baseline -0.026 -9"><span class='ocrx_word' id='word_1_114' title='bbox 933 2177 1063 2232; x_wconf 85' lang='lat' dir='ltr'><strong>linio</strong></span> <span class='ocrx_word' id='word_1_115' title='bbox 1088 2214 1104 2241; x_wconf 81' lang='lat'>‚</span> <span class='ocrx_word' id='word_1_116' title='bbox 1140 2182 1311 2225; x_wconf 73' lang='lat' dir='ltr'>xxxvx</span> <span class='ocrx_word' id='word_1_117' title='bbox 1331 2205 1346 2233; x_wconf 83' lang='lat'>,</span> <span class='ocrx_word' id='word_1_118' title='bbox 1390 2181 1452 2234; x_wconf 83' lang='lat'><strong>¹9</strong></span> <span class='ocrx_word' id='word_1_119' title='bbox 1468 2200 1483 2227; x_wconf 89' lang='lat'>,</span> <span class='ocrx_word' id='word_1_120' title='bbox 1510 2161 1704 2229; x_wconf 68' lang='lat' dir='ltr'><strong>glomus</strong></span> <span class='ocrx_word' id='word_1_121' title='bbox 1799 2151 1977 2206; x_wconf 83' lang='lat' dir='ltr'><strong>relata.</strong></span> <span class='ocrx_word' id='word_1_122' title='bbox 1992 2142 2297 2215; x_wconf 73' lang='lat' dir='ltr'><strong>Propertius</strong></span> <span class='ocrx_word' id='word_1_123' title='bbox 2311 2181 2326 2207; x_wconf 85' lang='lat'>‚</span> <span class='ocrx_word' id='word_1_124' title='bbox 2348 2140 2464 2206; x_wconf 88' lang='lat'>111,</span> <span class='ocrx_word' id='word_1_125' title='bbox 2486 2154 2576 2201; x_wconf 67' lang='grc' dir='ltr'><strong>κν,</strong></span> <span class='ocrx_word' id='word_1_126' title='bbox 2601 2137 2632 2189; x_wconf 87' lang='grc'><strong>8</strong></span> <span class='ocrx_word' id='word_1_127' title='bbox 2651 2175 2665 2200; x_wconf 88' lang='grc'>,</span> <span class='ocrx_word' id='word_1_128' title='bbox 2682 2136 2814 2203; x_wconf 76' lang='lat' dir='ltr'><strong>Lyn·</strong></span> 
     </span>
    </p>
   </div>
   <div class='ocr_carea' id='block_1_7' title="bbox 687 2184 2816 2322">
    <p class='ocr_par' dir='ltr' id='par_1_9' title="bbox 687 2184 2816 2322">
     <span class='ocr_line' id='line_1_16' title="bbox 687 2184 932 2243; baseline -0.029 0"><span class='ocrx_word' id='word_1_129' title='bbox 687 2207 777 2243; x_wconf 70' lang='lat' dir='ltr'><strong>sus</strong></span> <span class='ocrx_word' id='word_1_130' title='bbox 794 2204 805 2217; x_wconf 92' lang='lat'><strong>·</strong></span> <span class='ocrx_word' id='word_1_131' title='bbox 837 2204 867 2238; x_wconf 84' lang='lat' dir='ltr'><strong>a</strong></span> <span class='ocrx_word' id='word_1_132' title='bbox 887 2184 932 2236; x_wconf 88' lang='lat' dir='ltr'>P</span> 
     </span>
     <span class='ocr_line' id='line_1_17' title="bbox 689 2213 2816 2322; baseline -0.016 -26"><span class='ocrx_word' id='word_1_133' title='bbox 689 2226 1042 2322; x_wconf 43' lang='lat' dir='ltr'><strong>‘mi’vocamss</strong></span> <span class='ocrx_word' id='word_1_134' title='bbox 1802 2233 1945 2284; x_wconf 75' lang='lat' dir='ltr'><strong>cibus</strong></span> <span class='ocrx_word' id='word_1_135' title='bbox 1957 2232 2013 2279; x_wconf 78' lang='lat' dir='ltr'><strong>in</strong></span> <span class='ocrx_word' id='word_1_136' title='bbox 2026 2227 2199 2278; x_wconf 75' lang='lat' dir='ltr'><strong>celum</strong></span> <span class='ocrx_word' id='word_1_137' title='bbox 2219 2227 2367 2274; x_wconf 81' lang='lat' dir='ltr'><strong>vecta</strong></span> <span class='ocrx_word' id='word_1_138' title='bbox 2390 2217 2638 2271; x_wconf 78' lang='lat' dir='ltr'><strong>Ariadna.</strong></span> <span class='ocrx_word' id='word_1_139' title='bbox 2666 2213 2745 2265; x_wconf 89' lang='lat' dir='ltr'><strong>lta</strong></span> <span class='ocrx_word' id='word_1_140' title='bbox 2761 2220 2816 2263; x_wconf 88' lang='lat' dir='ltr'><strong>et</strong></span> 
     </span>
    </p>
   </div>
   <div class='ocr_carea' id='block_1_8' title="bbox 694 2290 2827 2792">
    <p class='ocr_par' dir='ltr' id='par_1_10' title="bbox 694 2290 2827 2792">
     <span class='ocr_line' id='line_1_18' title="bbox 762 2290 2816 2418; baseline -0.031 -17"><span class='ocrx_word' id='word_1_141' title='bbox 762 2347 871 2418; x_wconf 78' lang='lat'><strong>¹74-</strong></span> <span class='ocrx_word' id='word_1_142' title='bbox 896 2344 1039 2396; x_wconf 77' lang='lat' dir='ltr'><strong>Dian</strong></span> <span class='ocrx_word' id='word_1_143' title='bbox 1054 2376 1067 2398; x_wconf 88' lang='lat'>,</span> <span class='ocrx_word' id='word_1_144' title='bbox 1112 2349 1211 2403; x_wconf 84' lang='lat' dir='ltr'><strong>pro</strong></span> <span class='ocrx_word' id='word_1_145' title='bbox 1235 2329 1393 2383; x_wconf 67' lang='lat' dir='ltr'><strong>Diam</strong></span> <span class='ocrx_word' id='word_1_146' title='bbox 1410 2361 1423 2384; x_wconf 86' lang='lat'>‚</span> <span class='ocrx_word' id='word_1_147' title='bbox 1448 2312 1710 2373; x_wconf 79' lang='lat' dir='ltr'><strong>secundus</strong></span> <span class='ocrx_word' id='word_1_148' title='bbox 1805 2310 2017 2371; x_wconf 87' lang='lat' dir='ltr'><strong>Noster,</strong></span> <span class='ocrx_word' id='word_1_149' title='bbox 2036 2303 2122 2357; x_wconf 86' lang='lat'><strong>111</strong></span> <span class='ocrx_word' id='word_1_150' title='bbox 2134 2301 2271 2353; x_wconf 83' lang='lat' dir='ltr'><strong>Fast.</strong></span> <span class='ocrx_word' id='word_1_151' title='bbox 2290 2301 2381 2367; x_wconf 86' lang='lat'><strong>507</strong></span> <span class='ocrx_word' id='word_1_152' title='bbox 2401 2314 2513 2363; x_wconf 83' lang='lat' dir='ltr'><strong>sqq.</strong></span> <span class='ocrx_word' id='word_1_153' title='bbox 2528 2290 2667 2344; x_wconf 85' lang='lat' dir='ltr'><strong>Vide</strong></span> <span class='ocrx_word' id='word_1_154' title='bbox 2686 2291 2816 2343; x_wconf 91' lang='lat' dir='ltr'><strong>Bru·</strong></span> 
     </span>
     <span class='ocr_line' id='line_1_19' title="bbox 694 2367 2817 2483; baseline -0.032 -1"><span class='ocrx_word' id='word_1_155' title='bbox 694 2424 963 2483; x_wconf 82' lang='lat' dir='ltr'><strong>Palatinus</strong></span> <span class='ocrx_word' id='word_1_156' title='bbox 995 2425 1050 2470; x_wconf 87' lang='lat' dir='ltr'><strong>et</strong></span> <span class='ocrx_word' id='word_1_157' title='bbox 1082 2411 1190 2464; x_wconf 87' lang='lat' dir='ltr'><strong>duo</strong></span> <span class='ocrx_word' id='word_1_158' title='bbox 1237 2404 1337 2458; x_wconf 83' lang='lat' dir='ltr'><strong>alii.</strong></span> <span class='ocrx_word' id='word_1_159' title='bbox 1370 2395 1523 2467; x_wconf 81' lang='lat' dir='ltr'><strong>Regii</strong></span> <span class='ocrx_word' id='word_1_160' title='bbox 1544 2389 1712 2447; x_wconf 85' lang='lat' dir='ltr'><strong>nostri</strong></span> <span class='ocrx_word' id='word_1_161' title='bbox 1805 2383 2045 2440; x_wconf 79' lang='lat' dir='ltr'><strong>ehusium</strong></span> <span class='ocrx_word' id='word_1_162' title='bbox 2058 2378 2121 2433; x_wconf 89' lang='lat' dir='ltr'><strong>ad</strong></span> <span class='ocrx_word' id='word_1_163' title='bbox 2137 2371 2610 2445; x_wconf 87' lang='lat' dir='ltr'><strong>Propertiidictum</strong></span> <span class='ocrx_word' id='word_1_164' title='bbox 2624 2367 2817 2420; x_wconf 88' lang='lat' dir='ltr'><strong>locum.</strong></span> 
     </span>
     <span class='ocr_line' id='line_1_20' title="bbox 698 2446 2823 2560; baseline -0.037 9"><span class='ocrx_word' id='word_1_165' title='bbox 698 2504 852 2560; x_wconf 68' lang='lat' dir='ltr'><strong>ambo</strong></span> <span class='ocrx_word' id='word_1_166' title='bbox 883 2497 1084 2551; x_wconf 63' lang='lat' dir='ltr'><strong>babent</strong></span> <span class='ocrx_word' id='word_1_167' title='bbox 1126 2489 1305 2540; x_wconf 67' lang='lat' dir='ltr'><strong>Cbl&#39;am</strong></span> <span class='ocrx_word' id='word_1_168' title='bbox 1324 2521 1338 2543; x_wconf 69' lang='lat'><strong><em>9</em></strong></span> <span class='ocrx_word' id='word_1_169' title='bbox 1390 2493 1512 2529; x_wconf 72' lang='lat' dir='ltr'><strong>cum</strong></span> <span class='ocrx_word' id='word_1_170' title='bbox 1549 2470 1714 2542; x_wconf 59' lang='lat' dir='ltr'><strong>glosa</strong></span> <span class='ocrx_word' id='word_1_171' title='bbox 1807 2463 2075 2515; x_wconf 76' lang='lat' dir='ltr'><strong>——Subilos</strong></span> <span class='ocrx_word' id='word_1_172' title='bbox 2087 2462 2244 2524; x_wconf 67' lang='lat' dir='ltr'><strong>ignes.</strong></span> <span class='ocrx_word' id='word_1_173' title='bbox 2266 2446 2604 2504; x_wconf 79' lang='lat' dir='ltr'><strong>Lovaniensis</strong></span> <span class='ocrx_word' id='word_1_174' title='bbox 2617 2455 2671 2499; x_wconf 87' lang='lat' dir='ltr'><strong>et</strong></span> <span class='ocrx_word' id='word_1_175' title='bbox 2685 2462 2823 2497; x_wconf 69' lang='lat' dir='ltr'><strong>unus</strong></span> 
     </span>
     <span class='ocr_line' id='line_1_21' title="bbox 698 2524 2823 2639; baseline -0.032 -1"><span class='ocrx_word' id='word_1_176' title='bbox 698 2563 1023 2638; x_wconf 74' lang='lat' dir='ltr'><strong>interlineari</strong></span> <span class='ocrx_word' id='word_1_177' title='bbox 1048 2612 1064 2639; x_wconf 82' lang='lat'>,</span> <span class='ocrx_word' id='word_1_178' title='bbox 1100 2566 1331 2621; x_wconf 58' lang='lat' dir='ltr'><strong>besulam.</strong></span> <span class='ocrx_word' id='word_1_179' title='bbox 1354 2586 1421 2598; x_wconf 91' lang='lat'>-</span> <span class='ocrx_word' id='word_1_180' title='bbox 1442 2553 1527 2608; x_wconf 86' lang='lat' dir='ltr'><strong>De</strong></span> <span class='ocrx_word' id='word_1_181' title='bbox 1558 2552 1671 2603; x_wconf 66' lang='grc' dir='ltr'><strong>Βία</strong></span> <span class='ocrx_word' id='word_1_182' title='bbox 1690 2587 1705 2610; x_wconf 84' lang='grc'><em>,</em></span> <span class='ocrx_word' id='word_1_183' title='bbox 1810 2539 2084 2596; x_wconf 74' lang='lat' dir='ltr'><strong>Mediceus</strong></span> <span class='ocrx_word' id='word_1_184' title='bbox 2102 2574 2118 2601; x_wconf 80' lang='lat'>‚</span> <span class='ocrx_word' id='word_1_185' title='bbox 2147 2534 2354 2594; x_wconf 64' lang='lat' dir='ltr'><strong>rult&#39;losJ</strong></span> <span class='ocrx_word' id='word_1_186' title='bbox 2390 2525 2562 2581; x_wconf 65' lang='lat' dir='ltr'><strong>ceteri</strong></span> <span class='ocrx_word' id='word_1_187' title='bbox 2581 2562 2597 2590; x_wconf 80' lang='lat'>,</span> <span class='ocrx_word' id='word_1_188' title='bbox 2616 2524 2823 2577; x_wconf 77' lang='lat' dir='ltr'><strong>nitidos.</strong></span> 
     </span>
     <span class='ocr_line' id='line_1_22' title="bbox 698 2601 2827 2717; baseline -0.035 -2"><span class='ocrx_word' id='word_1_189' title='bbox 698 2660 817 2716; x_wconf 79' lang='lat' dir='ltr'><strong>vide</strong></span> <span class='ocrx_word' id='word_1_190' title='bbox 837 2655 902 2709; x_wconf 92' lang='lat' dir='ltr'><strong>ad</strong></span> <span class='ocrx_word' id='word_1_191' title='bbox 927 2652 1012 2705; x_wconf 85' lang='lat' dir='ltr'><strong>Ill</strong></span> <span class='ocrx_word' id='word_1_192' title='bbox 1032 2688 1047 2714; x_wconf 85' lang='lat'>‚</span> <span class='ocrx_word' id='word_1_193' title='bbox 1075 2650 1185 2717; x_wconf 75' lang='lat'>597.</span> <span class='ocrx_word' id='word_1_194' title='bbox 1206 2636 1361 2708; x_wconf 83' lang='lat' dir='ltr'><strong>Apud</strong></span> <span class='ocrx_word' id='word_1_195' title='bbox 1379 2635 1684 2688; x_wconf 85' lang='lat' dir='ltr'><strong>Homerum</strong></span> <span class='ocrx_word' id='word_1_196' title='bbox 1697 2666 1714 2695; x_wconf 87' lang='lat'>,</span> <span class='ocrx_word' id='word_1_197' title='bbox 1814 2621 1936 2674; x_wconf 84' lang='lat' dir='ltr'><strong>Hoc</strong></span> <span class='ocrx_word' id='word_1_198' title='bbox 1950 2617 2144 2671; x_wconf 79' lang='lat' dir='ltr'><strong>Noster</strong></span> <span class='ocrx_word' id='word_1_199' title='bbox 2159 2627 2368 2681; x_wconf 87' lang='lat' dir='ltr'><strong>quoque</strong></span> <span class='ocrx_word' id='word_1_200' title='bbox 2390 2605 2587 2676; x_wconf 72' lang='lat' dir='ltr'><strong>Regius</strong></span> <span class='ocrx_word' id='word_1_201' title='bbox 2604 2604 2650 2657; x_wconf 90' lang='grc' dir='ltr'>Β</span> <span class='ocrx_word' id='word_1_202' title='bbox 2670 2623 2683 2665; x_wconf 81' lang='grc'><strong>;</strong></span> <span class='ocrx_word' id='word_1_203' title='bbox 2713 2601 2827 2653; x_wconf 76' lang='lat' dir='ltr'><strong>Co.</strong></span> 
     </span>
     <span class='ocr_line' id='line_1_23' title="bbox 706 2682 2826 2792; baseline -0.028 -2"><span class='ocrx_word' id='word_1_204' title='bbox 706 2738 845 2792; x_wconf 85' lang='lat' dir='ltr'><strong>dicto</strong></span> <span class='ocrx_word' id='word_1_205' title='bbox 864 2734 978 2784; x_wconf 78' lang='lat' dir='ltr'><strong>loco</strong></span> <span class='ocrx_word' id='word_1_206' title='bbox 997 2765 1012 2790; x_wconf 84' lang='lat'>‚</span> <span class='ocrx_word' id='word_1_207' title='bbox 1030 2723 1206 2775; x_wconf 82' lang='lat' dir='ltr'><strong>Diana</strong></span> <span class='ocrx_word' id='word_1_208' title='bbox 1226 2715 1429 2768; x_wconf 86' lang='lat' dir='ltr'><strong>detinet</strong></span> <span class='ocrx_word' id='word_1_209' title='bbox 1447 2704 1716 2762; x_wconf 79' lang='lat' dir='ltr'><strong>Ariadnen</strong></span> <span class='ocrx_word' id='word_1_210' title='bbox 1816 2697 1915 2752; x_wconf 85' lang='lat' dir='ltr'><strong>dex</strong></span> <span class='ocrx_word' id='word_1_211' title='bbox 1938 2696 1985 2748; x_wconf 87' lang='lat' dir='ltr'><strong>A</strong></span> <span class='ocrx_word' id='word_1_212' title='bbox 2004 2734 2020 2761; x_wconf 89' lang='lat'>,</span> <span class='ocrx_word' id='word_1_213' title='bbox 2046 2695 2252 2745; x_wconf 78' lang='lat' dir='ltr'><strong>subitos.</strong></span> <span class='ocrx_word' id='word_1_214' title='bbox 2279 2715 2345 2727; x_wconf 91' lang='lat'><strong>—</strong></span> <span class='ocrx_word' id='word_1_215' title='bbox 2369 2687 2596 2752; x_wconf 63' lang='lat' dir='ltr'><strong>Nixique.</strong></span> <span class='ocrx_word' id='word_1_216' title='bbox 2616 2682 2826 2750; x_wconf 82' lang='lat' dir='ltr'><strong>Argen·</strong></span> 
     </span>
    </p>
   </div>
   <div class='ocr_carea' id='block_1_9' title="bbox 706 2767 2832 2960">
    <p class='ocr_par' dir='ltr' id='par_1_11' title="bbox 706 2767 2832 2960">
     <span class='ocr_line' id='line_1_24' title="bbox 706 2767 2544 2869; baseline -0.031 0"><span class='ocrx_word' id='word_1_217' title='bbox 706 2816 762 2869; x_wconf 91' lang='lat' dir='ltr'><strong>in</strong></span> <span class='ocrx_word' id='word_1_218' title='bbox 785 2807 954 2865; x_wconf 86' lang='lat' dir='ltr'><strong>insula</strong></span> <span class='ocrx_word' id='word_1_219' title='bbox 979 2802 1082 2855; x_wconf 86' lang='lat' dir='ltr'><strong>Dia</strong></span> <span class='ocrx_word' id='word_1_220' title='bbox 1100 2837 1115 2866; x_wconf 87' lang='lat'><strong>,</strong></span> <span class='ocrx_word' id='word_1_221' title='bbox 1143 2791 1352 2848; x_wconf 84' lang='lat' dir='ltr'><strong>Baccho</strong></span> <span class='ocrx_word' id='word_1_222' title='bbox 1374 2788 1448 2841; x_wconf 82' lang='lat' dir='ltr'><strong>sie</strong></span> <span class='ocrx_word' id='word_1_223' title='bbox 1475 2782 1684 2836; x_wconf 80' lang='lat' dir='ltr'><strong>volente</strong></span> <span class='ocrx_word' id='word_1_224' title='bbox 1703 2817 1719 2844; x_wconf 85' lang='lat'>,</span> <span class='ocrx_word' id='word_1_225' title='bbox 1819 2775 1960 2829; x_wconf 88' lang='lat' dir='ltr'><strong>tinus</strong></span> <span class='ocrx_word' id='word_1_226' title='bbox 1987 2782 2040 2825; x_wconf 90' lang='lat' dir='ltr'><strong>et</strong></span> <span class='ocrx_word' id='word_1_227' title='bbox 2059 2767 2257 2822; x_wconf 90' lang='lat' dir='ltr'><strong>Moreti</strong></span> <span class='ocrx_word' id='word_1_228' title='bbox 2275 2805 2290 2833; x_wconf 90' lang='lat'>‚</span> <span class='ocrx_word' id='word_1_229' title='bbox 2303 2767 2544 2832; x_wconf 70' lang='lat' dir='ltr'><strong>fletique.</strong></span> 
     </span>
     <span class='ocr_line' id='line_1_25' title="bbox 710 2838 2832 2960; baseline -0.031 -17"><span class='ocrx_word' id='word_1_230' title='bbox 710 2890 801 2960; x_wconf 86' lang='lat' dir='ltr'><strong>qui</strong></span> <span class='ocrx_word' id='word_1_231' title='bbox 823 2902 940 2940; x_wconf 85' lang='lat' dir='ltr'><strong>eam</strong></span> <span class='ocrx_word' id='word_1_232' title='bbox 956 2877 1101 2932; x_wconf 74' lang='lat' dir='ltr'><strong>duxit</strong></span> <span class='ocrx_word' id='word_1_233' title='bbox 1113 2886 1349 2926; x_wconf 67' lang='lat' dir='ltr'><strong>uxorem.</strong></span> <span class='ocrx_word' id='word_1_234' title='bbox 1371 2861 1589 2916; x_wconf 81' lang='lat' dir='ltr'><strong>Confer.</strong></span> <span class='ocrx_word' id='word_1_235' title='bbox 1605 2858 1726 2911; x_wconf 78' lang='lat' dir='ltr'><strong>He-</strong></span> <span class='ocrx_word' id='word_1_236' title='bbox 1893 2853 2138 2922; x_wconf 76' lang='lat'><strong>183-259.</strong></span> <span class='ocrx_word' id='word_1_237' title='bbox 2164 2849 2411 2904; x_wconf 71' lang='lat' dir='ltr'><strong>DaedaIus</strong></span> <span class='ocrx_word' id='word_1_238' title='bbox 2426 2883 2438 2905; x_wconf 91' lang='lat'><em>‚</em></span> <span class='ocrx_word' id='word_1_239' title='bbox 2463 2844 2640 2894; x_wconf 76' lang='lat' dir='ltr'><strong>Icarus</strong></span> <span class='ocrx_word' id='word_1_240' title='bbox 2653 2847 2706 2890; x_wconf 78' lang='lat' dir='ltr'><strong>et</strong></span> <span class='ocrx_word' id='word_1_241' title='bbox 2718 2838 2832 2890; x_wconf 70' lang='lat' dir='ltr'><strong>Per.</strong></span> 
     </span>
    </p>
   </div>
   <div class='ocr_carea' id='block_1_10' title="bbox 712 2915 2856 4277">
    <p class='ocr_par' dir='ltr' id='par_1_12' title="bbox 712 2915 2836 3158">
     <span class='ocr_line' id='line_1_26' title="bbox 712 2915 2836 3030; baseline -0.026 -7"><span class='ocrx_word' id='word_1_242' title='bbox 712 2967 886 3024; x_wconf 78' lang='lat' dir='ltr'><strong>siodus</strong></span> <span class='ocrx_word' id='word_1_243' title='bbox 905 3003 920 3030; x_wconf 87' lang='lat'>,</span> <span class='ocrx_word' id='word_1_244' title='bbox 958 2957 1160 3023; x_wconf 78' lang='lat' dir='ltr'><strong>Theog.</strong></span> <span class='ocrx_word' id='word_1_245' title='bbox 1186 2952 1313 3022; x_wconf 77' lang='lat'><strong>947;</strong></span> <span class='ocrx_word' id='word_1_246' title='bbox 1350 2943 1545 2997; x_wconf 87' lang='lat' dir='ltr'><strong>Noster</strong></span> <span class='ocrx_word' id='word_1_247' title='bbox 1565 2978 1580 3005; x_wconf 91' lang='lat'>‚</span> <span class='ocrx_word' id='word_1_248' title='bbox 1608 2937 1728 2990; x_wconf 85' lang='lat' dir='ltr'><strong>He-</strong></span> <span class='ocrx_word' id='word_1_249' title='bbox 1821 2935 1928 2986; x_wconf 70' lang='lat' dir='ltr'><strong>dix.</strong></span> <span class='ocrx_word' id='word_1_250' title='bbox 1944 2931 2189 2983; x_wconf 74' lang='lat' dir='ltr'><strong>Dodalus</strong></span> <span class='ocrx_word' id='word_1_251' title='bbox 2205 2923 2428 2979; x_wconf 81' lang='lat' dir='ltr'><strong>Athenis</strong></span> <span class='ocrx_word' id='word_1_252' title='bbox 2441 2916 2655 2988; x_wconf 72' lang='lat' dir='ltr'><strong>exregia</strong></span> <span class='ocrx_word' id='word_1_253' title='bbox 2671 2915 2836 2983; x_wconf 86' lang='lat' dir='ltr'><strong>stirpe</strong></span> 
     </span>
     <span class='ocr_line' id='line_1_27' title="bbox 716 2992 2829 3105; baseline -0.027 -5"><span class='ocrx_word' id='word_1_254' title='bbox 716 3043 848 3100; x_wconf 88' lang='lat' dir='ltr'><strong>roid.</strong></span> <span class='ocrx_word' id='word_1_255' title='bbox 871 3041 928 3094; x_wconf 89' lang='lat'><strong>11</strong></span> <span class='ocrx_word' id='word_1_256' title='bbox 944 3077 959 3103; x_wconf 91' lang='lat'>,</span> <span class='ocrx_word' id='word_1_257' title='bbox 992 3054 1088 3105; x_wconf 71' lang='lat'><strong>79³</strong></span> <span class='ocrx_word' id='word_1_258' title='bbox 1118 3030 1196 3084; x_wconf 82' lang='lat' dir='ltr'><strong>lv</strong></span> <span class='ocrx_word' id='word_1_259' title='bbox 1215 3066 1229 3093; x_wconf 88' lang='lat'>,</span> <span class='ocrx_word' id='word_1_260' title='bbox 1257 3030 1320 3097; x_wconf 76' lang='grc'><strong>59</strong></span> <span class='ocrx_word' id='word_1_261' title='bbox 1339 3041 1355 3087; x_wconf 83' lang='grc'><strong>·,</strong></span> <span class='ocrx_word' id='word_1_262' title='bbox 1376 3014 1690 3073; x_wconf 77' lang='lat' dir='ltr'><strong>Plutarchus</strong></span> <span class='ocrx_word' id='word_1_263' title='bbox 1710 3052 1726 3079; x_wconf 87' lang='lat'>,</span> <span class='ocrx_word' id='word_1_264' title='bbox 1825 3021 1970 3064; x_wconf 88' lang='lat' dir='ltr'><strong>ortus</strong></span> <span class='ocrx_word' id='word_1_265' title='bbox 1989 3048 2004 3075; x_wconf 91' lang='lat'>‚</span> <span class='ocrx_word' id='word_1_266' title='bbox 2029 3006 2197 3060; x_wconf 89' lang='lat' dir='ltr'><strong>occiso</strong></span> <span class='ocrx_word' id='word_1_267' title='bbox 2219 3004 2425 3055; x_wconf 81' lang='lat' dir='ltr'><strong>Perdice</strong></span> <span class='ocrx_word' id='word_1_268' title='bbox 2439 3040 2452 3060; x_wconf 92' lang='lat'>,</span> <span class='ocrx_word' id='word_1_269' title='bbox 2478 2995 2668 3051; x_wconf 85' lang='lat' dir='ltr'><strong>sororis</strong></span> <span class='ocrx_word' id='word_1_270' title='bbox 2688 2992 2796 3045; x_wconf 75' lang='lat' dir='ltr'><strong>mio</strong></span> <span class='ocrx_word' id='word_1_271' title='bbox 2815 3031 2829 3056; x_wconf 84' lang='lat'><strong>,</strong></span> 
     </span>
     <span class='ocr_line' id='line_1_28' title="bbox 1173 3068 2834 3158; baseline -0.022 -2"><span class='ocrx_word' id='word_1_272' title='bbox 1173 3110 1185 3123; x_wconf 87' lang='lat'>&#39;</span> <span class='ocrx_word' id='word_1_273' title='bbox 1248 3106 1259 3120; x_wconf 81' lang='lat'>⁸</span> <span class='ocrx_word' id='word_1_274' title='bbox 1587 3094 1601 3107; x_wconf 84' lang='lat'><strong><em>&#39;</em></strong></span> <span class='ocrx_word' id='word_1_275' title='bbox 1712 3131 1728 3158; x_wconf 88' lang='lat'>,</span> <span class='ocrx_word' id='word_1_276' title='bbox 1825 3089 1881 3141; x_wconf 85' lang='lat' dir='ltr'><strong>in</strong></span> <span class='ocrx_word' id='word_1_277' title='bbox 1912 3085 2127 3139; x_wconf 85' lang='lat' dir='ltr'><strong>Cretam</strong></span> <span class='ocrx_word' id='word_1_278' title='bbox 2155 3080 2287 3150; x_wconf 81' lang='lat' dir='ltr'><strong>sugit</strong></span> <span class='ocrx_word' id='word_1_279' title='bbox 2315 3076 2379 3130; x_wconf 85' lang='lat' dir='ltr'><strong>ad</strong></span> <span class='ocrx_word' id='word_1_280' title='bbox 2405 3075 2607 3129; x_wconf 83' lang='lat' dir='ltr'><strong>Minoa.</strong></span> <span class='ocrx_word' id='word_1_281' title='bbox 2646 3068 2751 3124; x_wconf 88' lang='lat' dir='ltr'><strong>Sed</strong></span> <span class='ocrx_word' id='word_1_282' title='bbox 2780 3077 2834 3119; x_wconf 89' lang='lat' dir='ltr'><strong>et</strong></span> 
     </span>
    </p>

    <p class='ocr_par' dir='ltr' id='par_1_13' title="bbox 718 3147 2856 4277">
     <span class='ocr_line' id='line_1_29' title="bbox 718 3147 2837 3266; baseline -0.03 -7"><span class='ocrx_word' id='word_1_283' title='bbox 718 3201 1018 3266; x_wconf 74' lang='lat' dir='ltr'><strong>emittitque</strong></span> <span class='ocrx_word' id='word_1_284' title='bbox 1040 3232 1055 3259; x_wconf 89' lang='lat'>‚</span> <span class='ocrx_word' id='word_1_285' title='bbox 1088 3207 1175 3242; x_wconf 89' lang='lat' dir='ltr'><strong>me</strong></span> <span class='ocrx_word' id='word_1_286' title='bbox 1201 3183 1372 3254; x_wconf 61' lang='lat' dir='ltr'><strong>judice</strong></span> <span class='ocrx_word' id='word_1_287' title='bbox 1392 3221 1405 3243; x_wconf 86' lang='lat'>,</span> <span class='ocrx_word' id='word_1_288' title='bbox 1431 3194 1543 3230; x_wconf 91' lang='lat' dir='ltr'><strong>non</strong></span> <span class='ocrx_word' id='word_1_289' title='bbox 1571 3172 1733 3225; x_wconf 85' lang='lat' dir='ltr'><strong>omit·</strong></span> <span class='ocrx_word' id='word_1_290' title='bbox 1825 3165 1898 3218; x_wconf 89' lang='lat' dir='ltr'><strong>ibi</strong></span> <span class='ocrx_word' id='word_1_291' title='bbox 1921 3161 2099 3232; x_wconf 82' lang='lat' dir='ltr'><strong>capitis</strong></span> <span class='ocrx_word' id='word_1_292' title='bbox 2120 3159 2397 3212; x_wconf 88' lang='lat' dir='ltr'><strong>damnatus</strong></span> <span class='ocrx_word' id='word_1_293' title='bbox 2410 3191 2426 3219; x_wconf 86' lang='lat'>,</span> <span class='ocrx_word' id='word_1_294' title='bbox 2444 3171 2473 3204; x_wconf 93' lang='lat' dir='ltr'><strong>e</strong></span> <span class='ocrx_word' id='word_1_295' title='bbox 2490 3147 2722 3204; x_wconf 86' lang='lat' dir='ltr'><strong>custodia</strong></span> <span class='ocrx_word' id='word_1_296' title='bbox 2742 3163 2837 3196; x_wconf 88' lang='lat' dir='ltr'><strong>au-</strong></span> 
     </span>
     <span class='ocr_line' id='line_1_30' title="bbox 723 3222 2840 3339; baseline -0.031 -1"><span class='ocrx_word' id='word_1_297' title='bbox 723 3280 895 3339; x_wconf 84' lang='lat' dir='ltr'><strong>tenda.</strong></span> <span class='ocrx_word' id='word_1_298' title='bbox 922 3278 1029 3330; x_wconf 85' lang='lat' dir='ltr'><strong>Par</strong></span> <span class='ocrx_word' id='word_1_299' title='bbox 1052 3269 1197 3325; x_wconf 87' lang='lat' dir='ltr'><strong>enim</strong></span> <span class='ocrx_word' id='word_1_300' title='bbox 1224 3273 1335 3317; x_wconf 87' lang='lat' dir='ltr'><strong>erat</strong></span> <span class='ocrx_word' id='word_1_301' title='bbox 1356 3302 1372 3329; x_wconf 88' lang='lat'>,</span> <span class='ocrx_word' id='word_1_302' title='bbox 1418 3254 1685 3311; x_wconf 78' lang='lat' dir='ltr'><strong>Ariadnen</strong></span> <span class='ocrx_word' id='word_1_303' title='bbox 1715 3290 1730 3317; x_wconf 90' lang='lat'>‚</span> <span class='ocrx_word' id='word_1_304' title='bbox 1828 3244 1962 3313; x_wconf 68' lang='lat' dir='ltr'><strong>sugit</strong></span> <span class='ocrx_word' id='word_1_305' title='bbox 1982 3259 2105 3295; x_wconf 82' lang='lat' dir='ltr'><strong>eum</strong></span> <span class='ocrx_word' id='word_1_306' title='bbox 2131 3241 2277 3291; x_wconf 77' lang='lat' dir='ltr'><strong>Icaro</strong></span> <span class='ocrx_word' id='word_1_307' title='bbox 2301 3232 2439 3297; x_wconf 80' lang='lat' dir='ltr'><strong>filio,</strong></span> <span class='ocrx_word' id='word_1_308' title='bbox 2463 3247 2621 3298; x_wconf 72' lang='lat' dir='ltr'><strong>seque</strong></span> <span class='ocrx_word' id='word_1_309' title='bbox 2640 3223 2701 3276; x_wconf 87' lang='lat' dir='ltr'><strong>ad</strong></span> <span class='ocrx_word' id='word_1_310' title='bbox 2731 3222 2840 3275; x_wconf 54' lang='lat' dir='ltr'><strong>Coa·</strong></span> 
     </span>
     <span class='ocr_line' id='line_1_31' title="bbox 723 3297 2838 3431; baseline -0.031 -15"><span class='ocrx_word' id='word_1_311' title='bbox 723 3374 783 3417; x_wconf 89' lang='lat' dir='ltr'><strong>ut</strong></span> <span class='ocrx_word' id='word_1_312' title='bbox 806 3367 1012 3431; x_wconf 86' lang='lat' dir='ltr'><strong>partem</strong></span> <span class='ocrx_word' id='word_1_313' title='bbox 1041 3346 1223 3404; x_wconf 70' lang='lat' dir='ltr'><strong>fabule</strong></span> <span class='ocrx_word' id='word_1_314' title='bbox 1253 3338 1562 3412; x_wconf 69' lang='lat' dir='ltr'><strong>praecipuam</strong></span> <span class='ocrx_word' id='word_1_315' title='bbox 1579 3373 1594 3398; x_wconf 93' lang='lat'>,</span> <span class='ocrx_word' id='word_1_316' title='bbox 1620 3330 1737 3400; x_wconf 85' lang='lat' dir='ltr'><strong>plu·</strong></span> <span class='ocrx_word' id='word_1_317' title='bbox 1831 3320 2001 3374; x_wconf 77' lang='lat' dir='ltr'><strong>calum</strong></span> <span class='ocrx_word' id='word_1_318' title='bbox 2017 3358 2032 3385; x_wconf 87' lang='lat'>,</span> <span class='ocrx_word' id='word_1_319' title='bbox 2059 3315 2245 3371; x_wconf 64' lang='lat' dir='ltr'><strong>Sicilia</strong></span> <span class='ocrx_word' id='word_1_320' title='bbox 2261 3328 2439 3382; x_wconf 76' lang='lat' dir='ltr'><strong>regem</strong></span> <span class='ocrx_word' id='word_1_321' title='bbox 2453 3348 2469 3375; x_wconf 83' lang='lat'>,</span> <span class='ocrx_word' id='word_1_322' title='bbox 2488 3301 2737 3365; x_wconf 84' lang='lat' dir='ltr'><strong>eontulit,</strong></span> <span class='ocrx_word' id='word_1_323' title='bbox 2755 3297 2838 3351; x_wconf 84' lang='lat' dir='ltr'><strong>cui</strong></span> 
     </span>
     <span class='ocr_line' id='line_1_32' title="bbox 726 3380 2840 3500; baseline -0.033 -1"><span class='ocrx_word' id='word_1_324' title='bbox 726 3447 867 3500; x_wconf 88' lang='lat' dir='ltr'><strong>ribus</strong></span> <span class='ocrx_word' id='word_1_325' title='bbox 904 3446 1107 3492; x_wconf 83' lang='lat' dir='ltr'><strong>notare.</strong></span> <span class='ocrx_word' id='word_1_326' title='bbox 1140 3455 1205 3469; x_wconf 93' lang='lat'><strong>-·</strong></span> <span class='ocrx_word' id='word_1_327' title='bbox 1229 3424 1461 3478; x_wconf 69' lang='lat' dir='ltr'><strong>Deseruit</strong></span> <span class='ocrx_word' id='word_1_328' title='bbox 1477 3458 1489 3480; x_wconf 89' lang='lat'>,</span> <span class='ocrx_word' id='word_1_329' title='bbox 1527 3432 1626 3485; x_wconf 85' lang='lat' dir='ltr'><strong>pro</strong></span> <span class='ocrx_word' id='word_1_330' title='bbox 1650 3414 1741 3464; x_wconf 75' lang='lat' dir='ltr'><strong>de-</strong></span> <span class='ocrx_word' id='word_1_331' title='bbox 1834 3418 1950 3454; x_wconf 83' lang='lat' dir='ltr'><strong>eam</strong></span> <span class='ocrx_word' id='word_1_332' title='bbox 1965 3399 2031 3451; x_wconf 90' lang='lat' dir='ltr'><strong>ob</strong></span> <span class='ocrx_word' id='word_1_333' title='bbox 2055 3413 2261 3451; x_wconf 85' lang='lat' dir='ltr'><strong>eausam</strong></span> <span class='ocrx_word' id='word_1_334' title='bbox 2277 3390 2474 3445; x_wconf 79' lang='lat' dir='ltr'><strong>bellum</strong></span> <span class='ocrx_word' id='word_1_335' title='bbox 2490 3383 2610 3439; x_wconf 82' lang='lat' dir='ltr'><strong>feeit</strong></span> <span class='ocrx_word' id='word_1_336' title='bbox 2630 3380 2840 3434; x_wconf 86' lang='lat' dir='ltr'><strong>Minos:</strong></span> 
     </span>
     <span class='ocr_line' id='line_1_33' title="bbox 730 3458 2841 3579; baseline -0.033 -1"><span class='ocrx_word' id='word_1_337' title='bbox 730 3524 895 3579; x_wconf 74' lang='lat' dir='ltr'><strong>stituit</strong></span> <span class='ocrx_word' id='word_1_338' title='bbox 913 3558 925 3577; x_wconf 90' lang='lat'>,</span> <span class='ocrx_word' id='word_1_339' title='bbox 970 3507 1221 3568; x_wconf 82' lang='lat' dir='ltr'><strong>Heinsius</strong></span> <span class='ocrx_word' id='word_1_340' title='bbox 1259 3522 1288 3555; x_wconf 89' lang='lat' dir='ltr'><strong>e</strong></span> <span class='ocrx_word' id='word_1_341' title='bbox 1324 3498 1554 3569; x_wconf 89' lang='lat' dir='ltr'><strong>quinque</strong></span> <span class='ocrx_word' id='word_1_342' title='bbox 1579 3488 1742 3544; x_wconf 84' lang='lat' dir='ltr'><strong>Mss.</strong></span> <span class='ocrx_word' id='word_1_343' title='bbox 1835 3476 2114 3532; x_wconf 77' lang='lat' dir='ltr'><strong>Pausanias</strong></span> <span class='ocrx_word' id='word_1_344' title='bbox 2140 3513 2155 3539; x_wconf 86' lang='lat'>‚</span> <span class='ocrx_word' id='word_1_345' title='bbox 2193 3469 2324 3524; x_wconf 89' lang='lat' dir='ltr'><strong>Ach.</strong></span> <span class='ocrx_word' id='word_1_346' title='bbox 2347 3486 2396 3536; x_wconf 87' lang='lat' dir='ltr'><strong>p.</strong></span> <span class='ocrx_word' id='word_1_347' title='bbox 2422 3465 2534 3519; x_wconf 75' lang='lat'><strong>531.</strong></span> <span class='ocrx_word' id='word_1_348' title='bbox 2571 3460 2676 3516; x_wconf 88' lang='lat' dir='ltr'><strong>Sed</strong></span> <span class='ocrx_word' id='word_1_349' title='bbox 2703 3458 2841 3513; x_wconf 85' lang='lat' dir='ltr'><strong>Ser—</strong></span> 
     </span>
     <span class='ocr_line' id='line_1_34' title="bbox 733 3538 2840 3661; baseline -0.034 -3"><span class='ocrx_word' id='word_1_350' title='bbox 733 3598 997 3661; x_wconf 79' lang='lat' dir='ltr'><strong>assumsit,</strong></span> <span class='ocrx_word' id='word_1_351' title='bbox 1022 3602 1083 3644; x_wconf 88' lang='lat' dir='ltr'><strong>ut</strong></span> <span class='ocrx_word' id='word_1_352' title='bbox 1104 3589 1170 3642; x_wconf 86' lang='lat' dir='ltr'><strong>sit</strong></span> <span class='ocrx_word' id='word_1_353' title='bbox 1194 3580 1457 3638; x_wconf 80' lang='lat' dir='ltr'><strong>Ovidiana</strong></span> <span class='ocrx_word' id='word_1_354' title='bbox 1487 3568 1743 3640; x_wconf 87' lang='lat' dir='ltr'><strong>repetitio.</strong></span> <span class='ocrx_word' id='word_1_355' title='bbox 1837 3558 1950 3610; x_wconf 78' lang='lat' dir='ltr'><strong>vius</strong></span> <span class='ocrx_word' id='word_1_356' title='bbox 1970 3593 1985 3620; x_wconf 91' lang='lat'>‚</span> <span class='ocrx_word' id='word_1_357' title='bbox 2017 3551 2080 3605; x_wconf 83' lang='lat' dir='ltr'><strong>ad</strong></span> <span class='ocrx_word' id='word_1_358' title='bbox 2113 3547 2316 3618; x_wconf 80' lang='lat' dir='ltr'><strong>Virgilii</strong></span> <span class='ocrx_word' id='word_1_359' title='bbox 2354 3540 2567 3598; x_wconf 82' lang='lat' dir='ltr'><strong>AEneid.</strong></span> <span class='ocrx_word' id='word_1_360' title='bbox 2593 3539 2674 3592; x_wconf 84' lang='lat' dir='ltr'><strong>Vl</strong></span> <span class='ocrx_word' id='word_1_361' title='bbox 2691 3578 2704 3600; x_wconf 90' lang='lat'>,</span> <span class='ocrx_word' id='word_1_362' title='bbox 2749 3538 2807 3602; x_wconf 75' lang='lat'><strong>14</strong></span> <span class='ocrx_word' id='word_1_363' title='bbox 2827 3576 2840 3602; x_wconf 87' lang='lat'><strong>,</strong></span> 
     </span>
     <span class='ocr_line' id='line_1_35' title="bbox 734 3619 2843 3747; baseline -0.033 -14"><span class='ocrx_word' id='word_1_364' title='bbox 734 3678 888 3747; x_wconf 81' lang='lat' dir='ltr'><strong>Regii</strong></span> <span class='ocrx_word' id='word_1_365' title='bbox 913 3670 1081 3726; x_wconf 78' lang='lat' dir='ltr'><strong>nostri</strong></span> <span class='ocrx_word' id='word_1_366' title='bbox 1100 3706 1115 3732; x_wconf 85' lang='lat'>‚</span> <span class='ocrx_word' id='word_1_367' title='bbox 1146 3663 1382 3716; x_wconf 74' lang='lat' dir='ltr'><strong>destituit.</strong></span> <span class='ocrx_word' id='word_1_368' title='bbox 1636 3695 1644 3704; x_wconf 83' lang='grc'><strong><em>,</em></strong></span> <span class='ocrx_word' id='word_1_369' title='bbox 1839 3655 1869 3688; x_wconf 89' lang='lat' dir='ltr'><strong>e</strong></span> <span class='ocrx_word' id='word_1_370' title='bbox 1917 3629 2142 3686; x_wconf 81' lang='lat' dir='ltr'><strong>Sallustii</strong></span> <span class='ocrx_word' id='word_1_371' title='bbox 2178 3627 2311 3681; x_wconf 83' lang='lat' dir='ltr'><strong>libro</strong></span> <span class='ocrx_word' id='word_1_372' title='bbox 2352 3624 2405 3677; x_wconf 87' lang='lat'><strong>11</strong></span> <span class='ocrx_word' id='word_1_373' title='bbox 2449 3619 2799 3676; x_wconf 70' lang='lat' dir='ltr'><strong>Historiarum</strong></span> <span class='ocrx_word' id='word_1_374' title='bbox 2826 3653 2843 3677; x_wconf 87' lang='lat'>,</span> 
     </span>
     <span class='ocr_line' id='line_1_36' title="bbox 805 3691 2844 3825; baseline -0.032 -19"><span class='ocrx_word' id='word_1_375' title='bbox 805 3754 913 3825; x_wconf 76' lang='lat'><strong>178.</strong></span> <span class='ocrx_word' id='word_1_376' title='bbox 950 3750 1170 3801; x_wconf 61' lang='grc' dir='ltr'><strong>Σκηπίωνι</strong></span> <span class='ocrx_word' id='word_1_377' title='bbox 1202 3744 1262 3791; x_wconf 87' lang='lat' dir='ltr'><strong>de</strong></span> <span class='ocrx_word' id='word_1_378' title='bbox 1289 3734 1461 3803; x_wconf 83' lang='lat' dir='ltr'><strong>fronte</strong></span> <span class='ocrx_word' id='word_1_379' title='bbox 1500 3741 1746 3781; x_wconf 79' lang='lat' dir='ltr'><strong>coronam.</strong></span> <span class='ocrx_word' id='word_1_380' title='bbox 1841 3716 2121 3773; x_wconf 86' lang='lat' dir='ltr'><strong>memorat,</strong></span> <span class='ocrx_word' id='word_1_381' title='bbox 2138 3723 2262 3758; x_wconf 87' lang='lat' dir='ltr'><strong>eum</strong></span> <span class='ocrx_word' id='word_1_382' title='bbox 2278 3703 2511 3774; x_wconf 83' lang='lat' dir='ltr'><strong>primurn</strong></span> <span class='ocrx_word' id='word_1_383' title='bbox 2524 3691 2844 3753; x_wconf 79' lang='lat' dir='ltr'><strong>Sardiniam,</strong></span> 
     </span>
     <span class='ocr_line' id='line_1_37' title="bbox 739 3768 2850 3888; baseline -0.033 1"><span class='ocrx_word' id='word_1_384' title='bbox 739 3834 823 3888; x_wconf 91' lang='lat' dir='ltr'><strong>De</strong></span> <span class='ocrx_word' id='word_1_385' title='bbox 846 3823 1091 3884; x_wconf 69' lang='lat' dir='ltr'><strong>Ariadne</strong></span> <span class='ocrx_word' id='word_1_386' title='bbox 1105 3833 1288 3871; x_wconf 80' lang='lat' dir='ltr'><strong>cotona</strong></span> <span class='ocrx_word' id='word_1_387' title='bbox 1301 3809 1418 3862; x_wconf 76' lang='lat' dir='ltr'><strong>vide</strong></span> <span class='ocrx_word' id='word_1_388' title='bbox 1437 3804 1711 3875; x_wconf 83' lang='lat' dir='ltr'><strong>Hyginum</strong></span> <span class='ocrx_word' id='word_1_389' title='bbox 1732 3838 1747 3863; x_wconf 88' lang='lat'>,</span> <span class='ocrx_word' id='word_1_390' title='bbox 1841 3800 1958 3861; x_wconf 88' lang='lat' dir='ltr'><strong>post</strong></span> <span class='ocrx_word' id='word_1_391' title='bbox 1984 3787 2180 3840; x_wconf 82' lang='lat' dir='ltr'><strong>Cumas</strong></span> <span class='ocrx_word' id='word_1_392' title='bbox 2205 3783 2410 3854; x_wconf 76' lang='lat' dir='ltr'><strong>petiisse</strong></span> <span class='ocrx_word' id='word_1_393' title='bbox 2436 3819 2452 3845; x_wconf 85' lang='lat'>,</span> <span class='ocrx_word' id='word_1_394' title='bbox 2479 3775 2653 3839; x_wconf 83' lang='lat' dir='ltr'><strong>ibique</strong></span> <span class='ocrx_word' id='word_1_395' title='bbox 2682 3768 2850 3836; x_wconf 86' lang='lat' dir='ltr'><strong>Apol-</strong></span> 
     </span>
     <span class='ocr_line' id='line_1_38' title="bbox 740 3844 2844 3970; baseline -0.036 0"><span class='ocrx_word' id='word_1_396' title='bbox 740 3897 1211 3970; x_wconf 78' lang='lat' dir='ltr'><strong>Poet.Astron.11,</strong></span> <span class='ocrx_word' id='word_1_397' title='bbox 1233 3897 1278 3946; x_wconf 91' lang='grc'><strong>5.</strong></span> <span class='ocrx_word' id='word_1_398' title='bbox 1302 3891 1497 3942; x_wconf 83' lang='lat' dir='ltr'><strong>Corona</strong></span> <span class='ocrx_word' id='word_1_399' title='bbox 1514 3891 1590 3935; x_wconf 85' lang='lat' dir='ltr'><strong>est</strong></span> <span class='ocrx_word' id='word_1_400' title='bbox 1611 3878 1750 3933; x_wconf 75' lang='lat' dir='ltr'><strong>sidus</strong></span> <span class='ocrx_word' id='word_1_401' title='bbox 1842 3868 1935 3923; x_wconf 86' lang='lat' dir='ltr'><strong>lini</strong></span> <span class='ocrx_word' id='word_1_402' title='bbox 1954 3864 2208 3935; x_wconf 81' lang='lat' dir='ltr'><strong>templum</strong></span> <span class='ocrx_word' id='word_1_403' title='bbox 2223 3856 2508 3914; x_wconf 73' lang='lat' dir='ltr'><strong>condidisse</strong></span> <span class='ocrx_word' id='word_1_404' title='bbox 2527 3888 2542 3914; x_wconf 86' lang='lat'>‚</span> <span class='ocrx_word' id='word_1_405' title='bbox 2566 3844 2775 3899; x_wconf 85' lang='lat' dir='ltr'><strong>sacratis</strong></span> <span class='ocrx_word' id='word_1_406' title='bbox 2795 3844 2844 3896; x_wconf 89' lang='lat' dir='ltr'><strong>ei</strong></span> 
     </span>
     <span class='ocr_line' id='line_1_39' title="bbox 740 3921 2849 4046; baseline -0.036 1"><span class='ocrx_word' id='word_1_407' title='bbox 740 4007 936 4046; x_wconf 80' lang='lat' dir='ltr'><strong>novem</strong></span> <span class='ocrx_word' id='word_1_408' title='bbox 959 3980 1225 4038; x_wconf 82' lang='lat' dir='ltr'><strong>stellarum</strong></span> <span class='ocrx_word' id='word_1_409' title='bbox 1252 3972 1305 4023; x_wconf 87' lang='lat' dir='ltr'><strong>in</strong></span> <span class='ocrx_word' id='word_1_410' title='bbox 1329 3967 1453 4019; x_wconf 88' lang='lat' dir='ltr'><strong>orbe</strong></span> <span class='ocrx_word' id='word_1_411' title='bbox 1482 3958 1755 4029; x_wconf 84' lang='lat' dir='ltr'><strong>disposita·</strong></span> <span class='ocrx_word' id='word_1_412' title='bbox 1847 3947 1951 4001; x_wconf 76' lang='lat' dir='ltr'><strong>aiis.</strong></span> <span class='ocrx_word' id='word_1_413' title='bbox 1996 3945 2058 3997; x_wconf 88' lang='lat' dir='ltr'><strong>ln</strong></span> <span class='ocrx_word' id='word_1_414' title='bbox 2083 3942 2280 3995; x_wconf 80' lang='lat' dir='ltr'><strong>foribus</strong></span> <span class='ocrx_word' id='word_1_415' title='bbox 2302 3929 2481 3999; x_wconf 82' lang='lat' dir='ltr'><strong>templi</strong></span> <span class='ocrx_word' id='word_1_416' title='bbox 2503 3924 2646 3978; x_wconf 80' lang='lat' dir='ltr'><strong>istius</strong></span> <span class='ocrx_word' id='word_1_417' title='bbox 2670 3921 2849 3976; x_wconf 89' lang='lat' dir='ltr'><strong>omnia</strong></span> 
     </span>
     <span class='ocr_line' id='line_1_40' title="bbox 740 4001 2850 4133; baseline -0.036 -10"><span class='ocrx_word' id='word_1_418' title='bbox 740 4087 866 4124; x_wconf 83' lang='lat' dir='ltr'><strong>rum</strong></span> <span class='ocrx_word' id='word_1_419' title='bbox 888 4106 903 4133; x_wconf 86' lang='lat'>,</span> <span class='ocrx_word' id='word_1_420' title='bbox 952 4064 1093 4115; x_wconf 89' lang='lat' dir='ltr'><strong>inter</strong></span> <span class='ocrx_word' id='word_1_421' title='bbox 1123 4044 1428 4122; x_wconf 80' lang='lat' dir='ltr'><strong>Engonasin</strong></span> <span class='ocrx_word' id='word_1_422' title='bbox 1453 4051 1505 4094; x_wconf 88' lang='lat' dir='ltr'><strong>et</strong></span> <span class='ocrx_word' id='word_1_423' title='bbox 1530 4036 1753 4107; x_wconf 80' lang='lat' dir='ltr'><strong>Ophiu·</strong></span> <span class='ocrx_word' id='word_1_424' title='bbox 1845 4026 1941 4079; x_wconf 83' lang='lat' dir='ltr'><strong>ista</strong></span> <span class='ocrx_word' id='word_1_425' title='bbox 1968 4028 2276 4092; x_wconf 79' lang='lat' dir='ltr'><strong>argumenta</strong></span> <span class='ocrx_word' id='word_1_426' title='bbox 2295 4052 2310 4078; x_wconf 90' lang='lat'>,</span> <span class='ocrx_word' id='word_1_427' title='bbox 2344 4024 2459 4077; x_wconf 66' lang='lat' dir='ltr'><strong>qua</strong></span> <span class='ocrx_word' id='word_1_428' title='bbox 2483 4003 2569 4057; x_wconf 84' lang='lat' dir='ltr'><strong>hic</strong></span> <span class='ocrx_word' id='word_1_429' title='bbox 2596 4001 2815 4072; x_wconf 76' lang='lat' dir='ltr'><strong>legimus</strong></span> <span class='ocrx_word' id='word_1_430' title='bbox 2832 4038 2850 4064; x_wconf 79' lang='lat'><em>,</em></span> 
     </span>
     <span class='ocr_line' id='line_1_41' title="bbox 743 4080 2853 4207; baseline -0.034 -6"><span class='ocrx_word' id='word_1_431' title='bbox 743 4146 903 4201; x_wconf 82' lang='lat' dir='ltr'><strong>chum</strong></span> <span class='ocrx_word' id='word_1_432' title='bbox 932 4181 959 4206; x_wconf 10' lang='grc' dir='ltr'><strong>,γ</strong></span> <span class='ocrx_word' id='word_1_433' title='bbox 986 4137 1075 4207; x_wconf 89' lang='lat' dir='ltr'><strong>qui</strong></span> <span class='ocrx_word' id='word_1_434' title='bbox 1104 4147 1309 4202; x_wconf 53' lang='lat' dir='ltr'><strong>anguem</strong></span> <span class='ocrx_word' id='word_1_435' title='bbox 1343 4129 1475 4177; x_wconf 75' lang='lat' dir='ltr'><strong>tene&#39;t</strong></span> <span class='ocrx_word' id='word_1_436' title='bbox 1508 4115 1754 4170; x_wconf 82' lang='lat' dir='ltr'><strong>ambabus</strong></span> <span class='ocrx_word' id='word_1_437' title='bbox 1848 4122 2082 4174; x_wconf 82' lang='lat' dir='ltr'><strong>expressa</strong></span> <span class='ocrx_word' id='word_1_438' title='bbox 2102 4104 2289 4158; x_wconf 85' lang='lat' dir='ltr'><strong>erant,</strong></span> <span class='ocrx_word' id='word_1_439' title='bbox 2313 4107 2430 4159; x_wconf 71' lang='lat' dir='ltr'><strong>que</strong></span> <span class='ocrx_word' id='word_1_440' title='bbox 2453 4083 2695 4140; x_wconf 79' lang='lat' dir='ltr'><strong>describit</strong></span> <span class='ocrx_word' id='word_1_441' title='bbox 2717 4080 2853 4132; x_wconf 85' lang='lat' dir='ltr'><strong>Vir-</strong></span> 
     </span>
     <span class='ocr_line' id='line_1_42' title="bbox 745 4158 2856 4277; baseline -0.033 0"><span class='ocrx_word' id='word_1_442' title='bbox 745 4220 1001 4277; x_wconf 79' lang='lat' dir='ltr'><strong>manibus.</strong></span> <span class='ocrx_word' id='word_1_443' title='bbox 1020 4215 1254 4266; x_wconf 81' lang='lat' dir='ltr'><strong>Dotalem</strong></span> <span class='ocrx_word' id='word_1_444' title='bbox 1269 4204 1407 4258; x_wconf 80' lang='lat' dir='ltr'><strong>iilam</strong></span> <span class='ocrx_word' id='word_1_445' title='bbox 1424 4213 1657 4253; x_wconf 81' lang='lat' dir='ltr'><strong>coronam</strong></span> <span class='ocrx_word' id='word_1_446' title='bbox 1670 4210 1757 4243; x_wconf 77' lang='lat' dir='ltr'><strong>vo-</strong></span> <span class='ocrx_word' id='word_1_447' title='bbox 1852 4184 1999 4254; x_wconf 76' lang='lat' dir='ltr'><strong>gilius</strong></span> <span class='ocrx_word' id='word_1_448' title='bbox 2015 4180 2152 4232; x_wconf 84' lang='lat' dir='ltr'><strong>dicto</strong></span> <span class='ocrx_word' id='word_1_449' title='bbox 2164 4176 2278 4226; x_wconf 86' lang='lat' dir='ltr'><strong>loco</strong></span> <span class='ocrx_word' id='word_1_450' title='bbox 2293 4210 2307 4237; x_wconf 89' lang='lat'>‚</span> <span class='ocrx_word' id='word_1_451' title='bbox 2332 4184 2557 4238; x_wconf 83' lang='lat' dir='ltr'><strong>quocum</strong></span> <span class='ocrx_word' id='word_1_452' title='bbox 2581 4161 2763 4217; x_wconf 76' lang='lat' dir='ltr'><strong>confer</strong></span> <span class='ocrx_word' id='word_1_453' title='bbox 2777 4158 2856 4212; x_wconf 85' lang='lat' dir='ltr'><strong>Si·</strong></span> 
     </span>
    </p>
   </div>
   <div class='ocr_carea' id='block_1_11' title="bbox 751 4235 2853 4356">
    <p class='ocr_par' dir='ltr' id='par_1_14' title="bbox 751 4235 2853 4356">
     <span class='ocr_line' id='line_1_43' title="bbox 751 4235 2853 4356; baseline -0.032 -1"><span class='ocrx_word' id='word_1_454' title='bbox 751 4309 836 4356; x_wconf 75' lang='lat' dir='ltr'><strong>cat</strong></span> <span class='ocrx_word' id='word_1_455' title='bbox 863 4291 1212 4351; x_wconf 76' lang='lat' dir='ltr'><strong>Claudianus,</strong></span> <span class='ocrx_word' id='word_1_456' title='bbox 1241 4284 1323 4345; x_wconf 83' lang='grc' dir='ltr'><strong>Χ,</strong></span> <span class='ocrx_word' id='word_1_457' title='bbox 1354 4298 1445 4346; x_wconf 78' lang='lat'><strong>²7²</strong></span> <span class='ocrx_word' id='word_1_458' title='bbox 1467 4296 1480 4339; x_wconf 62' lang='grc' dir='ltr'>ς</span> <span class='ocrx_word' id='word_1_459' title='bbox 1506 4272 1560 4325; x_wconf 89' lang='lat' dir='ltr'><strong>id</strong></span> <span class='ocrx_word' id='word_1_460' title='bbox 1588 4280 1663 4322; x_wconf 79' lang='lat' dir='ltr'><strong>est</strong></span> <span class='ocrx_word' id='word_1_461' title='bbox 1687 4308 1700 4329; x_wconf 87' lang='lat'>‚</span> <span class='ocrx_word' id='word_1_462' title='bbox 1731 4285 1757 4318; x_wconf 86' lang='lat' dir='ltr'><strong>a</strong></span> <span class='ocrx_word' id='word_1_463' title='bbox 1852 4262 1979 4312; x_wconf 87' lang='lat' dir='ltr'><strong>lium</strong></span> <span class='ocrx_word' id='word_1_464' title='bbox 1996 4296 2010 4323; x_wconf 87' lang='lat'>,</span> <span class='ocrx_word' id='word_1_465' title='bbox 2032 4253 2168 4318; x_wconf 79' lang='grc' dir='ltr'><strong>ΧΠ,</strong></span> <span class='ocrx_word' id='word_1_466' title='bbox 2190 4235 2853 4322; x_wconf 74' lang='lat' dir='ltr'><strong>89-103.T0tamsabula1n</strong></span> 
     </span>
    </p>
   </div>
  </div>
 </body>
</html>
