3185 5138
672 558 802 621 380

1210 558 1290 622 P.
1356 557 1737 625 OVIDII'
1785 557 2249 626 NASONIS

667 692 1043 767 Ambitiosa
1081 721 1204 768 suo
1238 695 1368 769 fuit
1391 752 1410 783 ,
1447 713 1524 769 ut
1557 695 1836 770 caelestia
1873 695 2080 784 dona,

667 811 852 883 Artis
886 839 1055 912 opus
1086 829 1282 885 tantae
1302 869 1321 900 ,
1356 812 1540 886 rudis
1575 831 1642 888 et
1670 813 1810 887 sine
1846 830 2108 914 pectore
2139 798 2329 887 miles

2696 852 2797 907 290

667 925 1030 1000 Indueret?
1059 956 1275 1029 neque
1308 928 1480 1002 enim
1519 927 1727 1030 clypei
1762 926 2089 1003 caelamina
2122 929 2303 1003 norit
2326 984 2345 1017 ,

669 1040 1010 1114 Oceanum
1044 1060 1111 1114 et
1147 1060 1385 1128 terras,
1423 1073 1706 1146 cumque
1737 1044 1870 1119 alto
1904 1044 2117 1118 sidera
2148 1042 2305 1119 caelo

665 1152 1137 1255 Pleiadasque,
1179 1156 1607 1258 Hyadasque,
1645 1160 2133 1259 immunemque
2171 1156 2457 1258 aequoris
2498 1158 2790 1247 Arcton,

665 1267 1105 1370 Diversasque
1141 1271 1381 1358 urbes,
1414 1271 1832 1372 nitidumque
1867 1271 2141 1344 Orionis
2177 1298 2439 1344 ensem:

665 1380 1013 1471 Postulat,
1048 1402 1119 1456 ut
1151 1385 1404 1485 capiat,
1444 1413 1589 1485 quae
1625 1414 1763 1457 non
1797 1382 2143 1478 intelligit,
2176 1411 2373 1457 arma.
2696 1403 2795 1475 295

668 1495 903 1590 Quid?
939 1498 1119 1598 quod
1159 1526 1301 1583 me,
1339 1497 1486 1570 duri
1517 1497 1876 1592 fugientem
1912 1525 2184 1571 munera
2215 1495 2407 1585 belli,

671 1614 917 1708 Arguit
953 1616 1241 1715 incoepto
1275 1645 1489 1690 serum
1525 1615 1873 1689 accessisse
1904 1615 2173 1688 labori?

667 1733 805 1804 Nec
838 1760 904 1806 se
941 1733 1355 1828 magnanimo
1394 1732 1774 1806 maledicere
1809 1732 2009 1806 sentit
2038 1730 2342 1805 Achilli?

671 1845 743 1918 Si
773 1845 1112 1920 simulasse
1150 1864 1342 1920 vocat
1370 1847 1653 1934 crimen,
1689 1845 2136 1920 simulavimus
2174 1844 2372 1918 ambo
2401 1874 2419 1918 τ

609 2061 616 2064 μ
669 1962 741 2034 Si
777 1992 964 2037 mora
991 1993 1116 2064 pro
1154 1963 1346 2066 culpa
1381 1984 1517 2051 est,
1551 1994 1676 2060 ego
1712 1994 1857 2038 sum
1890 1964 2213 2036 maturior
2243 1961 2379 2035 illo.

2688 1985 2791 2042 300

670 2083 784 2155 Me
816 2083 928 2183 pia
960 2083 1247 2157 detinuit
1281 2086 1556 2184 conjux;
1591 2084 1703 2186 pia
1737 2102 1943 2160 mater
1973 2081 2302 2157 Achillem
2332 2113 2350 2157 ε

665 2200 1018 2302 Primaque
1056 2220 1212 2276 sunt
1245 2201 1375 2276 illis
1409 2203 1561 2276 data
1592 2221 1927 2303 tempora;
1963 2220 2191 2274 caetera
2222 2197 2431 2273 vobis.
2510 2205 2515 2212 “

669 2319 868 2391 Haud
902 2318 1134 2408 time0,
1177 2322 1234 2395 si
1262 2320 1395 2420 jam
1429 2349 1690 2423 nequeo
1719 2319 2061 2425 defendere
2094 2318 2340 2392 crimen
2388 2405 2389 2408 Ἴ

666 2517 769 2571 tur,
795 2521 1175 2576 commovetur,
1202 2521 1510 2581 gratumque
1535 2509 1682 2564 exhi-

667 2586 757 2640 bet
772 2588 1010 2641 animum
1027 2609 1148 2659 erga
1164 2610 1286 2643 eum
1304 2630 1318 2656 ‚
1346 2592 1433 2660 qui
1452 2590 1649 2644 tribuit.

722 2668 834 2736 289.
853 2670 1138 2722 Ambitiosa
1149 2669 1435 2739 eleganter,
1451 2688 1565 2738 quae
1578 2688 1683 2721 am·

668 2741 835 2796 bierat
864 2745 1161 2799 Vulcanum
1189 2787 1203 2814 ,
1250 2747 1439 2800 blanda
1476 2748 1683 2801 oratio-

667 2840 734 2872 ne
769 2840 889 2872 eum
919 2835 1222 2890 rogaverat,
1253 2836 1310 2878 ut
1334 2824 1443 2877 filio
1464 2826 1689 2879 fabrica-s

643 2960 646 2963 y
667 2908 749 2950 ret
768 2917 942 2960 arma;
975 2900 1032 2953 Il.
1054 2912 1082 2952 Σ
1096 2940 1111 2965 ,
1138 2902 1237 2973 369
1254 2921 1405 2969 sq.-
1422 2906 1689 2963 Cela-sna,

665 2995 694 3025 a
733 2975 853 3026 Deo
886 2976 1127 3030 fabricata
1166 2997 1179 3030 ε
1214 2978 1551 3045 Graevianus‚
1585 2999 1682 3048 pro

667 3054 868 3106 diversa
888 3054 1108 3108 lectione
1126 3095 1140 3121 ‚
1170 3059 1418 3111 Vulcania
1440 3060 1584 3110 dona.
1606 3060 1684 3113 Ea

673 3133 802 3201 Aiax
821 3171 835 3198 ‚
860 3138 988 3186 vers.
1019 3154 1036 3185 1
1053 3153 1111 3185 ιο
1132 3172 1146 3199 ,
1176 3145 1330 3203 negat
1352 3135 1536 3189 timido
1556 3156 1684 3190 eon-

667 3210 846 3263 venire
864 3230 878 3274 ς
900 3211 1112 3283 Ulysses
1126 3251 1141 3277 ‚
1161 3211 1281 3265 rudi
1301 3213 1684 3269 mitat—mm

667 3307 811 3341 nunc
826 3290 1190 3359 contemptim,
1207 3291 1312 3344 sola
1330 3311 1488 3345 manu
1515 3293 1681 3357 sortis,

667 3386 830 3438 quum
867 3368 971 3421 dux
995 3369 1153 3421 etiam
1181 3368 1403 3422 consiliis
1434 3368 1683 3424 excellere

668 3448 889 3513 debeat;
913 3447 1146 3502 Velleius
1168 3488 1183 3516 ,
1218 3448 1272 3501 II
1292 3488 1306 3514 ‚
1341 3450 1400 3501 18
1418 3488 1432 3514 ,
1468 3448 1532 3503 de
1560 3450 1683 3503 Mi-

663 3526 888 3581 thridate
905 3567 919 3593 ‚
941 3531 1163 3581 consiliis
1191 3530 1319 3589 dut,
1346 3531 1489 3579 miles
1513 3548 1682 3582 manu.

669 3604 845 3656 Etiam
864 3605 982 3658 alibi
996 3608 1138 3659 miles
1152 3624 1273 3660 eum
1288 3615 1594 3674 contemptu
1610 3605 1682 3657 di-

667 3683 835 3745 citnr3
873 3684 1091 3737 Terent.
1133 3684 1271 3736 Eun.
1307 3685 1390 3749 11,
1417 3700 1491 3750 11,
1519 3687 1597 3751 57.
1618 3713 1684 3724 —

669 3763 859 3823 Rudis,
891 3780 1000 3813 non
1033 3762 1263 3814 imbutus
1289 3760 1462 3814 literis.
1486 3790 1551 3801 —
1569 3763 1685 3815 Siue

660 3846 861 3905 pectam
875 3878 888 3899 ,
912 3838 1023 3891 sine
1049 3838 1278 3907 ingenio.
1299 3866 1363 3876 —
1383 3839 1679 3899 (Ia-lamina,

668 3929 976 3988 argumenta
992 3918 1166 3972 caelata
1183 3958 1199 3985 ,
1225 3928 1284 3970 ut
1301 3937 1420 3970 mox
1435 3958 1450 3984 ,
1464 3938 1570 3985 que
1584 3939 1685 3972 non

665 4001 924 4064 ι’πΙεΙΙίῃῚ,
967 4015 1190 4066 quornm
1231 4007 1537 4067 argumenta
1570 4016 1683 4049 non

669 4073 883 4127 edoctus
907 4084 999 4127 est.
1015 4076 1332 4128 ——Pleiadas
1347 4085 1446 4127 etc.
1472 4074 1549 4125 Ea
1573 4072 1684 4143 ipsa

670 4150 839 4204 sidera
854 4152 1122 4205 Homerus
1136 4151 1376 4205 nominat
1394 4171 1406 4203 z
1424 4153 1582 4205 etiam
1599 4158 1686 4205 im·

671 4249 860 4281 munem
875 4237 1081 4298 equoris
1098 4252 1158 4285 ex
1177 4231 1362 4284 eodem
1380 4270 1393 4298 ,
1415 4250 1542 4284 vers.
1563 4232 1687 4302 489:

671 4311 873 4383 ἄμμορος
915 4316 1100 4385 λοετρῶν
1141 4312 1365 4364 datavere·
1412 4307 1530 4363 vide
1586 4309 1639 4362 Π
1668 4347 1682 4375 ,

1786 2512 2213 2581 272-111‘0ersas
2235 2512 2402 2568 urbes,
2426 2509 2480 2560 in
2505 2507 2690 2577 quibus
2711 2506 2795 2559 di-

1779 2607 1924 2641 versa
1940 2588 2146 2657 negotia
2160 2627 2174 2653 ‚
2193 2587 2311 2639 belli
2329 2599 2382 2640 et
2399 2586 2552 2655 pacis,
2573 2595 2794 2637 tractan-

1779 2676 1867 2718 tur
1887 2686 1900 2726 ;
1941 2665 1999 2719 Il.
2030 2676 2060 2717 Σ
2082 2704 2098 2729 ,
2139 2668 2237 2735 490
2270 2683 2377 2733 sqq.
2422 2662 2525 2716 Sed
2573 2663 2795 2716 Lenzius

1780 2743 2060 2811 disjunctas
2086 2742 2324 2811 intelligit
2351 2780 2365 2807 ,
2406 2751 2465 2793 ut
2488 2738 2796 2809 magnitudo

1779 2823 1943 2895 clypei
1982 2822 2256 2874 indicetur.
2291 2819 2643 2873 Bononiensis
2678 2819 2796 2897 pri-

1779 2919 1897 2953 mus
1914 2938 1928 2965 ‚
1950 2903 2259 2967 diversosque
2269 2902 2432 2959 orbes,
2465 2909 2524 2950 ut
2537 2895 2703 2950 stellas
2718 2895 2797 2947 in-

1778 2989 1923 3031 nuat.
1947 2979 2097 3047 Regii
2124 2979 2275 3030 ambo
2301 2981 2616 3044 diuersasque
2635 2980 2792 3029 urbes.

1779 3057 2073 3107 —Versum
2092 3058 2184 3126 295
2201 3053 2345 3107 uncis
2360 3051 2562 3106 inclusit
2585 3050 2793 3104 Mitsch.

1847 3134 1958 3205 296.
1992 3136 2169 3198 Quid?
2202 3135 2341 3199 quod
2363 3144 2449 3182 ηιξ
2470 3140 2569 3183 etc.
2597 3128 2792 3198 Insigni

1779 3204 2052 3263 calliditate
2075 3227 2129 3262 se
2153 3209 2281 3278 tegit
2299 3207 2536 3276 exemplo
2549 3204 2756 3259 Achiuis
2774 3244 2792 3269 ,

1780 3298 1833 3340 et
1852 3306 1970 3338 mox
1989 3285 2282 3356 gravissima
2299 3284 2517 3337 crimina
2539 3304 2567 3337 a
2582 3303 2635 3336 se
2652 3301 2792 3335 amo·

1780 3366 1906 3419 litur
1936 3367 1989 3418 in
2030 3365 2253 3435 reliquos
2290 3364 2462 3418 duces.
2492 3392 2559 3405 —-
2581 3365 2794 3414 Munera

1779 3447 1931 3507 belle'5
1957 3443 2169 3513 quidam
2199 3443 2223 3513 (
2242 3454 2294 3495 et
2314 3442 2475 3496 codex
2494 3442 2687 3511 Regius
2702 3441 2748 3493 Β
2767 3437 2793 3508 )

1777 3529 1949 3576 mune'a
1963 3528 2093 3577 belli.
2104 3526 2315 3576 Munera
2332 3526 2464 3583 belli,
2488 3520 2667 3574 omnia
2679 3537 2794 3587 quoe

1777 3603 1841 3656 ad
1856 3604 2050 3656 bellum
2068 3604 2359 3673 pertinent,
2378 3602 2572 3656 bellum
2593 3603 2760 3670 ipsum
2774 3638 2788 3666 ‚

1778 3701 1840 3733 ex
1857 3680 2152 3734 imitatione
2175 3681 2433 3745 Lucretii,
2470 3678 2605 3749 apud
2635 3696 2796 3746 quem

1778 3779 1992 3812 manera
2015 3764 2223 3813 milam·
2241 3759 2264 3811 l
2280 3798 2294 3824 ‚
2322 3759 2386 3811 30
2400 3798 2415 3823 ,
2441 3769 2494 3810 et
2525 3761 2645 3811 bella·
2669 3775 2796 3809 me-

1778 3858 1898 3890 acm
1918 3857 2048 3890 vers.
2067 3838 2147 3889 33.
2161 3865 2227 3877 ·-
2241 3838 2453 3896 labori,
2479 3835 2629 3888 belle.

1845 3920 1956 3973 300.
1977 3921 2235 3980 stlatate'or,
2259 3918 2519 3991 maturius
2529 3917 2794 3971 accessi.-

1779 4003 1896 4053 Illis
1913 4003 2034 4051 data
2049 4040 2062 4059 ,
2087 3998 2322 4067 conjugis
2344 4009 2396 4050 et
2420 3996 2599 4049 matris
2613 4015 2761 4049 causa
2776 4035 2789 4061 ‚

1781 4078 1868 4147 pio
1891 4075 2065 4129 officio
2088 4075 2365 4144 fungentes
2380 4114 2394 4140 ‚
2420 4073 2795 4128 cunctabamur

1781 4154 1959 4224 primis
1972 4154 2293 4222 temporibus
2310 4174 2324 4216 ς
2340 4163 2641 4221 posttamen
2655 4149 2796 4201 Grae·

1782 4252 1970 4287 corum
1987 4251 2152 4286 causae
2168 4232 2486 4291 accessimus.

1848 4309 1963 4362 303.
1998 4310 2165 4363 Timeo
2182 4346 2194 4362 .
2213 4349 2225 4364 .
2244 4346 2255 4360 .
2277 4325 2476 4378 nequeo.
2518 4304 2701 4374 Vulgo
2719 4309 2796 4358 ti·-
