<?xml version="1.0" encoding="UTF-8"?>
<!DOCTYPE html PUBLIC "-//W3C//DTD XHTML 1.0 Transitional//EN"
    "http://www.w3.org/TR/xhtml1/DTD/xhtml1-transitional.dtd">
<html xmlns="http://www.w3.org/1999/xhtml" xml:lang="en" lang="en">
 <head>
  <title>
</title>
<meta http-equiv="Content-Type" content="text/html;charset=utf-8" />
  <meta name='ocr-system' content='tesseract 3.04.00' />
  <meta name='ocr-capabilities' content='ocr_page ocr_carea ocr_par ocr_line ocrx_word'/>
</head>
<body>
  <div class='ocr_page' id='page_1' title='image "./publiusovidiusn02giergoog_0154.png"; bbox 0 0 3185 5138; ppageno 0'>
   <div class='ocr_carea' id='block_1_1' title="bbox 671 560 794 644">
    <p class='ocr_par' dir='ltr' id='par_1_1' title="bbox 671 560 794 644">
     <span class='ocr_line' id='line_1_1' title="bbox 671 560 794 644; baseline 0.008 -20"><span class='ocrx_word' id='word_1_1' title='bbox 671 560 794 644; x_wconf 68' lang='lat'>142</span> 
     </span>
    </p>
   </div>
   <div class='ocr_carea' id='block_1_2' title="bbox 1224 558 2228 629">
    <p class='ocr_par' dir='ltr' id='par_1_2' title="bbox 1224 558 2228 629">
     <span class='ocr_line' id='line_1_2' title="bbox 1224 558 2228 629; baseline 0.004 -5"><span class='ocrx_word' id='word_1_2' title='bbox 1224 561 1302 624; x_wconf 91' lang='lat' dir='ltr'>P.</span> <span class='ocrx_word' id='word_1_3' title='bbox 1359 561 1713 629; x_wconf 88' lang='lat' dir='ltr'>OVIDII</span> <span class='ocrx_word' id='word_1_4' title='bbox 1767 558 2228 628; x_wconf 76' lang='lat' dir='ltr'><strong>NASONIS</strong></span> 
     </span>
    </p>
   </div>
   <div class='ocr_carea' id='block_1_3' title="bbox 663 697 2653 795">
    <p class='ocr_par' dir='ltr' id='par_1_3' title="bbox 663 697 2653 795">
     <span class='ocr_line' id='line_1_3' title="bbox 663 697 2653 795; baseline 0.002 -23"><span class='ocrx_word' id='word_1_5' title='bbox 663 701 891 795; x_wconf 82' lang='lat' dir='ltr'>Quum</span> <span class='ocrx_word' id='word_1_6' title='bbox 912 755 930 785; x_wconf 94' lang='lat'>,</span> <span class='ocrx_word' id='word_1_7' title='bbox 966 697 1144 772; x_wconf 87' lang='lat' dir='ltr'>velut</span> <span class='ocrx_word' id='word_1_8' title='bbox 1177 726 1510 773; x_wconf 79' lang='lat' dir='ltr'><strong>excussam</strong></span> <span class='ocrx_word' id='word_1_9' title='bbox 1543 726 1781 772; x_wconf 87' lang='lat' dir='ltr'>somno</span> <span class='ocrx_word' id='word_1_10' title='bbox 1801 754 1819 784; x_wconf 94' lang='lat'>,</span> <span class='ocrx_word' id='word_1_11' title='bbox 1854 716 1919 772; x_wconf 90' lang='lat' dir='ltr'>et</span> <span class='ocrx_word' id='word_1_12' title='bbox 1952 698 2295 772; x_wconf 78' lang='lat' dir='ltr'>manifesta</span> <span class='ocrx_word' id='word_1_13' title='bbox 2326 700 2653 776; x_wconf 84' lang='lat' dir='ltr'>videntem</span> 
     </span>
    </p>
   </div>
   <div class='ocr_carea' id='block_1_4' title="bbox 664 813 2539 905">
    <p class='ocr_par' dir='ltr' id='par_1_4' title="bbox 664 813 2539 905">
     <span class='ocr_line' id='line_1_4' title="bbox 664 813 2539 905; baseline 0.002 -19"><span class='ocrx_word' id='word_1_14' title='bbox 664 814 770 888; x_wconf 84' lang='lat' dir='ltr'>Sic</span> <span class='ocrx_word' id='word_1_15' title='bbox 803 814 1015 887; x_wconf 85' lang='lat' dir='ltr'>adfata</span> <span class='ocrx_word' id='word_1_16' title='bbox 1051 816 1191 887; x_wconf 89' lang='lat' dir='ltr'>Dea</span> <span class='ocrx_word' id='word_1_17' title='bbox 1225 832 1365 888; x_wconf 87' lang='lat' dir='ltr'>est:</span> <span class='ocrx_word' id='word_1_18' title='bbox 1401 848 1436 880; x_wconf 88' lang='lat'>«</span> <span class='ocrx_word' id='word_1_19' title='bbox 1471 816 1633 888; x_wconf 84' lang='lat' dir='ltr'>Pars</span> <span class='ocrx_word' id='word_1_20' title='bbox 1656 872 1674 900; x_wconf 96' lang='lat'>,</span> <span class='ocrx_word' id='word_1_21' title='bbox 1708 844 1752 888; x_wconf 92' lang='lat' dir='ltr'>o</span> <span class='ocrx_word' id='word_1_22' title='bbox 1782 813 2172 901; x_wconf 76' lang='lat' dir='ltr'>Telethusa,</span> <span class='ocrx_word' id='word_1_23' title='bbox 2209 843 2498 889; x_wconf 84' lang='lat' dir='ltr'>mearum</span> <span class='ocrx_word' id='word_1_24' title='bbox 2520 873 2539 905; x_wconf 93' lang='lat'>,</span> 
     </span>
    </p>
   </div>
   <div class='ocr_carea' id='block_1_5' title="bbox 2684 837 2785 908">
    <p class='ocr_par' dir='ltr' id='par_1_5' title="bbox 2684 837 2785 908">
     <span class='ocr_line' id='line_1_5' title="bbox 2684 837 2785 908; baseline -0.03 -17"><span class='ocrx_word' id='word_1_25' title='bbox 2684 837 2785 908; x_wconf 75' lang='lat'>⁶9⁵</span> 
     </span>
    </p>
   </div>
   <div class='ocr_carea' id='block_1_6' title="bbox 660 930 2788 1842">
    <p class='ocr_par' dir='ltr' id='par_1_6' title="bbox 662 930 2365 1032">
     <span class='ocr_line' id='line_1_6' title="bbox 662 930 2365 1032; baseline 0 -29"><span class='ocrx_word' id='word_1_26' title='bbox 662 964 699 994; x_wconf 71' lang='lat'>³»</span> <span class='ocrx_word' id='word_1_27' title='bbox 740 932 922 1004; x_wconf 88' lang='lat' dir='ltr'>Pone</span> <span class='ocrx_word' id='word_1_28' title='bbox 955 959 1182 1026; x_wconf 84' lang='lat' dir='ltr'>graves</span> <span class='ocrx_word' id='word_1_29' title='bbox 1214 960 1437 1018; x_wconf 88' lang='lat' dir='ltr'>curas;</span> <span class='ocrx_word' id='word_1_30' title='bbox 1473 931 1909 1032; x_wconf 81' lang='lat' dir='ltr'>mandataque</span> <span class='ocrx_word' id='word_1_31' title='bbox 1940 930 2092 1005; x_wconf 77' lang='lat' dir='ltr'>falle</span> <span class='ocrx_word' id='word_1_32' title='bbox 2124 932 2365 1005; x_wconf 84' lang='lat' dir='ltr'>mariti.</span> 
     </span>
    </p>

    <p class='ocr_par' dir='ltr' id='par_1_7' title="bbox 666 1044 2338 1146">
     <span class='ocr_line' id='line_1_7' title="bbox 666 1044 2338 1146; baseline 0.002 -28"><span class='ocrx_word' id='word_1_33' title='bbox 666 1083 701 1111; x_wconf 78' lang='lat' dir='ltr'><em>n</em></span> <span class='ocrx_word' id='word_1_34' title='bbox 738 1048 875 1120; x_wconf 88' lang='lat' dir='ltr'>Nec</span> <span class='ocrx_word' id='word_1_35' title='bbox 911 1044 1185 1132; x_wconf 86' lang='lat' dir='ltr'>dubita,</span> <span class='ocrx_word' id='word_1_36' title='bbox 1223 1074 1427 1145; x_wconf 88' lang='lat' dir='ltr'>quum</span> <span class='ocrx_word' id='word_1_37' title='bbox 1464 1064 1527 1119; x_wconf 89' lang='lat' dir='ltr'>te</span> <span class='ocrx_word' id='word_1_38' title='bbox 1562 1065 1759 1146; x_wconf 86' lang='lat' dir='ltr'>partu</span> <span class='ocrx_word' id='word_1_39' title='bbox 1791 1048 2041 1121; x_wconf 86' lang='lat' dir='ltr'>Lucina</span> <span class='ocrx_word' id='word_1_40' title='bbox 2070 1047 2338 1135; x_wconf 81' lang='lat' dir='ltr'>levarit,</span> 
     </span>
    </p>

    <p class='ocr_par' dir='ltr' id='par_1_8' title="bbox 663 1159 2683 1266">
     <span class='ocr_line' id='line_1_8' title="bbox 663 1159 2683 1266; baseline 0.002 -32"><span class='ocrx_word' id='word_1_41' title='bbox 663 1196 700 1225; x_wconf 67' lang='grc' dir='ltr'><strong>υ</strong></span> <span class='ocrx_word' id='word_1_42' title='bbox 735 1159 994 1235; x_wconf 86' lang='lat' dir='ltr'><strong>Tollere</strong></span> <span class='ocrx_word' id='word_1_43' title='bbox 1028 1161 1356 1262; x_wconf 87' lang='lat' dir='ltr'>quidquid</span> <span class='ocrx_word' id='word_1_44' title='bbox 1388 1163 1555 1235; x_wconf 87' lang='lat' dir='ltr'>erit:</span> <span class='ocrx_word' id='word_1_45' title='bbox 1594 1164 1736 1237; x_wconf 81' lang='lat' dir='ltr'>Dea</span> <span class='ocrx_word' id='word_1_46' title='bbox 1763 1192 1910 1236; x_wconf 92' lang='lat' dir='ltr'>sum</span> <span class='ocrx_word' id='word_1_47' title='bbox 1948 1163 2318 1253; x_wconf 83' lang='lat' dir='ltr'>auxiliaris,</span> <span class='ocrx_word' id='word_1_48' title='bbox 2359 1193 2683 1266; x_wconf 85' lang='lat' dir='ltr'>opemque</span> 
     </span>
    </p>

    <p class='ocr_par' dir='ltr' id='par_1_9' title="bbox 667 1277 2146 1380">
     <span class='ocr_line' id='line_1_9' title="bbox 667 1277 2146 1380; baseline 0.003 -31"><span class='ocrx_word' id='word_1_49' title='bbox 667 1311 701 1341; x_wconf 93' lang='lat'>»</span> <span class='ocrx_word' id='word_1_50' title='bbox 742 1279 1026 1350; x_wconf 82' lang='lat' dir='ltr'>Exorata</span> <span class='ocrx_word' id='word_1_51' title='bbox 1061 1277 1245 1364; x_wconf 86' lang='lat' dir='ltr'>sero;</span> <span class='ocrx_word' id='word_1_52' title='bbox 1278 1306 1400 1351; x_wconf 87' lang='lat' dir='ltr'>nec</span> <span class='ocrx_word' id='word_1_53' title='bbox 1433 1296 1498 1351; x_wconf 84' lang='lat' dir='ltr'>te</span> <span class='ocrx_word' id='word_1_54' title='bbox 1535 1277 1818 1352; x_wconf 85' lang='lat' dir='ltr'>coluisse</span> <span class='ocrx_word' id='word_1_55' title='bbox 1854 1282 2146 1380; x_wconf 83' lang='lat' dir='ltr'>quereris</span> 
     </span>
    </p>

    <p class='ocr_par' dir='ltr' id='par_1_10' title="bbox 660 1393 2788 1611">
     <span class='ocr_line' id='line_1_10' title="bbox 667 1393 2788 1494; baseline 0.002 -30"><span class='ocrx_word' id='word_1_56' title='bbox 667 1427 704 1457; x_wconf 72' lang='lat'>2»</span> <span class='ocrx_word' id='word_1_57' title='bbox 746 1395 1086 1487; x_wconf 80' lang='lat' dir='ltr'>Ingratum</span> <span class='ocrx_word' id='word_1_58' title='bbox 1121 1423 1382 1471; x_wconf 83' lang='lat' dir='ltr'>numen.</span> <span class='ocrx_word' id='word_1_59' title='bbox 1422 1427 1455 1458; x_wconf 74' lang='lat' dir='ltr'><strong>n</strong></span> <span class='ocrx_word' id='word_1_60' title='bbox 1492 1394 1803 1479; x_wconf 81' lang='lat' dir='ltr'>Monuit,</span> <span class='ocrx_word' id='word_1_61' title='bbox 1848 1393 2268 1494; x_wconf 79' lang='lat' dir='ltr'>thalamoque</span> <span class='ocrx_word' id='word_1_62' title='bbox 2301 1396 2586 1469; x_wconf 74' lang='lat' dir='ltr'>recessit.</span> <span class='ocrx_word' id='word_1_63' title='bbox 2688 1435 2788 1486; x_wconf 77' lang='lat'>700</span> 
     </span>
     <span class='ocr_line' id='line_1_11' title="bbox 660 1509 2343 1611; baseline -0.001 -28"><span class='ocrx_word' id='word_1_64' title='bbox 660 1514 837 1585; x_wconf 85' lang='lat' dir='ltr'>Laeta</span> <span class='ocrx_word' id='word_1_65' title='bbox 876 1528 1019 1583; x_wconf 90' lang='lat' dir='ltr'>toro</span> <span class='ocrx_word' id='word_1_66' title='bbox 1052 1512 1298 1605; x_wconf 78' lang='lat' dir='ltr'>surgit,</span> <span class='ocrx_word' id='word_1_67' title='bbox 1332 1539 1667 1611; x_wconf 87' lang='lat' dir='ltr'>purasque</span> <span class='ocrx_word' id='word_1_68' title='bbox 1699 1510 1781 1582; x_wconf 90' lang='lat' dir='ltr'>ad</span> <span class='ocrx_word' id='word_1_69' title='bbox 1816 1510 2027 1584; x_wconf 86' lang='lat' dir='ltr'>sidera</span> <span class='ocrx_word' id='word_1_70' title='bbox 2063 1509 2343 1611; x_wconf 86' lang='lat' dir='ltr'>supplex</span> 
     </span>
    </p>

    <p class='ocr_par' dir='ltr' id='par_1_11' title="bbox 666 1607 2502 1725">
     <span class='ocr_line' id='line_1_12' title="bbox 666 1607 2502 1725; baseline -0.001 -25"><span class='ocrx_word' id='word_1_71' title='bbox 666 1607 901 1700; x_wconf 82' lang='lat' dir='ltr'>Cressa</span> <span class='ocrx_word' id='word_1_72' title='bbox 934 1655 1166 1701; x_wconf 89' lang='lat' dir='ltr'>manus</span> <span class='ocrx_word' id='word_1_73' title='bbox 1207 1626 1480 1713; x_wconf 75' lang='lat' dir='ltr'>tollenS,</span> <span class='ocrx_word' id='word_1_74' title='bbox 1517 1642 1659 1700; x_wconf 82' lang='lat' dir='ltr'>rata</span> <span class='ocrx_word' id='word_1_75' title='bbox 1692 1625 1827 1698; x_wconf 87' lang='lat' dir='ltr'>sint</span> <span class='ocrx_word' id='word_1_76' title='bbox 1857 1652 1975 1698; x_wconf 83' lang='lat' dir='ltr'>sua</span> <span class='ocrx_word' id='word_1_77' title='bbox 2010 1624 2146 1697; x_wconf 81' lang='lat' dir='ltr'>visa</span> <span class='ocrx_word' id='word_1_78' title='bbox 2180 1644 2502 1725; x_wconf 84' lang='lat' dir='ltr'>precatur.</span> 
     </span>
    </p>

    <p class='ocr_par' dir='ltr' id='par_1_12' title="bbox 660 1739 2453 1842">
     <span class='ocr_line' id='line_1_13' title="bbox 660 1739 2453 1842; baseline 0 -26"><span class='ocrx_word' id='word_1_79' title='bbox 660 1747 755 1816; x_wconf 89' lang='lat' dir='ltr'>Ut</span> <span class='ocrx_word' id='word_1_80' title='bbox 789 1742 984 1817; x_wconf 91' lang='lat' dir='ltr'>dolor</span> <span class='ocrx_word' id='word_1_81' title='bbox 1018 1742 1329 1828; x_wconf 83' lang='lat' dir='ltr'>increvit,</span> <span class='ocrx_word' id='word_1_82' title='bbox 1366 1769 1567 1842; x_wconf 90' lang='lat' dir='ltr'>seque</span> <span class='ocrx_word' id='word_1_83' title='bbox 1605 1741 1823 1841; x_wconf 89' lang='lat' dir='ltr'>ipsum</span> <span class='ocrx_word' id='word_1_84' title='bbox 1854 1739 2122 1840; x_wconf 92' lang='lat' dir='ltr'>pondus</span> <span class='ocrx_word' id='word_1_85' title='bbox 2159 1741 2229 1813; x_wconf 91' lang='lat' dir='ltr'>in</span> <span class='ocrx_word' id='word_1_86' title='bbox 2262 1769 2453 1816; x_wconf 86' lang='lat' dir='ltr'>auras</span> 
     </span>
    </p>
   </div>
   <div class='ocr_carea' id='block_1_7' title="bbox 656 1915 1676 3381">
    <p class='ocr_par' dir='ltr' id='par_1_13' title="bbox 656 1915 1675 3233">
     <span class='ocr_line' id='line_1_14' title="bbox 661 1915 1674 1986; baseline -0.004 -17"><span class='ocrx_word' id='word_1_87' title='bbox 661 1916 847 1986; x_wconf 90' lang='lat' dir='ltr'>aspidis</span> <span class='ocrx_word' id='word_1_88' title='bbox 863 1933 1043 1968; x_wconf 87' lang='lat' dir='ltr'>morsu</span> <span class='ocrx_word' id='word_1_89' title='bbox 1059 1915 1114 1966; x_wconf 88' lang='lat' dir='ltr'>in</span> <span class='ocrx_word' id='word_1_90' title='bbox 1130 1933 1377 1967; x_wconf 90' lang='lat' dir='ltr'>somnum</span> <span class='ocrx_word' id='word_1_91' title='bbox 1398 1915 1564 1967; x_wconf 89' lang='lat' dir='ltr'>soluta</span> <span class='ocrx_word' id='word_1_92' title='bbox 1581 1933 1674 1966; x_wconf 83' lang='lat' dir='ltr'>ex-</span> 
     </span>
     <span class='ocr_line' id='line_1_15' title="bbox 656 1991 1673 2064; baseline -0.004 -18"><span class='ocrx_word' id='word_1_93' title='bbox 656 1993 882 2064; x_wconf 78' lang='lat' dir='ltr'>spiravit.</span> <span class='ocrx_word' id='word_1_94' title='bbox 910 1993 1146 2061; x_wconf 88' lang='lat' dir='ltr'>Propert.</span> <span class='ocrx_word' id='word_1_95' title='bbox 1176 1993 1292 2057; x_wconf 89' lang='lat'>111,</span> <span class='ocrx_word' id='word_1_96' title='bbox 1321 2007 1404 2056; x_wconf 82' lang='lat' dir='ltr'>tx,</span> <span class='ocrx_word' id='word_1_97' title='bbox 1432 1991 1529 2053; x_wconf 84' lang='lat'>53;</span> <span class='ocrx_word' id='word_1_98' title='bbox 1561 1991 1673 2043; x_wconf 89' lang='lat' dir='ltr'>Lu-</span> 
     </span>
     <span class='ocr_line' id='line_1_16' title="bbox 660 2068 1672 2136; baseline -0.004 -13"><span class='ocrx_word' id='word_1_99' title='bbox 660 2091 772 2123; x_wconf 81' lang='lat' dir='ltr'>can.</span> <span class='ocrx_word' id='word_1_100' title='bbox 793 2071 870 2125; x_wconf 89' lang='lat' dir='ltr'>lx</span> <span class='ocrx_word' id='word_1_101' title='bbox 892 2109 907 2136; x_wconf 93' lang='lat'>,</span> <span class='ocrx_word' id='word_1_102' title='bbox 935 2090 1008 2124; x_wconf 67' lang='grc' dir='ltr'>ιιι.</span> <span class='ocrx_word' id='word_1_103' title='bbox 1036 2069 1097 2121; x_wconf 90' lang='lat' dir='ltr'>In</span> <span class='ocrx_word' id='word_1_104' title='bbox 1120 2068 1290 2122; x_wconf 87' lang='lat' dir='ltr'>lsiacis</span> <span class='ocrx_word' id='word_1_105' title='bbox 1313 2068 1672 2121; x_wconf 75' lang='lat' dir='ltr'>monumentis</span> 
     </span>
     <span class='ocr_line' id='line_1_17' title="bbox 661 2147 1672 2218; baseline -0.001 -16"><span class='ocrx_word' id='word_1_106' title='bbox 661 2153 967 2218; x_wconf 78' lang='lat' dir='ltr'>frequenter</span> <span class='ocrx_word' id='word_1_107' title='bbox 1005 2147 1136 2217; x_wconf 88' lang='lat' dir='ltr'>aspis</span> <span class='ocrx_word' id='word_1_108' title='bbox 1166 2148 1406 2201; x_wconf 90' lang='lat' dir='ltr'>occurrit.</span> <span class='ocrx_word' id='word_1_109' title='bbox 1434 2147 1672 2201; x_wconf 82' lang='lat' dir='ltr'>Valerius</span> 
     </span>
     <span class='ocr_line' id='line_1_18' title="bbox 662 2225 1673 2295; baseline -0.001 -15"><span class='ocrx_word' id='word_1_110' title='bbox 662 2228 796 2280; x_wconf 75' lang='lat' dir='ltr'>F’lac.</span> <span class='ocrx_word' id='word_1_111' title='bbox 818 2226 917 2292; x_wconf 89' lang='lat' dir='ltr'>IV,</span> <span class='ocrx_word' id='word_1_112' title='bbox 943 2225 1364 2295; x_wconf 73' lang='lat' dir='ltr'>418.—-Micyllus</span> <span class='ocrx_word' id='word_1_113' title='bbox 1386 2234 1438 2278; x_wconf 91' lang='lat' dir='ltr'>et</span> <span class='ocrx_word' id='word_1_114' title='bbox 1462 2225 1673 2279; x_wconf 75' lang='lat' dir='ltr'>Samius</span> 
     </span>
     <span class='ocr_line' id='line_1_19' title="bbox 662 2302 1674 2374; baseline -0.004 -16"><span class='ocrx_word' id='word_1_115' title='bbox 662 2325 756 2374; x_wconf 86' lang='lat' dir='ltr'>per</span> <span class='ocrx_word' id='word_1_116' title='bbox 795 2313 1060 2372; x_wconf 74' lang='lat' dir='ltr'>serpentem</span> <span class='ocrx_word' id='word_1_117' title='bbox 1104 2302 1423 2355; x_wconf 76' lang='lat' dir='ltr'>crocodilum</span> <span class='ocrx_word' id='word_1_118' title='bbox 1469 2302 1674 2355; x_wconf 90' lang='lat' dir='ltr'>intelli-</span> 
     </span>
     <span class='ocr_line' id='line_1_20' title="bbox 660 2381 1671 2452; baseline -0.002 -16"><span class='ocrx_word' id='word_1_119' title='bbox 660 2393 826 2452; x_wconf 81' lang='lat' dir='ltr'>gunt,</span> <span class='ocrx_word' id='word_1_120' title='bbox 867 2383 1014 2450; x_wconf 83' lang='lat' dir='ltr'>cujus</span> <span class='ocrx_word' id='word_1_121' title='bbox 1052 2401 1257 2435; x_wconf 88' lang='lat' dir='ltr'>morsus</span> <span class='ocrx_word' id='word_1_122' title='bbox 1303 2385 1398 2443; x_wconf 86' lang='lat' dir='ltr'>(at</span> <span class='ocrx_word' id='word_1_123' title='bbox 1438 2381 1521 2434; x_wconf 88' lang='lat' dir='ltr'>ille</span> <span class='ocrx_word' id='word_1_124' title='bbox 1561 2400 1671 2434; x_wconf 89' lang='lat' dir='ltr'>non</span> 
     </span>
     <span class='ocr_line' id='line_1_21' title="bbox 662 2461 1675 2528; baseline -0.002 -12"><span class='ocrx_word' id='word_1_125' title='bbox 662 2461 907 2528; x_wconf 86' lang='lat' dir='ltr'>mordet,</span> <span class='ocrx_word' id='word_1_126' title='bbox 945 2461 1037 2517; x_wconf 81' lang='lat' dir='ltr'>sed</span> <span class='ocrx_word' id='word_1_127' title='bbox 1078 2461 1339 2526; x_wconf 86' lang='lat' dir='ltr'>devorat)</span> <span class='ocrx_word' id='word_1_128' title='bbox 1380 2461 1675 2514; x_wconf 84' lang='lat' dir='ltr'>insanabilis</span> 
     </span>
     <span class='ocr_line' id='line_1_22' title="bbox 659 2539 1673 2610; baseline -0.006 -13"><span class='ocrx_word' id='word_1_129' title='bbox 659 2544 740 2598; x_wconf 90' lang='lat' dir='ltr'>sit.</span> <span class='ocrx_word' id='word_1_130' title='bbox 760 2543 877 2597; x_wconf 89' lang='lat' dir='ltr'>Imo</span> <span class='ocrx_word' id='word_1_131' title='bbox 901 2549 1040 2595; x_wconf 81' lang='lat' dir='ltr'>recte</span> <span class='ocrx_word' id='word_1_132' title='bbox 1059 2540 1153 2594; x_wconf 90' lang='lat' dir='ltr'>loc.</span> <span class='ocrx_word' id='word_1_133' title='bbox 1170 2539 1425 2610; x_wconf 80' lang='lat' dir='ltr'>explicant</span> <span class='ocrx_word' id='word_1_134' title='bbox 1449 2540 1673 2593; x_wconf 85' lang='lat' dir='ltr'>Farnab.</span> 
     </span>
     <span class='ocr_line' id='line_1_23' title="bbox 660 2617 1672 2688; baseline -0.007 -12"><span class='ocrx_word' id='word_1_135' title='bbox 660 2634 713 2676; x_wconf 88' lang='lat' dir='ltr'>ct</span> <span class='ocrx_word' id='word_1_136' title='bbox 739 2621 924 2674; x_wconf 82' lang='lat' dir='ltr'>Heius.</span> <span class='ocrx_word' id='word_1_137' title='bbox 947 2619 1015 2671; x_wconf 87' lang='lat' dir='ltr'>de</span> <span class='ocrx_word' id='word_1_138' title='bbox 1044 2617 1215 2688; x_wconf 81' lang='lat' dir='ltr'>aspide</span> <span class='ocrx_word' id='word_1_139' title='bbox 1235 2657 1250 2683; x_wconf 92' lang='lat'>,</span> <span class='ocrx_word' id='word_1_140' title='bbox 1280 2636 1395 2687; x_wconf 76' lang='lat' dir='ltr'>quae</span> <span class='ocrx_word' id='word_1_141' title='bbox 1424 2618 1591 2672; x_wconf 82' lang='lat' dir='ltr'>Isiacis</span> <span class='ocrx_word' id='word_1_142' title='bbox 1620 2619 1672 2670; x_wconf 90' lang='lat' dir='ltr'>in</span> 
     </span>
     <span class='ocr_line' id='line_1_24' title="bbox 659 2698 1669 2764; baseline -0.004 -11"><span class='ocrx_word' id='word_1_143' title='bbox 659 2700 812 2753; x_wconf 85' lang='lat' dir='ltr'>sacris</span> <span class='ocrx_word' id='word_1_144' title='bbox 839 2698 1118 2751; x_wconf 75' lang='lat' dir='ltr'>colebatur.</span> <span class='ocrx_word' id='word_1_145' title='bbox 1137 2698 1370 2750; x_wconf 84' lang='lat' dir='ltr'>Vocatur</span> <span class='ocrx_word' id='word_1_146' title='bbox 1383 2703 1645 2764; x_wconf 66' lang='lat' dir='ltr'>peregrina</span> <span class='ocrx_word' id='word_1_147' title='bbox 1657 2739 1669 2757; x_wconf 91' lang='lat'>,</span> 
     </span>
     <span class='ocr_line' id='line_1_25' title="bbox 662 2775 1672 2846; baseline -0.004 -16"><span class='ocrx_word' id='word_1_148' title='bbox 662 2780 783 2846; x_wconf 86' lang='lat' dir='ltr'>quia</span> <span class='ocrx_word' id='word_1_149' title='bbox 812 2780 987 2831; x_wconf 75' lang='lat' dir='ltr'>Creta.</span> <span class='ocrx_word' id='word_1_150' title='bbox 1020 2775 1107 2826; x_wconf 90' lang='lat' dir='ltr'>ubi</span> <span class='ocrx_word' id='word_1_151' title='bbox 1139 2794 1219 2827; x_wconf 90' lang='lat' dir='ltr'>res</span> <span class='ocrx_word' id='word_1_152' title='bbox 1247 2794 1391 2827; x_wconf 90' lang='lat' dir='ltr'>nunc</span> <span class='ocrx_word' id='word_1_153' title='bbox 1421 2776 1672 2844; x_wconf 81' lang='lat' dir='ltr'>agitatur,</span> 
     </span>
     <span class='ocr_line' id='line_1_26' title="bbox 661 2851 1673 2920; baseline -0.004 -13"><span class='ocrx_word' id='word_1_154' title='bbox 661 2855 826 2907; x_wconf 90' lang='lat' dir='ltr'>nullas</span> <span class='ocrx_word' id='word_1_155' title='bbox 844 2863 1112 2920; x_wconf 82' lang='lat' dir='ltr'>serpentes</span> <span class='ocrx_word' id='word_1_156' title='bbox 1137 2863 1417 2905; x_wconf 84' lang='lat' dir='ltr'>venenatas</span> <span class='ocrx_word' id='word_1_157' title='bbox 1435 2851 1673 2906; x_wconf 83' lang='lat' dir='ltr'>habebat.</span> 
     </span>
     <span class='ocr_line' id='line_1_27' title="bbox 663 2928 1669 2996; baseline -0.003 -14"><span class='ocrx_word' id='word_1_158' title='bbox 663 2929 830 2983; x_wconf 88' lang='lat' dir='ltr'>Solin.</span> <span class='ocrx_word' id='word_1_159' title='bbox 852 2947 961 2996; x_wconf 84' lang='lat' dir='ltr'>rap.</span> <span class='ocrx_word' id='word_1_160' title='bbox 982 2928 1078 2981; x_wconf 84' lang='lat' dir='ltr'>xl.</span> <span class='ocrx_word' id='word_1_161' title='bbox 1099 2956 1164 2966; x_wconf 97' lang='lat'><strong>—</strong></span> <span class='ocrx_word' id='word_1_162' title='bbox 1184 2929 1454 2979; x_wconf 74' lang='lat' dir='ltr'>Excult&#39;tur</span> <span class='ocrx_word' id='word_1_163' title='bbox 1472 2949 1644 2980; x_wconf 82' lang='lat' dir='ltr'>somno</span> <span class='ocrx_word' id='word_1_164' title='bbox 1658 2971 1669 2990; x_wconf 91' lang='lat'>,</span> 
     </span>
     <span class='ocr_line' id='line_1_28' title="bbox 662 3005 1673 3075; baseline -0.001 -15"><span class='ocrx_word' id='word_1_165' title='bbox 662 3007 813 3074; x_wconf 87' lang='lat' dir='ltr'>cujus</span> <span class='ocrx_word' id='word_1_166' title='bbox 857 3023 1072 3057; x_wconf 81' lang='lat' dir='ltr'>somnus</span> <span class='ocrx_word' id='word_1_167' title='bbox 1125 3005 1404 3072; x_wconf 84' lang='lat' dir='ltr'>repentino</span> <span class='ocrx_word' id='word_1_168' title='bbox 1455 3008 1673 3075; x_wconf 85' lang='lat' dir='ltr'>strepitu</span> 
     </span>
     <span class='ocr_line' id='line_1_29' title="bbox 663 3084 1674 3152; baseline 0 -14"><span class='ocrx_word' id='word_1_169' title='bbox 663 3084 993 3152; x_wconf 82' lang='lat' dir='ltr'>abrumpitur</span> <span class='ocrx_word' id='word_1_170' title='bbox 1033 3103 1048 3145; x_wconf 92' lang='lat'>;</span> <span class='ocrx_word' id='word_1_171' title='bbox 1107 3085 1280 3150; x_wconf 81' lang='lat' dir='ltr'>deflui!</span> <span class='ocrx_word' id='word_1_172' title='bbox 1323 3099 1525 3135; x_wconf 83' lang='lat' dir='ltr'>somnus</span> <span class='ocrx_word' id='word_1_173' title='bbox 1555 3126 1568 3145; x_wconf 89' lang='lat'>,</span> <span class='ocrx_word' id='word_1_174' title='bbox 1633 3085 1674 3138; x_wconf 91' lang='lat' dir='ltr'>si</span> 
     </span>
     <span class='ocr_line' id='line_1_30' title="bbox 664 3158 1464 3233; baseline -0.009 -16"><span class='ocrx_word' id='word_1_175' title='bbox 664 3172 849 3233; x_wconf 90' lang='lat' dir='ltr'>sponte</span> <span class='ocrx_word' id='word_1_176' title='bbox 877 3159 1049 3222; x_wconf 86' lang='lat' dir='ltr'>cedit;</span> <span class='ocrx_word' id='word_1_177' title='bbox 1075 3158 1249 3212; x_wconf 85' lang='lat' dir='ltr'>Tibul.</span> <span class='ocrx_word' id='word_1_178' title='bbox 1277 3159 1357 3211; x_wconf 83' lang='lat' dir='ltr'>III</span> <span class='ocrx_word' id='word_1_179' title='bbox 1376 3199 1386 3210; x_wconf 92' lang='lat'>.</span> <span class='ocrx_word' id='word_1_180' title='bbox 1419 3163 1464 3225; x_wconf 74' lang='grc'>4.</span> 
     </span>
    </p>

    <p class='ocr_par' dir='ltr' id='par_1_14' title="bbox 663 3236 1676 3381">
     <span class='ocr_line' id='line_1_31' title="bbox 726 3236 1676 3313; baseline 0 -20"><span class='ocrx_word' id='word_1_181' title='bbox 726 3241 839 3313; x_wconf 77' lang='lat'>595.</span> <span class='ocrx_word' id='word_1_182' title='bbox 876 3239 960 3291; x_wconf 71' lang='lat' dir='ltr'>Sic</span> <span class='ocrx_word' id='word_1_183' title='bbox 996 3236 1178 3302; x_wconf 79' lang='lat' dir='ltr'>adfata</span> <span class='ocrx_word' id='word_1_184' title='bbox 1211 3239 1343 3289; x_wconf 82' lang='lat' dir='ltr'>Dea.</span> <span class='ocrx_word' id='word_1_185' title='bbox 1383 3236 1563 3291; x_wconf 79' lang='lat' dir='ltr'>Brevis</span> <span class='ocrx_word' id='word_1_186' title='bbox 1598 3251 1676 3294; x_wconf 89' lang='lat' dir='ltr'>est</span> 
     </span>
     <span class='ocr_line' id='line_1_32' title="bbox 663 3314 1675 3381; baseline -0.003 -8"><span class='ocrx_word' id='word_1_187' title='bbox 663 3319 773 3373; x_wconf 78' lang='lat' dir='ltr'>haec</span> <span class='ocrx_word' id='word_1_188' title='bbox 798 3316 944 3372; x_wconf 82' lang='lat' dir='ltr'>Isidis</span> <span class='ocrx_word' id='word_1_189' title='bbox 968 3314 1136 3367; x_wconf 91' lang='lat' dir='ltr'>oratio</span> <span class='ocrx_word' id='word_1_190' title='bbox 1155 3356 1171 3381; x_wconf 97' lang='lat'>,</span> <span class='ocrx_word' id='word_1_191' title='bbox 1207 3324 1261 3368; x_wconf 84' lang='lat' dir='ltr'>et</span> <span class='ocrx_word' id='word_1_192' title='bbox 1287 3316 1675 3370; x_wconf 84' lang='lat' dir='ltr'>accommodata</span> 
     </span>
    </p>
   </div>
   <div class='ocr_carea' id='block_1_8' title="bbox 663 3391 1681 3465">
    <p class='ocr_par' dir='ltr' id='par_1_15' title="bbox 663 3391 1681 3465">
     <span class='ocr_line' id='line_1_33' title="bbox 663 3391 1681 3465; baseline 0.001 -16"><span class='ocrx_word' id='word_1_193' title='bbox 663 3394 985 3465; x_wconf 82' lang='lat' dir='ltr'>temporibus</span> <span class='ocrx_word' id='word_1_194' title='bbox 1008 3391 1305 3445; x_wconf 56' lang='lat' dir='ltr'>Telethusa</span> <span class='ocrx_word' id='word_1_195' title='bbox 1326 3395 1597 3448; x_wconf 84' lang='lat' dir='ltr'>moerentis</span> <span class='ocrx_word' id='word_1_196' title='bbox 1624 3407 1681 3465; x_wconf 31' lang='lat' dir='ltr'>et·</span> 
     </span>
    </p>
   </div>
   <div class='ocr_carea' id='block_1_9' title="bbox 660 3470 1676 4402">
    <p class='ocr_par' dir='ltr' id='par_1_16' title="bbox 660 3470 1676 4001">
     <span class='ocr_line' id='line_1_34' title="bbox 660 3470 1674 3536; baseline -0.002 -10"><span class='ocrx_word' id='word_1_197' title='bbox 660 3470 989 3536; x_wconf 83' lang='lat' dir='ltr'>fluctuantis,</span> <span class='ocrx_word' id='word_1_198' title='bbox 1018 3480 1197 3521; x_wconf 88' lang='lat' dir='ltr'>utrum</span> <span class='ocrx_word' id='word_1_199' title='bbox 1222 3470 1393 3521; x_wconf 89' lang='lat' dir='ltr'>mariti</span> <span class='ocrx_word' id='word_1_200' title='bbox 1419 3470 1674 3524; x_wconf 87' lang='lat' dir='ltr'>mandatis</span> 
     </span>
     <span class='ocr_line' id='line_1_35' title="bbox 667 3549 1676 3621; baseline 0 -16"><span class='ocrx_word' id='word_1_201' title='bbox 667 3552 959 3621; x_wconf 86' lang='lat' dir='ltr'>parendum</span> <span class='ocrx_word' id='word_1_202' title='bbox 977 3552 1074 3618; x_wconf 85' lang='lat' dir='ltr'>sit,</span> <span class='ocrx_word' id='word_1_203' title='bbox 1094 3569 1162 3603; x_wconf 85' lang='lat' dir='ltr'>an</span> <span class='ocrx_word' id='word_1_204' title='bbox 1181 3549 1403 3603; x_wconf 81' lang='lat' dir='ltr'>adfectui</span> <span class='ocrx_word' id='word_1_205' title='bbox 1419 3562 1676 3605; x_wconf 82' lang='lat' dir='ltr'>materno.</span> 
     </span>
     <span class='ocr_line' id='line_1_36' title="bbox 664 3629 1671 3700; baseline -0.001 -16"><span class='ocrx_word' id='word_1_206' title='bbox 664 3631 866 3684; x_wconf 86' lang='lat' dir='ltr'>Blande</span> <span class='ocrx_word' id='word_1_207' title='bbox 907 3649 1024 3684; x_wconf 87' lang='lat' dir='ltr'>eam</span> <span class='ocrx_word' id='word_1_208' title='bbox 1060 3629 1370 3699; x_wconf 87' lang='lat' dir='ltr'>alloquitur,</span> <span class='ocrx_word' id='word_1_209' title='bbox 1408 3629 1671 3700; x_wconf 80' lang='lat' dir='ltr'>ostendit,</span> 
     </span>
     <span class='ocr_line' id='line_1_37' title="bbox 665 3707 1673 3776; baseline 0 -17"><span class='ocrx_word' id='word_1_210' title='bbox 665 3708 786 3776; x_wconf 89' lang='lat' dir='ltr'>quid</span> <span class='ocrx_word' id='word_1_211' title='bbox 818 3707 1115 3761; x_wconf 80' lang='lat' dir='ltr'>faciendum</span> <span class='ocrx_word' id='word_1_212' title='bbox 1139 3708 1204 3759; x_wconf 88' lang='lat' dir='ltr'>sit</span> <span class='ocrx_word' id='word_1_213' title='bbox 1231 3747 1245 3771; x_wconf 93' lang='lat'>,</span> <span class='ocrx_word' id='word_1_214' title='bbox 1284 3717 1335 3760; x_wconf 88' lang='lat' dir='ltr'>et</span> <span class='ocrx_word' id='word_1_215' title='bbox 1359 3726 1512 3776; x_wconf 88' lang='lat' dir='ltr'>opem</span> <span class='ocrx_word' id='word_1_216' title='bbox 1538 3727 1673 3776; x_wconf 85' lang='lat' dir='ltr'>pro-</span> 
     </span>
     <span class='ocr_line' id='line_1_38' title="bbox 662 3787 1672 3854; baseline 0.002 -15"><span class='ocrx_word' id='word_1_217' title='bbox 662 3787 905 3841; x_wconf 90' lang='lat' dir='ltr'>mittit.—</span> <span class='ocrx_word' id='word_1_218' title='bbox 919 3789 1172 3841; x_wconf 74' lang='lat' dir='ltr'>Mandata</span> <span class='ocrx_word' id='word_1_219' title='bbox 1183 3787 1321 3854; x_wconf 87' lang='lat' dir='ltr'>salle</span> <span class='ocrx_word' id='word_1_220' title='bbox 1342 3792 1535 3850; x_wconf 70' lang='lat' dir='ltr'>mariti,</span> <span class='ocrx_word' id='word_1_221' title='bbox 1557 3788 1672 3841; x_wconf 83' lang='lat' dir='ltr'>salle</span> 
     </span>
     <span class='ocr_line' id='line_1_39' title="bbox 662 3864 1672 3934; baseline -0.001 -15"><span class='ocrx_word' id='word_1_222' title='bbox 662 3867 909 3919; x_wconf 88' lang='lat' dir='ltr'>maritum</span> <span class='ocrx_word' id='word_1_223' title='bbox 948 3867 1036 3934; x_wconf 90' lang='lat' dir='ltr'>qui</span> <span class='ocrx_word' id='word_1_224' title='bbox 1084 3865 1192 3919; x_wconf 79' lang='lat' dir='ltr'>haec</span> <span class='ocrx_word' id='word_1_225' title='bbox 1227 3866 1508 3919; x_wconf 81' lang='lat' dir='ltr'>mandavit.</span> <span class='ocrx_word' id='word_1_226' title='bbox 1536 3864 1672 3918; x_wconf 71' lang='lat' dir='ltr'>Vide</span> 
     </span>
     <span class='ocr_line' id='line_1_40' title="bbox 663 3947 1021 4001; baseline -0.003 -2"><span class='ocrx_word' id='word_1_227' title='bbox 663 3947 726 3999; x_wconf 83' lang='lat' dir='ltr'>ad</span> <span class='ocrx_word' id='word_1_228' title='bbox 752 3967 882 4001; x_wconf 83' lang='lat' dir='ltr'>vers.</span> <span class='ocrx_word' id='word_1_229' title='bbox 917 3965 1021 3999; x_wconf 77' lang='lat'>¹20.</span> 
     </span>
    </p>

    <p class='ocr_par' dir='ltr' id='par_1_17' title="bbox 662 4022 1676 4402">
     <span class='ocr_line' id='line_1_41' title="bbox 725 4022 1674 4096; baseline 0 -21"><span class='ocrx_word' id='word_1_230' title='bbox 725 4024 838 4096; x_wconf 80' lang='lat'>697.</span> <span class='ocrx_word' id='word_1_231' title='bbox 864 4027 969 4077; x_wconf 88' lang='lat' dir='ltr'>Nec</span> <span class='ocrx_word' id='word_1_232' title='bbox 988 4028 1177 4076; x_wconf 78' lang='lat' dir='ltr'>dubita.</span> <span class='ocrx_word' id='word_1_233' title='bbox 1196 4022 1463 4076; x_wconf 88' lang='lat' dir='ltr'>Cantaber</span> <span class='ocrx_word' id='word_1_234' title='bbox 1481 4033 1532 4076; x_wconf 88' lang='lat' dir='ltr'>et</span> <span class='ocrx_word' id='word_1_235' title='bbox 1548 4042 1674 4091; x_wconf 83' lang='lat' dir='ltr'>qua-</span> 
     </span>
     <span class='ocr_line' id='line_1_42' title="bbox 662 4101 1673 4168; baseline 0.001 -17"><span class='ocrx_word' id='word_1_236' title='bbox 662 4111 782 4152; x_wconf 85' lang='lat' dir='ltr'>tuor</span> <span class='ocrx_word' id='word_1_237' title='bbox 805 4101 886 4154; x_wconf 89' lang='lat' dir='ltr'>alii</span> <span class='ocrx_word' id='word_1_238' title='bbox 906 4142 922 4168; x_wconf 90' lang='lat'>,</span> <span class='ocrx_word' id='word_1_239' title='bbox 957 4103 1031 4154; x_wconf 82' lang='lat' dir='ltr'>Ne</span> <span class='ocrx_word' id='word_1_240' title='bbox 1053 4105 1261 4164; x_wconf 53' lang='lat' dir='ltr'>dumm-</span> <span class='ocrx_word' id='word_1_241' title='bbox 1293 4101 1443 4154; x_wconf 90' lang='lat' dir='ltr'>multi</span> <span class='ocrx_word' id='word_1_242' title='bbox 1469 4103 1546 4155; x_wconf 82' lang='lat' dir='ltr'>Ne</span> <span class='ocrx_word' id='word_1_243' title='bbox 1568 4104 1673 4152; x_wconf 79' lang='lat' dir='ltr'>du-</span> 
     </span>
     <span class='ocr_line' id='line_1_43' title="bbox 662 4179 1676 4249; baseline 0.004 -21"><span class='ocrx_word' id='word_1_244' title='bbox 662 4180 802 4230; x_wconf 81' lang='lat' dir='ltr'>bites.</span> <span class='ocrx_word' id='word_1_245' title='bbox 818 4205 884 4219; x_wconf 91' lang='lat'>—-</span> <span class='ocrx_word' id='word_1_246' title='bbox 910 4179 1059 4249; x_wconf 82' lang='lat' dir='ltr'>Regii</span> <span class='ocrx_word' id='word_1_247' title='bbox 1087 4180 1247 4233; x_wconf 84' lang='lat' dir='ltr'>nostri</span> <span class='ocrx_word' id='word_1_248' title='bbox 1275 4184 1378 4233; x_wconf 82' lang='lat' dir='ltr'>Nec</span> <span class='ocrx_word' id='word_1_249' title='bbox 1401 4184 1588 4232; x_wconf 74' lang='lat' dir='ltr'>dubita.</span> <span class='ocrx_word' id='word_1_250' title='bbox 1610 4207 1676 4219; x_wconf 89' lang='lat'>--</span> 
     </span>
     <span class='ocr_line' id='line_1_44' title="bbox 670 4255 1669 4324; baseline 0.007 -20"><span class='ocrx_word' id='word_1_251' title='bbox 670 4255 859 4308; x_wconf 83' lang='lat' dir='ltr'>Tollere</span> <span class='ocrx_word' id='word_1_252' title='bbox 881 4267 976 4310; x_wconf 81' lang='lat' dir='ltr'>etc.</span> <span class='ocrx_word' id='word_1_253' title='bbox 995 4257 1303 4320; x_wconf 77' lang='lat' dir='ltr'>Terentius,</span> <span class='ocrx_word' id='word_1_254' title='bbox 1333 4256 1500 4313; x_wconf 78' lang='lat' dir='ltr'>Andr.</span> <span class='ocrx_word' id='word_1_255' title='bbox 1527 4259 1577 4324; x_wconf 86' lang='grc' dir='ltr'>Ι,</span> <span class='ocrx_word' id='word_1_256' title='bbox 1612 4261 1669 4323; x_wconf 85' lang='grc'>3,</span> 
     </span>
     <span class='ocr_line' id='line_1_45' title="bbox 669 4335 1672 4402; baseline 0.002 -17"><span class='ocrx_word' id='word_1_257' title='bbox 669 4335 1197 4402; x_wconf 67' lang='lat' dir='ltr'>(lm‘dqm&#39;dpcpcreirsct</span> <span class='ocrx_word' id='word_1_258' title='bbox 1209 4374 1224 4399; x_wconf 88' lang='lat'>,</span> <span class='ocrx_word' id='word_1_259' title='bbox 1247 4338 1556 4388; x_wconf 64' lang='lat' dir='ltr'>decreverunt</span> <span class='ocrx_word' id='word_1_260' title='bbox 1570 4338 1672 4387; x_wconf 80' lang='lat' dir='ltr'>tol-</span> 
     </span>
    </p>
   </div>
   <div class='ocr_carea' id='block_1_10' title="bbox 1765 1914 2787 4406">
    <p class='ocr_par' dir='ltr' id='par_1_18' title="bbox 1767 1914 2787 2922">
     <span class='ocr_line' id='line_1_46' title="bbox 1767 1914 2784 1985; baseline 0.005 -19"><span class='ocrx_word' id='word_1_261' title='bbox 1767 1917 1954 1967; x_wconf 84' lang='lat' dir='ltr'>lere.—</span> <span class='ocrx_word' id='word_1_262' title='bbox 1974 1916 2162 1967; x_wconf 70' lang='lat' dir='ltr'>Tollere</span> <span class='ocrx_word' id='word_1_263' title='bbox 2182 1914 2267 1968; x_wconf 80' lang='lat' dir='ltr'>hic</span> <span class='ocrx_word' id='word_1_264' title='bbox 2293 1926 2369 1968; x_wconf 91' lang='lat' dir='ltr'>est</span> <span class='ocrx_word' id='word_1_265' title='bbox 2391 1915 2611 1970; x_wconf 83' lang='lat' dir='ltr'>educare</span> <span class='ocrx_word' id='word_1_266' title='bbox 2632 1958 2647 1985; x_wconf 88' lang='lat'>,</span> <span class='ocrx_word' id='word_1_267' title='bbox 2676 1938 2784 1972; x_wconf 89' lang='lat' dir='ltr'>non</span> 
     </span>
     <span class='ocr_line' id='line_1_47' title="bbox 1769 1994 2786 2063; baseline 0.003 -17"><span class='ocrx_word' id='word_1_268' title='bbox 1769 2011 2026 2063; x_wconf 86' lang='lat' dir='ltr'>exponere</span> <span class='ocrx_word' id='word_1_269' title='bbox 2052 2033 2067 2060; x_wconf 87' lang='lat'>,</span> <span class='ocrx_word' id='word_1_270' title='bbox 2110 2012 2217 2046; x_wconf 91' lang='lat' dir='ltr'>non</span> <span class='ocrx_word' id='word_1_271' title='bbox 2250 1994 2562 2048; x_wconf 85' lang='lat' dir='ltr'>interficere.</span> <span class='ocrx_word' id='word_1_272' title='bbox 2599 1997 2697 2049; x_wconf 87' lang='lat' dir='ltr'>Ed.</span> <span class='ocrx_word' id='word_1_273' title='bbox 2721 2027 2786 2036; x_wconf 96' lang='lat'>—</span> 
     </span>
     <span class='ocr_line' id='line_1_48' title="bbox 1769 2074 2783 2142; baseline 0.004 -18"><span class='ocrx_word' id='word_1_274' title='bbox 1769 2074 1887 2125; x_wconf 82' lang='lat' dir='ltr'>Dea</span> <span class='ocrx_word' id='word_1_275' title='bbox 1906 2091 2015 2124; x_wconf 81' lang='lat' dir='ltr'>sum</span> <span class='ocrx_word' id='word_1_276' title='bbox 2048 2077 2333 2127; x_wconf 49' lang='lat' dir='ltr'>auxiliares.</span> <span class='ocrx_word' id='word_1_277' title='bbox 2366 2074 2450 2127; x_wconf 81' lang='lat' dir='ltr'>Ad</span> <span class='ocrx_word' id='word_1_278' title='bbox 2483 2075 2535 2127; x_wconf 91' lang='lat' dir='ltr'>id</span> <span class='ocrx_word' id='word_1_279' title='bbox 2568 2075 2783 2142; x_wconf 88' lang='lat' dir='ltr'>alludit,</span> 
     </span>
     <span class='ocr_line' id='line_1_49' title="bbox 1771 2151 2784 2227; baseline 0.007 -26"><span class='ocrx_word' id='word_1_280' title='bbox 1771 2151 1911 2220; x_wconf 86' lang='lat' dir='ltr'>quod</span> <span class='ocrx_word' id='word_1_281' title='bbox 1931 2190 1945 2215; x_wconf 95' lang='lat'>,</span> <span class='ocrx_word' id='word_1_282' title='bbox 1965 2161 2022 2204; x_wconf 93' lang='lat' dir='ltr'>ut</span> <span class='ocrx_word' id='word_1_283' title='bbox 2038 2152 2216 2206; x_wconf 86' lang='lat' dir='ltr'>scribit</span> <span class='ocrx_word' id='word_1_284' title='bbox 2233 2151 2499 2206; x_wconf 87' lang='lat' dir='ltr'>Diodorus</span> <span class='ocrx_word' id='word_1_285' title='bbox 2516 2194 2531 2219; x_wconf 94' lang='lat'>,</span> <span class='ocrx_word' id='word_1_286' title='bbox 2551 2154 2784 2227; x_wconf 75' lang='lat' dir='ltr'>AEgyptii</span> 
     </span>
     <span class='ocr_line' id='line_1_50' title="bbox 1772 2229 2784 2300; baseline 0.004 -19"><span class='ocrx_word' id='word_1_287' title='bbox 1772 2241 2040 2294; x_wconf 91' lang='lat' dir='ltr'>asserunt,</span> <span class='ocrx_word' id='word_1_288' title='bbox 2081 2229 2274 2283; x_wconf 85' lang='lat' dir='ltr'>Isidem</span> <span class='ocrx_word' id='word_1_289' title='bbox 2308 2231 2657 2300; x_wconf 89' lang='lat' dir='ltr'>plurimorum</span> <span class='ocrx_word' id='word_1_290' title='bbox 2690 2234 2784 2285; x_wconf 90' lang='lat' dir='ltr'>in-</span> 
     </span>
     <span class='ocr_line' id='line_1_51' title="bbox 1771 2307 2785 2363; baseline 0.004 -6"><span class='ocrx_word' id='word_1_291' title='bbox 1771 2307 2057 2360; x_wconf 86' lang='lat' dir='ltr'>ventricem</span> <span class='ocrx_word' id='word_1_292' title='bbox 2076 2307 2230 2361; x_wconf 85' lang='lat' dir='ltr'>fuisse</span> <span class='ocrx_word' id='word_1_293' title='bbox 2245 2307 2309 2360; x_wconf 90' lang='lat' dir='ltr'>ad</span> <span class='ocrx_word' id='word_1_294' title='bbox 2333 2310 2542 2362; x_wconf 89' lang='lat' dir='ltr'>morbos</span> <span class='ocrx_word' id='word_1_295' title='bbox 2559 2309 2785 2363; x_wconf 84' lang='lat' dir='ltr'>medica-</span> 
     </span>
     <span class='ocr_line' id='line_1_52' title="bbox 1770 2385 2784 2451; baseline 0.005 -16"><span class='ocrx_word' id='word_1_296' title='bbox 1770 2394 2108 2451; x_wconf 68' lang='lat' dir='ltr'>mentorum,</span> <span class='ocrx_word' id='word_1_297' title='bbox 2136 2395 2188 2437; x_wconf 89' lang='lat' dir='ltr'>et</span> <span class='ocrx_word' id='word_1_298' title='bbox 2208 2385 2482 2439; x_wconf 83' lang='lat' dir='ltr'>medicinae</span> <span class='ocrx_word' id='word_1_299' title='bbox 2502 2387 2597 2441; x_wconf 87' lang='lat' dir='ltr'>arti</span> <span class='ocrx_word' id='word_1_300' title='bbox 2621 2388 2784 2440; x_wconf 83' lang='lat' dir='ltr'>multa</span> 
     </span>
     <span class='ocr_line' id='line_1_53' title="bbox 1771 2461 2785 2533; baseline 0.004 -21"><span class='ocrx_word' id='word_1_301' title='bbox 1771 2461 2072 2514; x_wconf 88' lang='lat' dir='ltr'>contulisse:</span> <span class='ocrx_word' id='word_1_302' title='bbox 2087 2480 2243 2530; x_wconf 88' lang='lat' dir='ltr'>quam</span> <span class='ocrx_word' id='word_1_303' title='bbox 2259 2462 2647 2516; x_wconf 84' lang='lat' dir='ltr'>immortalitate</span> <span class='ocrx_word' id='word_1_304' title='bbox 2661 2483 2785 2533; x_wconf 88' lang='lat' dir='ltr'>quo·</span> 
     </span>
     <span class='ocr_line' id='line_1_54' title="bbox 1772 2538 2787 2610; baseline 0.003 -18"><span class='ocrx_word' id='word_1_305' title='bbox 1772 2557 1871 2607; x_wconf 90' lang='lat' dir='ltr'>que</span> <span class='ocrx_word' id='word_1_306' title='bbox 1897 2540 2114 2609; x_wconf 80' lang='lat' dir='ltr'>potitam</span> <span class='ocrx_word' id='word_1_307' title='bbox 2133 2538 2358 2610; x_wconf 79' lang='lat' dir='ltr'>gaudere</span> <span class='ocrx_word' id='word_1_308' title='bbox 2375 2540 2655 2595; x_wconf 86' lang='lat' dir='ltr'>hominum</span> <span class='ocrx_word' id='word_1_309' title='bbox 2672 2542 2787 2595; x_wconf 90' lang='lat' dir='ltr'>cul-</span> 
     </span>
     <span class='ocr_line' id='line_1_55' title="bbox 1770 2619 2786 2690; baseline 0.002 -19"><span class='ocrx_word' id='word_1_310' title='bbox 1770 2628 1827 2671; x_wconf 89' lang='lat' dir='ltr'>tu</span> <span class='ocrx_word' id='word_1_311' title='bbox 1849 2659 1864 2685; x_wconf 95' lang='lat'>,</span> <span class='ocrx_word' id='word_1_312' title='bbox 1891 2619 2049 2689; x_wconf 89' lang='lat' dir='ltr'>inque</span> <span class='ocrx_word' id='word_1_313' title='bbox 2077 2640 2262 2672; x_wconf 87' lang='lat' dir='ltr'>eorum</span> <span class='ocrx_word' id='word_1_314' title='bbox 2288 2619 2583 2674; x_wconf 83' lang='lat' dir='ltr'>valetudine</span> <span class='ocrx_word' id='word_1_315' title='bbox 2611 2623 2786 2690; x_wconf 78' lang='lat' dir='ltr'>praeci·</span> 
     </span>
     <span class='ocr_line' id='line_1_56' title="bbox 1770 2697 2785 2767; baseline 0.005 -19"><span class='ocrx_word' id='word_1_316' title='bbox 1770 2716 1871 2767; x_wconf 90' lang='lat' dir='ltr'>pue</span> <span class='ocrx_word' id='word_1_317' title='bbox 1896 2697 2087 2749; x_wconf 75' lang='lat' dir='ltr'>versari</span> <span class='ocrx_word' id='word_1_318' title='bbox 2109 2738 2124 2763; x_wconf 98' lang='lat'>,</span> <span class='ocrx_word' id='word_1_319' title='bbox 2171 2698 2295 2767; x_wconf 88' lang='lat' dir='ltr'>quin</span> <span class='ocrx_word' id='word_1_320' title='bbox 2316 2699 2481 2750; x_wconf 79' lang='lat' dir='ltr'>etiam</span> <span class='ocrx_word' id='word_1_321' title='bbox 2507 2699 2561 2751; x_wconf 90' lang='lat' dir='ltr'>in</span> <span class='ocrx_word' id='word_1_322' title='bbox 2591 2699 2785 2753; x_wconf 89' lang='lat' dir='ltr'>somnis</span> 
     </span>
     <span class='ocr_line' id='line_1_57' title="bbox 1771 2773 2783 2845; baseline 0.002 -18"><span class='ocrx_word' id='word_1_323' title='bbox 1771 2773 1940 2842; x_wconf 89' lang='lat' dir='ltr'>palam</span> <span class='ocrx_word' id='word_1_324' title='bbox 1961 2775 2034 2827; x_wconf 89' lang='lat' dir='ltr'>eis</span> <span class='ocrx_word' id='word_1_325' title='bbox 2056 2775 2333 2845; x_wconf 85' lang='lat' dir='ltr'>opitulari,</span> <span class='ocrx_word' id='word_1_326' title='bbox 2372 2795 2502 2845; x_wconf 88' lang='lat' dir='ltr'>quos</span> <span class='ocrx_word' id='word_1_327' title='bbox 2525 2779 2783 2831; x_wconf 80' lang='lat' dir='ltr'>censuerit</span> 
     </span>
     <span class='ocr_line' id='line_1_58' title="bbox 1772 2852 2095 2922; baseline 0.006 -18"><span class='ocrx_word' id='word_1_328' title='bbox 1772 2852 1972 2922; x_wconf 82' lang='lat' dir='ltr'>dignos.</span> <span class='ocrx_word' id='word_1_329' title='bbox 1998 2855 2095 2906; x_wconf 82' lang='lat' dir='ltr'>Ed.</span> 
     </span>
    </p>

    <p class='ocr_par' dir='ltr' id='par_1_19' title="bbox 1769 2932 2787 3313">
     <span class='ocr_line' id='line_1_59' title="bbox 1840 2932 2785 3006; baseline 0.005 -25"><span class='ocrx_word' id='word_1_330' title='bbox 1840 2948 1950 2997; x_wconf 82' lang='lat'>&#39;7⁰0-</span> <span class='ocrx_word' id='word_1_331' title='bbox 1971 2933 2183 2985; x_wconf 67' lang='lat' dir='ltr'>stlonm&#39;l.</span> <span class='ocrx_word' id='word_1_332' title='bbox 2202 2932 2330 2985; x_wconf 82' lang='lat' dir='ltr'>Mox</span> <span class='ocrx_word' id='word_1_333' title='bbox 2350 2953 2482 2987; x_wconf 83' lang='lat' dir='ltr'>vers.</span> <span class='ocrx_word' id='word_1_334' title='bbox 2509 2955 2604 3006; x_wconf 84' lang='lat'>779</span> <span class='ocrx_word' id='word_1_335' title='bbox 2620 2973 2634 2999; x_wconf 90' lang='lat'>,</span> <span class='ocrx_word' id='word_1_336' title='bbox 2659 2935 2785 2986; x_wconf 74' lang='lat' dir='ltr'>Con-</span> 
     </span>
     <span class='ocr_line' id='line_1_60' title="bbox 1769 3011 2787 3078; baseline 0.006 -19"><span class='ocrx_word' id='word_1_337' title='bbox 1769 3011 1941 3059; x_wconf 76' lang='lat' dir='ltr'>silium</span> <span class='ocrx_word' id='word_1_338' title='bbox 1960 3013 2289 3078; x_wconf 77' lang='lat' dir='ltr'>monitumque</span> <span class='ocrx_word' id='word_1_339' title='bbox 2312 3022 2446 3064; x_wconf 76' lang='lat' dir='ltr'>quen</span> <span class='ocrx_word' id='word_1_340' title='bbox 2466 3022 2557 3064; x_wconf 74' lang='lat' dir='ltr'>est.</span> <span class='ocrx_word' id='word_1_341' title='bbox 2585 3015 2787 3065; x_wconf 78' lang='lat' dir='ltr'>Monere</span> 
     </span>
     <span class='ocr_line' id='line_1_61' title="bbox 1772 3085 2786 3156; baseline 0.005 -18"><span class='ocrx_word' id='word_1_342' title='bbox 1772 3085 1916 3138; x_wconf 84' lang='lat' dir='ltr'>enim</span> <span class='ocrx_word' id='word_1_343' title='bbox 1963 3088 2170 3156; x_wconf 88' lang='lat' dir='ltr'>proprie</span> <span class='ocrx_word' id='word_1_344' title='bbox 2213 3087 2277 3142; x_wconf 88' lang='lat' dir='ltr'>de</span> <span class='ocrx_word' id='word_1_345' title='bbox 2321 3089 2533 3142; x_wconf 89' lang='lat' dir='ltr'>somniis</span> <span class='ocrx_word' id='word_1_346' title='bbox 2576 3101 2630 3141; x_wconf 86' lang='lat' dir='ltr'>et</span> <span class='ocrx_word' id='word_1_347' title='bbox 2670 3089 2786 3143; x_wconf 90' lang='lat' dir='ltr'>Diis</span> 
     </span>
     <span class='ocr_line' id='line_1_62' title="bbox 1771 3166 2780 3235; baseline 0.002 -17"><span class='ocrx_word' id='word_1_348' title='bbox 1771 3166 1974 3219; x_wconf 85' lang='lat' dir='ltr'>somnia</span> <span class='ocrx_word' id='word_1_349' title='bbox 2005 3166 2330 3221; x_wconf 84' lang='lat' dir='ltr'>mittentibus</span> <span class='ocrx_word' id='word_1_350' title='bbox 2350 3190 2362 3230; x_wconf 87' lang='lat'><strong>;</strong></span> <span class='ocrx_word' id='word_1_351' title='bbox 2408 3166 2524 3219; x_wconf 79' lang='lat' dir='ltr'>vide</span> <span class='ocrx_word' id='word_1_352' title='bbox 2565 3186 2680 3235; x_wconf 74' lang='lat' dir='ltr'>quae</span> <span class='ocrx_word' id='word_1_353' title='bbox 2717 3169 2780 3220; x_wconf 89' lang='lat' dir='ltr'>ad</span> 
     </span>
     <span class='ocr_line' id='line_1_63' title="bbox 1774 3243 2783 3313; baseline 0.004 -16"><span class='ocrx_word' id='word_1_354' title='bbox 1774 3243 1940 3312; x_wconf 87' lang='lat' dir='ltr'>XIII,</span> <span class='ocrx_word' id='word_1_355' title='bbox 1970 3246 2085 3313; x_wconf 79' lang='lat'>216,</span> <span class='ocrx_word' id='word_1_356' title='bbox 2104 3267 2166 3299; x_wconf 84' lang='lat' dir='ltr'>ex</span> <span class='ocrx_word' id='word_1_357' title='bbox 2179 3248 2399 3301; x_wconf 85' lang='lat' dir='ltr'>Heinsio</span> <span class='ocrx_word' id='word_1_358' title='bbox 2422 3246 2665 3299; x_wconf 87' lang='lat' dir='ltr'>dicemus.</span> <span class='ocrx_word' id='word_1_359' title='bbox 2685 3248 2783 3301; x_wconf 79' lang='lat' dir='ltr'>Ed.</span> 
     </span>
    </p>

    <p class='ocr_par' dir='ltr' id='par_1_20' title="bbox 1765 3324 2784 4406">
     <span class='ocr_line' id='line_1_64' title="bbox 1841 3324 2783 3392; baseline 0.003 -18"><span class='ocrx_word' id='word_1_360' title='bbox 1841 3341 1952 3391; x_wconf 88' lang='lat'>70¹·</span> <span class='ocrx_word' id='word_1_361' title='bbox 1978 3327 2232 3392; x_wconf 75' lang='lat' dir='ltr'>Parosque</span> <span class='ocrx_word' id='word_1_362' title='bbox 2246 3366 2256 3377; x_wconf 91' lang='lat'>.</span> <span class='ocrx_word' id='word_1_363' title='bbox 2273 3366 2285 3377; x_wconf 94' lang='lat'>.</span> <span class='ocrx_word' id='word_1_364' title='bbox 2302 3367 2313 3379; x_wconf 93' lang='lat'>.</span> <span class='ocrx_word' id='word_1_365' title='bbox 2330 3344 2520 3378; x_wconf 78' lang='lat' dir='ltr'>manus.</span> <span class='ocrx_word' id='word_1_366' title='bbox 2550 3324 2673 3377; x_wconf 88' lang='lat' dir='ltr'>Non</span> <span class='ocrx_word' id='word_1_367' title='bbox 2698 3324 2783 3377; x_wconf 87' lang='lat' dir='ltr'>hic</span> 
     </span>
     <span class='ocr_line' id='line_1_65' title="bbox 1772 3399 2779 3470; baseline 0.004 -19"><span class='ocrx_word' id='word_1_368' title='bbox 1772 3399 2107 3470; x_wconf 83' lang='lat' dir='ltr'>intelligenda</span> <span class='ocrx_word' id='word_1_369' title='bbox 2142 3408 2343 3470; x_wconf 75' lang='lat' dir='ltr'>puritas</span> <span class='ocrx_word' id='word_1_370' title='bbox 2381 3421 2635 3456; x_wconf 88' lang='lat' dir='ltr'>manuum</span> <span class='ocrx_word' id='word_1_371' title='bbox 2679 3402 2747 3455; x_wconf 36' lang='lat' dir='ltr'>ea*</span> <span class='ocrx_word' id='word_1_372' title='bbox 2766 3444 2779 3466; x_wconf 87' lang='lat'>,</span> 
     </span>
     <span class='ocr_line' id='line_1_66' title="bbox 1773 3479 2780 3552; baseline 0.002 -20"><span class='ocrx_word' id='word_1_373' title='bbox 1773 3500 1930 3550; x_wconf 89' lang='lat' dir='ltr'>quam</span> <span class='ocrx_word' id='word_1_374' title='bbox 1961 3479 2079 3533; x_wconf 90' lang='lat' dir='ltr'>Deo</span> <span class='ocrx_word' id='word_1_375' title='bbox 2107 3481 2307 3551; x_wconf 81' lang='lat' dir='ltr'>placere</span> <span class='ocrx_word' id='word_1_376' title='bbox 2337 3483 2464 3536; x_wconf 83' lang='lat' dir='ltr'>sacri</span> <span class='ocrx_word' id='word_1_377' title='bbox 2496 3493 2547 3535; x_wconf 90' lang='lat' dir='ltr'>et</span> <span class='ocrx_word' id='word_1_378' title='bbox 2579 3484 2780 3552; x_wconf 77' lang='lat' dir='ltr'>profani</span> 
     </span>
     <span class='ocr_line' id='line_1_67' title="bbox 1771 3558 2778 3630; baseline 0.002 -18"><span class='ocrx_word' id='word_1_379' title='bbox 1771 3558 2046 3627; x_wconf 85' lang='lat' dir='ltr'>scriptores</span> <span class='ocrx_word' id='word_1_380' title='bbox 2063 3571 2284 3614; x_wconf 90' lang='lat' dir='ltr'>monent</span> <span class='ocrx_word' id='word_1_381' title='bbox 2305 3602 2319 3625; x_wconf 95' lang='lat'>,</span> <span class='ocrx_word' id='word_1_382' title='bbox 2343 3562 2431 3615; x_wconf 87' lang='lat' dir='ltr'>sed</span> <span class='ocrx_word' id='word_1_383' title='bbox 2444 3582 2603 3630; x_wconf 74' lang='lat' dir='ltr'>puras</span> <span class='ocrx_word' id='word_1_384' title='bbox 2625 3561 2745 3615; x_wconf 79' lang='lat' dir='ltr'>dicit</span> <span class='ocrx_word' id='word_1_385' title='bbox 2766 3603 2778 3621; x_wconf 84' lang='grc'>,</span> 
     </span>
     <span class='ocr_line' id='line_1_68' title="bbox 1771 3637 2778 3709; baseline 0.001 -20"><span class='ocrx_word' id='word_1_386' title='bbox 1771 3648 1829 3689; x_wconf 90' lang='lat' dir='ltr'>ut</span> <span class='ocrx_word' id='word_1_387' title='bbox 1853 3637 2191 3691; x_wconf 88' lang='lat' dir='ltr'>Burmannus</span> <span class='ocrx_word' id='word_1_388' title='bbox 2221 3638 2379 3705; x_wconf 83' lang='lat' dir='ltr'>vidit,</span> <span class='ocrx_word' id='word_1_389' title='bbox 2421 3639 2548 3693; x_wconf 88' lang='lat' dir='ltr'>lotas</span> <span class='ocrx_word' id='word_1_390' title='bbox 2576 3681 2589 3706; x_wconf 94' lang='lat'>,</span> <span class='ocrx_word' id='word_1_391' title='bbox 2619 3660 2778 3709; x_wconf 83' lang='lat' dir='ltr'>quum</span> 
     </span>
     <span class='ocr_line' id='line_1_69' title="bbox 1771 3716 2779 3786; baseline 0.004 -19"><span class='ocrx_word' id='word_1_392' title='bbox 1771 3716 1879 3783; x_wconf 72' lang='lat' dir='ltr'>jam</span> <span class='ocrx_word' id='word_1_393' title='bbox 1913 3735 2043 3785; x_wconf 83' lang='lat' dir='ltr'>aqua</span> <span class='ocrx_word' id='word_1_394' title='bbox 2073 3717 2320 3786; x_wconf 80' lang='lat' dir='ltr'>expiasset</span> <span class='ocrx_word' id='word_1_395' title='bbox 2344 3719 2626 3771; x_wconf 86' lang='lat' dir='ltr'>somnium.</span> <span class='ocrx_word' id='word_1_396' title='bbox 2662 3719 2779 3771; x_wconf 81' lang='lat' dir='ltr'>Ab-</span> 
     </span>
     <span class='ocr_line' id='line_1_70' title="bbox 1771 3792 2781 3863; baseline 0.003 -18"><span class='ocrx_word' id='word_1_397' title='bbox 1771 3792 1985 3846; x_wconf 90' lang='lat' dir='ltr'>luebant</span> <span class='ocrx_word' id='word_1_398' title='bbox 2009 3805 2184 3849; x_wconf 87' lang='lat' dir='ltr'>autem</span> <span class='ocrx_word' id='word_1_399' title='bbox 2204 3795 2273 3848; x_wconf 89' lang='lat' dir='ltr'>sic</span> <span class='ocrx_word' id='word_1_400' title='bbox 2292 3814 2398 3848; x_wconf 89' lang='lat' dir='ltr'>non</span> <span class='ocrx_word' id='word_1_401' title='bbox 2422 3797 2590 3848; x_wconf 87' lang='lat' dir='ltr'>solum</span> <span class='ocrx_word' id='word_1_402' title='bbox 2614 3795 2748 3848; x_wconf 85' lang='lat' dir='ltr'>mala</span> <span class='ocrx_word' id='word_1_403' title='bbox 2766 3837 2781 3863; x_wconf 94' lang='lat'>,</span> 
     </span>
     <span class='ocr_line' id='line_1_71' title="bbox 1771 3870 2784 3937; baseline 0 -14"><span class='ocrx_word' id='word_1_404' title='bbox 1771 3870 1860 3923; x_wconf 89' lang='lat' dir='ltr'>sed</span> <span class='ocrx_word' id='word_1_405' title='bbox 1884 3871 2041 3924; x_wconf 89' lang='lat' dir='ltr'>etiam</span> <span class='ocrx_word' id='word_1_406' title='bbox 2062 3873 2198 3926; x_wconf 85' lang='lat' dir='ltr'>bona</span> <span class='ocrx_word' id='word_1_407' title='bbox 2217 3874 2419 3927; x_wconf 85' lang='lat' dir='ltr'>somnia</span> <span class='ocrx_word' id='word_1_408' title='bbox 2437 3895 2449 3937; x_wconf 89' lang='lat'>;</span> <span class='ocrx_word' id='word_1_409' title='bbox 2476 3874 2593 3927; x_wconf 87' lang='lat' dir='ltr'>vide</span> <span class='ocrx_word' id='word_1_410' title='bbox 2612 3875 2784 3927; x_wconf 87' lang='lat' dir='ltr'>Brou—</span> 
     </span>
     <span class='ocr_line' id='line_1_72' title="bbox 1770 3947 2781 4020; baseline 0.002 -20"><span class='ocrx_word' id='word_1_411' title='bbox 1770 3947 2013 4002; x_wconf 77' lang='lat' dir='ltr'>kbusium</span> <span class='ocrx_word' id='word_1_412' title='bbox 2025 3949 2088 4002; x_wconf 82' lang='lat' dir='ltr'>ad</span> <span class='ocrx_word' id='word_1_413' title='bbox 2104 3952 2344 4020; x_wconf 84' lang='lat' dir='ltr'>Propert.</span> <span class='ocrx_word' id='word_1_414' title='bbox 2363 3951 2460 4015; x_wconf 89' lang='lat' dir='ltr'>IV,</span> <span class='ocrx_word' id='word_1_415' title='bbox 2484 3967 2562 4016; x_wconf 77' lang='lat' dir='ltr'>tv,</span> <span class='ocrx_word' id='word_1_416' title='bbox 2585 3973 2660 4005; x_wconf 78' lang='lat' dir='ltr'>aa.</span> <span class='ocrx_word' id='word_1_417' title='bbox 2676 3950 2781 4006; x_wconf 87' lang='lat' dir='ltr'>Sed</span> 
     </span>
     <span class='ocr_line' id='line_1_73' title="bbox 1772 4027 2781 4095; baseline 0.001 -18"><span class='ocrx_word' id='word_1_418' title='bbox 1772 4036 1822 4077; x_wconf 88' lang='lat' dir='ltr'>et</span> <span class='ocrx_word' id='word_1_419' title='bbox 1860 4047 2037 4095; x_wconf 79' lang='lat' dir='ltr'>preces</span> <span class='ocrx_word' id='word_1_420' title='bbox 2072 4027 2255 4081; x_wconf 75' lang='lat' dir='ltr'>facturi</span> <span class='ocrx_word' id='word_1_421' title='bbox 2292 4048 2479 4080; x_wconf 83' lang='lat' dir='ltr'>manus</span> <span class='ocrx_word' id='word_1_422' title='bbox 2509 4028 2781 4091; x_wconf 74' lang='lat' dir='ltr'>lavabant3</span> 
     </span>
     <span class='ocr_line' id='line_1_74' title="bbox 1774 4101 2784 4177; baseline 0 -23"><span class='ocrx_word' id='word_1_423' title='bbox 1774 4101 1919 4171; x_wconf 75' lang='lat' dir='ltr'>virg.</span> <span class='ocrx_word' id='word_1_424' title='bbox 1947 4104 2070 4156; x_wconf 84' lang='lat' dir='ltr'>AEn.</span> <span class='ocrx_word' id='word_1_425' title='bbox 2096 4104 2232 4158; x_wconf 83' lang='lat' dir='ltr'>VIII</span> <span class='ocrx_word' id='word_1_426' title='bbox 2253 4145 2265 4167; x_wconf 86' lang='lat'>,</span> <span class='ocrx_word' id='word_1_427' title='bbox 2294 4106 2373 4177; x_wconf 79' lang='lat'>69.</span> <span class='ocrx_word' id='word_1_428' title='bbox 2390 4105 2475 4159; x_wconf 88' lang='lat' dir='ltr'>Sic</span> <span class='ocrx_word' id='word_1_429' title='bbox 2482 4124 2613 4173; x_wconf 74' lang='lat' dir='ltr'>pura</span> <span class='ocrx_word' id='word_1_430' title='bbox 2629 4109 2784 4155; x_wconf 64' lang='lat' dir='ltr'>mstis</span> 
     </span>
     <span class='ocr_line' id='line_1_75' title="bbox 1772 4179 2782 4249; baseline -0.005 -16"><span class='ocrx_word' id='word_1_431' title='bbox 1772 4182 2041 4249; x_wconf 83' lang='lat' dir='ltr'>passim.—</span> <span class='ocrx_word' id='word_1_432' title='bbox 2054 4183 2270 4241; x_wconf 69' lang='lat' dir='ltr'>Pellem:</span> <span class='ocrx_word' id='word_1_433' title='bbox 2286 4182 2640 4244; x_wconf 80' lang='lat' dir='ltr'>Burmannus,</span> <span class='ocrx_word' id='word_1_434' title='bbox 2662 4179 2782 4247; x_wconf 85' lang='lat' dir='ltr'>quia</span> 
     </span>
     <span class='ocr_line' id='line_1_76' title="bbox 1765 4260 2780 4328; baseline -0.003 -19"><span class='ocrx_word' id='word_1_435' title='bbox 1765 4260 2025 4328; x_wconf 78' lang='lat' dir='ltr'>praecessit</span> <span class='ocrx_word' id='word_1_436' title='bbox 2054 4262 2249 4320; x_wconf 77' lang='lat' dir='ltr'>tallere,</span> <span class='ocrx_word' id='word_1_437' title='bbox 2280 4280 2306 4312; x_wconf 91' lang='lat' dir='ltr'>e</span> <span class='ocrx_word' id='word_1_438' title='bbox 2338 4260 2538 4312; x_wconf 88' lang='lat' dir='ltr'>solenni</span> <span class='ocrx_word' id='word_1_439' title='bbox 2567 4275 2780 4327; x_wconf 88' lang='lat' dir='ltr'>permu-</span> 
     </span>
     <span class='ocr_line' id='line_1_77' title="bbox 1773 4336 2780 4406; baseline -0.005 -18"><span class='ocrx_word' id='word_1_440' title='bbox 1773 4336 1967 4390; x_wconf 83' lang='lat' dir='ltr'>tatione</span> <span class='ocrx_word' id='word_1_441' title='bbox 1993 4346 2174 4389; x_wconf 85' lang='lat' dir='ltr'>monet</span> <span class='ocrx_word' id='word_1_442' title='bbox 2203 4338 2360 4404; x_wconf 83' lang='lat' dir='ltr'>recipi</span> <span class='ocrx_word' id='word_1_443' title='bbox 2391 4355 2535 4406; x_wconf 80' lang='lat' dir='ltr'>posse</span> <span class='ocrx_word' id='word_1_444' title='bbox 2562 4338 2780 4386; x_wconf 82' lang='lat' dir='ltr'>tendens.</span> 
     </span>
    </p>
   </div>
  </div>
 </body>
</html>
