3185 5138
634 524 1707 596 METAMORPHOSEON
1759 527 1957 593 LIB.
2007 528 2199 593 XII.

2340 528 2488 635 :329

299 686 302 697 '
362 670 406 740 J
412 683 647 754 uncta,
683 663 1188 738 Phonoleniden
1221 694 1258 738 a
1292 693 1548 738 summo
1581 665 1820 738 vertice
1852 663 2065 759 fregit.

359 786 592 858 Fracta
625 779 1007 856 volubilitas
1039 780 1275 881 capitis
1301 778 1658 867 latissima;
1694 800 1943 881 perque
1979 809 2093 867 οε,

363 899 623 999 Perque
656 925 842 971 cavas
873 924 1100 983 narce,
1141 895 1499 998 oculosque
1521 953 1540 983 ‚
1575 922 1894 995 auresque
1914 951 1931 983 ‚
1963 896 2308 975 cerebrum
2393 919 2491 985 435

368 1012 575 1087 Molle
608 1012 791 1100 fluit,
826 1010 1032 1086 veluti
1064 1030 1443 1086 concretum
1478 1012 1719 1085 vimine
1751 1040 2003 1112 querno

374 1131 507 1202 Lac
538 1127 751 1216 solet3
786 1145 940 1202 utve
975 1127 1199 1228 liquor
1230 1129 1357 1201 rari
1386 1127 1511 1202 sub
1542 1127 1833 1228 pondere
1869 1127 2073 1202 cribri

377 1248 650 1333 Manat,
685 1263 754 1320 et
780 1245 1169 1346 exprimitur
1201 1273 1321 1346 per
1353 1243 1552 1320 densa
1577 1243 1897 1319 foramina
1928 1243 2200 1344 spissus.

368 1412 468 1462 tice
482 1419 572 1462 aut
587 1408 988 1477 robam—Regii
1003 1408 1167 1460 nostri
1181 1412 1357 1461 codice
1366 1449 1379 1468 .

370 1506 493 1540 cum
520 1487 681 1556 glossa
720 1487 860 1539 inter
891 1486 1051 1540 lineas
1072 1524 1088 1551 ‚
1134 1490 1170 1538 ἰ.
1196 1495 1385 1540 trunco.

371 1564 643 1617 Lectiones
676 1568 847 1631 stipite
870 1604 882 1623 ‚
933 1571 1119 1617 corte'oe
1143 1603 1156 1625 ‚
1201 1563 1386 1632 glossas

370 1638 513 1711 puto.
539 1639 778 1709 Edae-A·
801 1646 1012 1702 vertice,
1051 1640 1302 1708 desuper,
1327 1650 1385 1691 ut

374 1718 511 1789 apud
535 1719 820 1787 Virgilium
836 1757 850 1782 ‚
873 1717 1069 1785 Georg.
1094 1717 1181 1782 11,
1207 1717 1386 1769 310.—

375 1800 777 1860 Phoaolem'em
808 1794 1060 1848 Heinsius
1099 1794 1285 1846 metuit
1315 1812 1384 1845 ne

376 1874 476 1927 hoc
498 1873 672 1926 vocab.
701 1881 1010 1940 corruptum
1039 1871 1104 1924 sit
1129 1911 1143 1936 ‚
1177 1890 1303 1923 nam
1329 1870 1384 1923 in

376 1951 524 2005 MSS
546 1969 692 2003 mera
724 1950 810 2004 hic
838 1950 1122 2004 lectionum
1151 1959 1387 2003 monstra

383 2039 651 2098 apparent.

445 2107 555 2173 434.
580 2107 883 2158 Volubililas
905 2108 1111 2172 capim.
1130 2102 1352 2157 volubile
1372 2142 1387 2170 ,

377 2185 536 2253 idque
552 2223 567 2249 ‚
585 2193 798 2252 propter
814 2182 1229 2253 magnitudinem
1246 2182 1392 2235 Pho-

378 2261 638 2315 nolenidae
652 2301 666 2326 ,
687 2265 984 2313 Iatelrse’mum
1002 2301 1014 2321 ‚
1039 2271 1126 2313 aut
1138 2264 1393 2313 [altissima

380 2359 477 2410 pro
495 2338 736 2390 latissime
752 2377 768 2402 ,
792 2338 978 2390 vulnus
1002 2337 1304 2390 latissimum
1318 2336 1392 2388 sa·

381 2428 540 2470 ctum.
574 2415 796 2469 Lennius
818 2414 988 2467 fratris
1009 2414 1088 2467 sui
1120 2414 1393 2482 interpre-

384 2495 638 2548 tationem
667 2493 883 2562 probat;
916 2491 1069 2559 fregit
1099 2500 1252 2560 caput
1277 2530 1292 2556 ,
1337 2499 1395 2542 ut

382 2576 534 2630 fieret
563 2574 936 2644 planissimum.
961 2599 1024 2611 -
1050 2571 1304 2639 Quinque
1339 2568 1394 2623 hi

381 2672 587 2718 versus,
616 2671 646 2704 a
663 2655 852 2705 Fracta
865 2652 1181 2707 volubilitas,
1214 2646 1277 2710 ad
1293 2648 1401 2701 Ast

381 2752 495 2800 ega,
528 2731 714 2784 absunt
751 2749 779 2781 a
805 2739 987 2781 nostro
1018 2725 1194 2780 codice
1226 2721 1396 2795 Regio

386 2812 435 2863 A
456 2851 471 2877 ,
501 2821 552 2863 et
580 2811 635 2862 in
658 2807 833 2862 codice
863 2808 908 2860 B
941 2807 1003 2860 ab
1036 2806 1132 2858 alia
1155 2824 1317 2857 manu
1339 2805 1395 2857 in

386 2889 620 2957 margine
637 2886 853 2940 suerunt
878 2885 1163 2954 postscripti
1186 2905 1199 2946 ς
1222 2883 1317 2936 hos
1340 2882 1400 2935 li·

393 2965 582 3020 beuter
614 2965 816 3034 spurios
851 2963 1227 3017 crediderimus
1245 3002 1259 3027 ,
1287 2973 1402 3014 tum

388 3057 607 3115 propter
630 3043 769 3114 quod
795 3062 882 3097 eos
902 3063 1009 3096 non
1035 3042 1221 3096 habeat
1241 3041 1403 3097 codex

389 3124 436 3176 A
465 3124 724 3193 optimus,
763 3132 875 3175 tum
910 3132 1126 3190 propter
1158 3119 1404 3173 insulsam

394 3212 448 3253 et
482 3200 679 3254 ovidio
714 3218 860 3268 poene
894 3198 1165 3269 indignam
1200 3196 1406 3251 deseri-

390 3278 645 3346 ptionem.
672 3279 768 3329 Ed.

463 3354 574 3419 436.
608 3356 781 3407 Veluti
791 3364 1069 3406 concretum
1084 3362 1181 3406 etc.
1199 3351 1304 3404 Res
1323 3350 1411 3406 soe·

395 3429 460 3497 da
499 3441 705 3497 poterat
741 3431 853 3484 sine
878 3430 1215 3484 similitudine
1242 3439 1412 3482 trans·

395 3507 549 3559 mitti.
601 3508 888 3560 Concretum
918 3510 1031 3568 Iac,
1074 3507 1241 3571 XIII,
1286 3505 1422 3576 795,

395 3593 628 3637 coactum
656 3587 768 3645 Iac,
798 3584 1069 3652 coagulum
1087 3622 1101 3648 ,
1131 3584 1212 3635 lac.
1230 3582 1419 3634 densa-

397 3669 512 3715 tu'm
540 3702 555 3730 ,
596 3661 739 3714 unde
779 3662 910 3714 casei
942 3660 1330 3730 premebantur.
1351 3686 1416 3700 --

413 3744 589 3793 Vimen
605 3781 617 3801 ‚
656 3739 836 3808 qualus
854 3737 1110 3791 vimineus
1126 3776 1141 3804 ,
1160 3736 1265 3790 sive
1282 3735 1418 3789 cala-

408 3817 529 3871 thus
554 3857 568 3884 ‚
609 3817 664 3870 in
703 3815 1004 3885 supellectili
1049 3824 1162 3868 erat
1198 3815 1416 3878 rustica3

411 3895 688 3966 Virgilius,
713 3894 905 3964 Georg.
919 3895 975 3947 11
990 3933 1004 3960 ,
1022 3898 1109 3960 24¹
1128 3932 1143 3958 ,
1169 3895 1245 3945 Tu
1256 3899 1428 3959 spissa

412 3979 595 4027 vitatae
614 3977 790 4043 qualos
804 4014 817 4035 ,
853 3974 1068 4040 Colaque
1072 3974 1330 4038 prelorum
1330 3970 1423 4038 su·

413 4058 570 4106 mosis·
592 4057 760 4119 deripe
778 4056 936 4104 tecm.
961 4049 1066 4103 Sed
1093 4068 1178 4103 me
1202 4047 1424 4101 offendit

308 4157 313 4163 ·
413 4150 594 4198 querno
609 4171 622 4190 .
653 4127 1076 4198 quandoquidem
1102 4147 1299 4198 querna
1329 4127 1424 4179 vir-

413 4207 554 4277 gulta
572 4207 656 4261 vix
673 4219 789 4277 apta
804 4216 927 4261 sunt
945 4205 1154 4260 calathis
1179 4204 1423 4258 texendis.

412 4283 559 4338 MSS
578 4295 753 4339 tamen
772 4283 902 4337 nibil
918 4302 1013 4339 nos
1024 4282 1297 4351 adjuvant3
1315 4301 1423 4335 om·

1483 1427 1576 1460 nes
1598 1407 1743 1461 enim
1761 1407 2058 1477 conspirant
2077 1408 2131 1459 in
2154 1406 2288 1460 hanc
2313 1425 2495 1460 vocem

1482 1495 1848 1553 praeterunum
1867 1485 2056 1538 Urbin.
2070 1484 2159 1552 qui
2173 1492 2302 1537 testo
2317 1483 2495 1548 babet,

1483 1564 1623 1632 quod
1650 1584 1677 1617 e
1702 1576 1838 1617 texto
1855 1575 2029 1616 ortum
2052 1563 2295 1616 credebat
2313 1563 2496 1616 Hein-

1481 1642 1584 1693 sius
1606 1654 1757 1693 :sane
1779 1640 1908 1693 nihil
1928 1640 2253 1709 frequentius
2266 1648 2405 1692 letto
2419 1646 2500 1692 vi-

1484 1723 1643 1779 mine,
1674 1717 1793 1770 vide
1820 1718 2005 1771 Heins-
2025 1716 2091 1770 ad
2119 1719 2195 1770 1v
2224 1718 2269 1770 F
2270 1728 2359 1771 ast.
2387 1719 2499 1783 435.

1485 1794 1590 1848 Sed
1608 1795 1777 1867 'etiam
1800 1814 1926 1864 seqq
1954 1793 2203 1848 mendosa
2226 1793 2364 1847 haud
2398 1793 2502 1847 du-

1482 1873 1566 1926 bie
1598 1883 1736 1925 sunt.
1764 1873 1953 1941 liquor
1985 1872 2057 1924 ita
2097 1871 2239 1924 nude
2272 1872 2497 1942 positum

1483 1968 1595 2003 non
1620 1948 1830 2009 videtur
1859 1969 1886 2002 a
1908 1960 2063 2019 poeta
2087 1967 2186 2018 pro
2220 1949 2343 2003 vino
2362 1989 2376 2014 ,
2414 1961 2515 2002 aut·

1483 2047 1638 2081 succo
1676 2028 1927 2080 olivarum
1959 2046 1972 2080 ε
2005 2046 2178 2095 neque
2209 2026 2291 2079 ille
2333 2027 2505 2096 liquor

1485 2111 1577 2158 sub
1601 2110 1817 2173 pondere
1852 2109 2009 2159 cribri
2037 2115 2246 2171 manat,
2287 2105 2377 2158 sed
2405 2106 2501 2160 sub

1487 2183 1723 2252 pondere
1757 2182 1913 2251 preli.
1943 2180 2104 2234 Tollit
2126 2181 2246 2234 istas
2270 2181 2504 2235 difficul-

1493 2270 1622 2312 tates
1645 2261 1795 2312 lectio
1811 2298 1826 2324 ,
1854 2277 2011 2328 quam
2033 2257 2178 2311 MSS
2195 2298 2209 2323 ‚
2240 2258 2499 2325 Urbinas,

1489 2339 1798 2395 Basileensis
1817 2358 1893 2408 pr.
1915 2343 1968 2391 6t
1992 2338 2121 2391 alter
2144 2337 2355 2389 Thuani
2377 2356 2506 2406 sup-

1490 2418 1726 2489 peditant
1753 2458 1769 2485 ,
1807 2422 1972 2486 liquot
2006 2422 2120 2470 vim·
2159 2421 2251 2469 sub
2284 2420 2503 2483 pondere

1482 2501 1656 2566 preli,
1683 2514 2001 2565 quamquam
2021 2493 2102 2547 bic
2120 2494 2289 2563 potius
2306 2493 2370 2548 de
2386 2494 2504 2547 oleo

1495 2575 1575 2644 agi
1599 2575 1806 2627 videtur
1822 2614 1837 2640 ,
1864 2572 2003 2643 quod
2031 2585 2082 2626 et
2104 2573 2308 2642 spissius
2326 2583 2379 2626 et
2399 2589 2505 2627 me-

1492 2651 1591 2704 lius
1613 2670 1733 2704 cum
1759 2651 1974 2705 cerebro
2002 2650 2292 2719 comparari
2321 2661 2506 2719 potest.

1495 2726 1631 2780 Tres
1646 2726 1755 2793 alii,
1778 2730 1870 2780 sub
1877 2728 2093 2793 pondere
2107 2730 2231 2786 coli,
2265 2727 2413 2792 cujus
2430 2727 2509 2779 al-

1497 2816 1670 2859 terum
1694 2804 1819 2857 illud
1830 2809 1984 2871 preli
1998 2804 2245 2876 glossema
2267 2819 2381 2859 esse*
2397 2825 2506 2874 pu-

1499 2894 1573 2938 tat
1600 2883 1848 2938 Heinsius
1868 2924 1882 2949 ,
1925 2882 2169 2953 deceptus
2202 2886 2507 2940 auctoritate

1498 2961 1669 3018 Schol.
1708 2961 1812 3016 MS
1851 2960 1916 3014 ad
1955 2963 2235 3031 Virgilium
2254 3003 2270 3028 ,
2312 2963 2504 3033 Georg.

1499 3039 1639 3093 dicto
1659 3040 1772 3093 loco
1788 3078 1804 3105 ,
1830 3040 1917 3092 ubi
1940 3044 2102 3094 colum
2119 3042 2399 3111 explicatur
2417 3061 2508 3110 per

1499 3118 1912 3172 instrumentum
1931 3159 1946 3185 ,
1972 3137 2077 3187 quo
2102 3120 2283 3173 vinum
2308 3120 2507 3190 premi-

1501 3206 1604 3251 tur.
1621 3196 1736 3248 Imo
1752 3197 1862 3250 cola
1880 3197 2099 3266 supponi
2119 3196 2353 3250 solebant
2376 3216 2512 3266 prae-

1500 3275 1561 3330 lis
1576 3314 1592 3342 ,
1619 3285 1676 3328 ut
1695 3286 1926 3332 mustum
1943 3313 1958 3342 ,
1976 3285 2065 3328 aut
2080 3275 2256 3327 oleum
2274 3276 2326 3327 in
2346 3276 2406 3328 iis
2423 3295 2509 3328 ex·-

1501 3362 1712 3421 ceptum
1737 3352 2024 3421 liquat-etur
2046 3373 2060 3416 ς
2095 3350 2395 3418 Lucretius,
2421 3353 2476 3405 11
2494 3392 2510 3419 ,

1505 3428 1598 3499 39¹
1627 3447 1640 3481 ι
1662 3449 1690 3473 κ
1712 3427 1782 3480 Et
1799 3428 2032 3496 quamvis
2046 3427 2216 3480 subito
2230 3446 2323 3497 per
2338 3426 2512 3480 colum

1508 3529 1535 3553 κ
1560 3508 1678 3559 vina
1693 3506 1927 3559 videmus
1944 3504 2212 3559 Perfluere
2228 3544 2244 3571 ,
2262 3517 2314 3559 at
2331 3518 2514 3561 contra

1509 3606 1537 3632 υ
1562 3585 1772 3638 tardum
1786 3596 2059 3639 cunctatur
2074 3585 2285 3638 olivum.
2305 3608 2331 3633 >2
2353 3585 2514 3640 Forte

1507 3665 1664 3718 verba
1683 3665 1986 3733 transposita
2002 3674 2123 3717 sunt
2139 3705 2154 3731 ,
2174 3665 2243 3718 ita
2259 3676 2315 3718 ut
2330 3686 2401 3721 vs.
2417 3668 2513 3733 436

1507 3747 1691 3795 w'enae'ne
1714 3745 1896 3801 cribri,
1933 3753 1986 3794 et
2012 3761 2141 3796 vers.
2163 3746 2402 3812 sequenti
2423 3747 2515 3797 sub

1500 3822 1720 3888 pondere
1749 3838 1928 3886 querno
1956 3819 2236 3888 legendum
2264 3823 2345 3876 sit·
2376 3822 2520 3874 Len-

1510 3896 1618 3950 sius
1633 3895 1816 3950 suadet
1833 3915 1845 3948 ε
1862 3901 2045 3949 vimine
2056 3903 2221 3964 spisso
2232 3939 2244 3951 .
2262 3939 2275 3952 .
2288 3901 2520 3967 mandere

1507 3992 1688 4041 querno
1704 4013 1716 4025 .
1733 4013 1744 4024 .
1763 3974 2041 4040 .sora1ne‘aa
2053 3978 2393 4030 cribris-Pro
2404 3997 2519 4030 ma·-

1511 4062 1606 4105 aa!
1618 4051 1769 4104 Basil.
1781 4056 1972 4116 stillat‚·
1994 4052 2082 4106 sed
2102 4053 2371 4112 Lucretius
2388 4057 2441 4118 in
2461 4077 2518 4110 re

1512 4128 1666 4184 simili
1684 4149 1977 4196 permanare
1996 4130 2136 4184 dixit.
2159 4161 2222 4173 -
2255 4135 2359 4187 Pro
2375 4140 2519 4202 spis-

1513 4225 1602 4259 sus
1617 4247 1632 4268 .
1666 4207 1815 4277 vulgo
1833 4228 2027 4262 succus.
2051 4209 2273 4265 Strozzae
2291 4213 2417 4267 liber
2429 4231 2526 4279 pce·

1516 4288 1690 4338 ambra
1695 4284 1957 4350 foramina
1978 4292 2184 4352 spissus.
