3185 5138
749 554 1789 629 METAMORPHOSEON
1837 558 2043 625 LIB.
2096 560 2238 625 XI.

2407 560 2537 629 265

408 698 588 768 Nant
618 694 729 768 alii
752 751 770 781 ‚
808 692 1114 794 celsoque
1148 711 1409 769 exstant
1439 722 1642 794 super
1674 722 1936 794 aequora
1973 692 2173 771 collo.

410 812 689 913 Templa
721 811 886 886 mari
918 811 1235 897 subsunt,
1274 836 1396 885 nec
1427 838 1750 885 marmore
1786 810 1957 887 clara
1977 866 1995 898 ,
2028 839 2151 885 nec
2186 840 2350 887 auro
2377 842 2392 901 ;

415 929 541 1002 Sed
585 929 890 1002 trabibus
925 926 1149 1005 densis
1170 981 1188 1013 ‚
1221 925 1507 1026 lucoque
1539 926 1855 1009 umbrosa
1887 943 2148 1001 vetusto
2176 958 2192 999 :

2444 949 2544 1004 360

415 1044 729 1117 Nereides
762 1045 1146 1142 Nereusque
1179 1059 1407 1121 tenent
1433 1073 1448 1117 ε
1478 1043 1607 1117 hos
1642 1042 1858 1117 navita
1891 1042 2122 1145 templi

418 1159 651 1232 Edidit
681 1186 824 1233 esse
851 1160 1076 1249 Deos,
1114 1158 1275 1233 dum
1311 1159 1478 1232 retia
1507 1158 1702 1234 litore
1736 1160 1956 1237 siccat.

417 1278 460 1348 J
465 1293 659 1349 uncta
690 1273 882 1375 palus
907 1274 1065 1351 huic
1095 1290 1233 1361 est,
1268 1273 1489 1348 densis
1522 1275 1794 1351 obsessa
1823 1275 2071 1351 salietis
2089 1332 2109 1364 ‚

420 1392 640 1489 Quam
671 1390 1111 1486 restagnantis
1144 1390 1302 1465 fecit
1327 1389 1526 1471 maris
1558 1392 1733 1467 unda
1769 1391 2097 1492 paludem.

414 1507 580 1583 lnde
602 1564 620 1597 ,
655 1508 913 1603 fragore
948 1507 1130 1602 gravi
1165 1507 1556 1607 strepitans,
1587 1507 1737 1587 loca
1770 1510 2072 1610 proxima
2107 1527 2346 1598 terret,

2444 1531 2543 1583 365

418 1621 655 1696 Bellua
685 1641 864 1696 vasta
886 1679 906 1708 ‚
942 1622 1180 1723 lupus;
1213 1621 1526 1723 silvisque
1558 1622 2177 1723 palustribusexit,

422 1738 695 1814 Oblitus
728 1756 795 1812 et
824 1739 1119 1839 spumis,
1154 1756 1223 1813 et
1255 1739 1475 1840 spisso
1509 1740 1824 1835 sanguine
1856 1740 2063 1815 rictus

420 1911 672 1980 scriptura
693 1909 902 1964 videtur
919 1951 934 1978 ‚
966 1910 1064 1964 alia
1089 1929 1278 1964 manus
1299 1909 1437 1964 bene

422 2006 577 2057 supra
598 1988 857 2057 inscripsit
874 2008 953 2042 ex.
978 1987 1079 2041 Ed.
1138 2038 1142 2042 .

487 2066 599 2139 359.
630 2069 862 2134 Templa,
895 2085 990 2136 pro
1006 2106 1021 2133 ,
1043 2068 1293 2134 templum.
1311 2064 1440 2116 Sub-

426 2155 546 2198 snn!
558 2186 572 2208 ‚
597 2165 759 2216 prope
773 2156 896 2200 sunt
912 2185 927 2213 ,
946 2157 1008 2199 ut
1023 2165 1154 2200 vers.
1169 2146 1280 2211 234.
1295 2144 1441 2197 Len-

427 2224 533 2278 zius
554 2243 683 2277 vero
710 2234 925 2290 monet,
958 2223 1180 2276 domum
1203 2222 1364 2276 Nerei
1387 2230 1441 2274 et

429 2301 719 2355 Nereidum
729 2304 826 2355 sub
841 2303 972 2355 mari
987 2301 1202 2370 intelligi
1217 2300 1441 2363 3etenim

427 2390 482 2432 et
516 2380 641 2435 alios
673 2392 852 2451 poetas
888 2382 1029 2434 lucos
1060 2398 1357 2435 memorare
1384 2378 1438 2430 in

428 2456 592 2511 fundo
622 2459 796 2513 maris.
830 2459 902 2512 At
933 2460 1005 2512 ita
1036 2469 1205 2511 custos
1243 2456 1441 2527 pecoris

429 2535 648 2591 domum
673 2538 814 2593 illam
848 2559 960 2593 non
984 2538 1193 2593 vidisset
1220 2558 1234 2601 ς
1267 2553 1439 2605 neque

430 2626 583 2684 poeta
616 2618 688 2672 sic
717 2619 950 2673 elocutus
984 2629 1117 2671 esset
1150 2616 1294 2669 illam
1331 2615 1442 2668 do-

429 2696 807 2750 mnine-Bene
830 2696 1026 2765 judicat
1056 2698 1262 2761 ,θὴν-ἰῶ·
1292 2694 1365 2747 sic
1388 2703 1442 2746 et

428 2771 696 2841 glossator'
717 2774 898 2844 aliquis
946 2792 1103 2843 supra
1145 2778 1196 2827 τὸ
1233 2775 1447 2825 subsunt

427 2849 627 2920 scripsit
647 2852 923 2918 mjuncta
951 2853 1006 2905 in
1036 2862 1217 2905 nostro
1244 2848 1442 2903 Codice

430 2929 490 2981 Β.
512 2931 930 2984 Est—Marmore
949 2934 1108 2984 clara.
1129 2930 1286 2982 Unus
1299 2929 1446 2984 Gro-

429 3007 683 3060 novianus
701 3009 785 3074 (at
800 3025 909 3059 non
927 3008 1078 3078 Regii
1096 3008 1291 3074 nostri)
1308 3027 1446 3059 mat*-

428 3105 560 3138 mom
582 3095 731 3139 tecta.
768 3088 923 3139 Clara
945 3097 1023 3139 est
1040 3124 1056 3151 ,
1084 3084 1411 3155 splendentia
1427 3124 1442 3151 ,

430 3175 491 3217 ut
514 3165 601 3232 11,
629 3185 677 3217 a.
696 3194 762 3205 —
778 3165 1049 3224 Umbram,
1079 3183 1217 3217 unus
1237 3164 1445 3219 Heinsii

431 3244 655 3295 obscum.
669 3270 735 3285 —·
756 3244 907 3313 Regii
932 3242 1098 3297 nostri
1118 3246 1447 3296 umbrosa.—

442 3319 689 3372 Trabt'bus
720 3325 953 3374 umbrosa
976 3361 990 3382 ,
1029 3321 1248 3375 obscura
1281 3322 1446 3375 arbo-

436 3413 554 3446 rum
577 3397 780 3450 umbra.
804 3398 949 3467 Quia
969 3400 1021 3453 in
1041 3401 1167 3453 lucis
1188 3399 1342 3454 sacris
1361 3419 1449 3452 ar·-

421 3472 587 3524 -bores
607 3474 805 3529 cedere
823 3495 932 3529 non
956 3478 1166 3540 licebat;
1193 3478 1317 3530 hinc
1335 3478 1447 3531 fere

435 3569 644 3620 semper
659 3571 845 3606 eorum
862 3562 1084 3607 vetustas
1100 3596 1114 3619 ‚
1140 3574 1256 3624 quae
1273 3556 1449 3625 etipsa

437 3628 631 3696 aliquid
667 3632 951 3684 sanctitatis
977 3631 1163 3698 habet,
1200 3652 1450 3686 comme-

435 3719 756 3761 moratur.·--
766 3711 954 3762 Tenen!
973 3714 1230 3786 templum
1246 3752 1261 3778 ,
1283 3714 1371 3782 qui
1393 3713 1463 3766 in·

436 3805 502 3839 eo
524 3787 1041 3842 columam—Navita
1056 3795 1244 3858 templi.
1270 3790 1453 3846 Codex

440 3864 633 3934 Regius
657 3866 703 3919 B
730 3904 746 3932 ,
780 3870 956 3918 navita
974 3874 1128 3932 ponti
1145 3885 1164 3930 ‚⁸
1203 3869 1274 3922 ita
1310 3881 1365 3922 et
1395 3870 1451 3923 in

438 3962 548 3996 uno
570 3944 865 4012 antiquiore
885 3942 1095 3997 Ciosani
1111 3984 1126 4011 ,
1149 3945 1206 3997 in
1219 3957 1452 4015 -utroque

438 4020 625 4075 Mass'ei
650 4034 704 4075 et
726 4022 891 4075 tribus
908 4022 1017 4075 aliis
1032 4061 1047 4088 ,
1075 4033 1296 4079 testante
1313 4025 1455 4078 Bur—

439 4118 655 4153 manno.
669 4103 1026 4154 Ede-Navita
1035 4142 1048 4162 ‚
1066 4100 1304 4170 piscator.
1316 4102 1423 4156 Pro
1436 4142 1452 4169 ,

438 4180 493 4232 in
519 4179 672 4232 litore
694 4197 907 4233 versans
923 4219 938 4247 ,
963 4179 1151 4232 maluit
1178 4179 1456 4249 specialem

439 4268 496 4309 et
519 4268 719 4327 gratam
744 4259 917 4313 ideam
931 4298 946 4325 ,
969 4262 1085 4312 dum
1102 4265 1229 4312 teleta
1246 4259 1267 4325 (
1283 4260 1370 4326 in)
1389 4263 1458 4312 li-

438 4346 546 4390 tote
558 4341 1008 4404 setena—Eddit,
1032 4337 1224 4394 scilicet
1247 4337 1393 4392 mihi.

1601 1909 1714 1962 363.
1748 1910 1953 1963 Densis.
1989 1910 2213 1964 Plurimi
2249 1910 2349 1982 (et
2371 1925 2552 1968 noster

1537 1988 1734 2056 Regius
1761 1988 1805 2043 Α
1830 1991 1849 2056 )
1873 2009 1933 2041 ex
1958 1990 2219 2048 veteribus
2238 1997 2369 2045 rank
2392 2013 2409 2045 :
2431 1993 2550 2047 vide

1537 2066 1820 2120 Heinsium
1846 2078 1898 2119 et
1921 2067 2307 2120 Burmannum.
2331 2073 2555 2124 Obsessa

1535 2147 1727 2199 densis.
1754 2145 1922 2198 cincta
1944 2145 2128 2198 salictis
2147 2185 2161 2211 ,
2187 2145 2242 2197 in
2267 2147 2453 2215 quibus
2478 2148 2556 2200 la-

1536 2231 1649 2274 tere
1673 2222 1948 2273 commode
1973 2233 2028 2275 et
2049 2225 2368 2277 commorari
2402 2226 2553 2295 lupus

1532 2307 1752 2368 poterat.
1774 2327 1839 2337 —
1867 2305 2028 2364 Quam
2048 2340 2059 2351 .
2077 2341 2086 2352 .
2107 2341 2115 2350 .
2125 2305 2377 2367 paludem.
2405 2303 2555 2356 Solet

1527 2376 1603 2429 ita
1618 2377 1995 2430 substantivum
2015 2378 2311 2447 praecedens
2328 2391 2443 2448 post
2467 2401 2555 2433 re-

1534 2454 1751 2507 lativum
1772 2455 1967 2523 repeti,
1988 2456 2146 2508 etiam
2166 2456 2254 2509 ubi
2272 2457 2439 2510 oratio
2456 2458 2552 2511 mi-

1533 2532 1678 2586 nime
1700 2532 1955 2602 ambigua.

1600 2611 1713 2663 355.
1745 2613 1871 2663 Inde
1894 2651 1907 2671 ,
1924 2611 1927 2612 ⁷
1936 2612 2152 2679 fragore
2179 2617 2330 2679 grave·
2353 2623 2450 2666 etc.
2486 2614 2552 2667 In

1534 2688 1770 2741 vastitate
1784 2688 1891 2759 lupi
1908 2688 2176 2743 etseritate
2189 2691 2426 2760 augenda
2441 2710 2550 2743 non

1534 2767 1730 2820 nimius
1743 2779 1820 2822 est
1838 2808 1853 2835 ,
1878 2770 2042 2821 immo
2060 2769 2300 2837 preclare
2318 2770 2554 2828 imitatur

1534 2868 1839 2903 sermonem
1872 2848 2151 2902 hominum
2175 2861 2423 2921 portento
2449 2853 2554 2906 ali-

1537 2946 1645 2996 quo
1669 2927 2158 2997 obstupefactorum.
2189 2928 2345 2984 Cous.
2379 2932 2559 2986 Hora-

1537 3008 1671 3072 tius,
1693 3006 1747 3072 Ι,
1768 3006 1874 3060 Od.
1897 3024 2014 3060 xx11
2029 3047 2044 3073 ,
2069 3010 2126 3062 13
2141 3030 2236 3080 sqq
2256 3049 2271 3076 ,
2291 3022 2346 3063 et
2368 3012 2558 3065 Noster

1540 3086 1679 3139 vul
1697 3126 1712 3152 ,
1740 3087 1832 3140 282
1851 3089 2180 3156 ειη-λιτά.
2216 3110 2277 3141 ex
2300 3089 2406 3143 istis
2429 3091 2559 3144 lati-

1527 3168 1671 3222 bulis
1691 3166 2298 3237 prodiens.—S!repe‘lans
2320 3191 2415 3240 pro
2435 3184 2560 3224 stre-

1530 3253 1673 3313 pitus
1689 3245 1834 3299 dedit
1857 3245 2199 3301 Constantius
2214 3249 2342 3302 Fan.
2358 3268 2559 3318 appro-

1541 3323 1699 3377 bante
1722 3323 1945 3378 Heinsio
1964 3346 1979 3387 3
2001 3324 2082 3377 alii
2101 3328 2294 3390 grave‘s,
2320 3324 2400 3376 vel
2418 3330 2569 3394 gravi

1538 3405 1779 3469 strepitu
1806 3401 2058 3470 Excerpta
2089 3400 2365 3455 Calandrae
2388 3408 2560 3469 crepi-

1540 3479 1928 3535 tans.—Codex
1942 3480 2139 3550 Regius
2156 3481 2201 3532 A
2221 3519 2236 3546 ,
2256 3487 2427 3547 grave?
2438 3493 2565 3535 stre-

1532 3566 1676 3631 pitus
1696 3576 1712 3622 ,·
1745 3557 1927 3610 Codex
1966 3560 2010 3610 B
2029 3598 2043 3625 ,
2070 3564 2232 3632 ‘gravi
2259 3565 2480 3628 strepitu.
2498 3589 2565 3602 -

1540 3640 1761 3703 Fragooe
1775 3641 1926 3703 gram·
1935 3641 2206 3703 strepitans
2221 3678 2233 3697 ,
2261 3648 2315 3691 et
2338 3639 2564 3708 plurima

1544 3725 1599 3767 et
1619 3711 1867 3768 crassiora
1889 3712 2027 3784 ligna
2048 3712 2293 3786 frangens
2313 3755 2328 3782 ,
2356 3727 2414 3768 ut
2429 3727 2565 3774 stre-

1545 3791 1896 3862 pituslongius
1909 3790 2197 3845 audiretur.
2213 3793 2402 3846 Audiri
2419 3807 2566 3864 pote-

1547 3882 1629 3925 rat
1649 3910 1665 3936 ,
1696 3889 1806 3923 non
1831 3868 1994 3922 videri
2030 3881 2244 3940 propter
2266 3872 2566 3926 salictorum

1547 3951 1878 4006 densitatem.
1894 3978 1959 3992 ·—
1984 3952 2228 4020 Sz'lveltque
2240 3955 2570 4020 palustribus.

1550 4030 1890 4082 Burmannus
1912 4040 2069 4098 negat
2091 4030 2265 4083 salicta
2289 4049 2433 4084 nunc
2448 4033 2570 4086 satis

1552 4119 1669 4178 apte
1690 4111 1849 4160 silvas
1871 4107 2069 4170 vocari;
2095 4106 2160 4160 de
2177 4126 2273 4168 suo
2299 4108 2459 4178 igitur
2477 4110 2571 4163 de-

1552 4182 1630 4236 dit
1654 4188 1904 4252 ulve‘sque:
1933 4181 2040 4235 duo
2045 4182 2248 4249 fidon-,⁸
2280 4185 2363 4239 alii
2389 4190 2579 4240 ›elocis-

1551 4264 2158 4335 quepaludibus.-Regii
2185 4264 2408 4321 Codices
2426 4269 2581 4322 ambo

1554 4344 1782 4396 silvin—
1791 4343 2009 4396 Oblitus.
2027 4340 2280 4400 Ciosanus
2300 4344 2356 4398 in
2368 4345 2472 4399 suis
2494 4363 2582 4396 re·-
