3185 5138
666 606 1721 700 METAMORPHOSEON
1769 638 1965 710 LIB.
2027 647 2260 722 VIII.
2451 666 2527 731 51

392 775 432 808 »
471 745 649 821 Huic
682 777 840 847 ego,
878 782 1074 854 quam
1112 779 1351 859 porto,
1388 772 1592 844 nocui
1625 802 1642 846 ε
1673 775 1728 847 si
1762 781 1941 857 mitis
1981 805 2046 861 et
2079 818 2346 893 aequus,

391 894 429 925 υ
472 862 546 935 Si
577 885 769 965 pater
801 871 1299 974 Hippodamas,
1338 904 1455 960 aut
1489 888 1547 962 si
1581 891 1805 969 minus
1841 898 2083 1003 impius
2113 932 2287 988 esset

389 1009 426 1041 ι)
468 977 723 1055 Debuit
757 983 937 1062 illius
970 990 1298 1086 misereri,
1338 999 1682 1096 ignoscere
1719 1011 1937 1087 nobis.

2306 973 2325 1006 2

2430 1058 2531 1110 600

387 1129 424 1163 »
460 1101 670 1177 Adfer
704 1134 943 1207 opem3
982 1142 1375 1220 mersaeque,
1411 1153 1688 1226 precor,
1726 1133 1981 1212 feritate
2013 1161 2287 1242 paterna

384 1254 422 1285 »
463 1222 607 1314 Da,
643 1229 991 1330 Neptune,
1031 1236 1254 1315 locum
1285 1273 1301 1316 ε
1331 1245 1431 1319 vel
1468 1249 1556 1324 sit
1590 1250 1777 1329 locus
1809 1256 1956 1359 ipsa
1987 1262 2255 1361 licebit;

382 1376 420 1408 ³>
457 1347 655 1423 Hunc
691 1380 962 1456 quoque
993 1363 1414 1463 complectar.
1445 1403 1482 1435 »
1519 1373 1971 1483 Movit-caput
1998 1415 2345 1490 aequoreus
2372 1430 2522 1494 rex,

375 1470 870 1578 concussitque
907 1483 1046 1557 suis
1081 1516 1312 1565 omnes
1346 1493 1742 1576 adsensibus
1776 1506 2031 1584 undas:

371 1594 704 1673 Extimuit
738 1604 1087 1707 Nympbe;
1132 1614 1338 1690 nabat
1375 1636 1594 1696 tamen
1625 1654 1640 1697 :
1673 1627 1817 1728 ipse
1851 1638 2141 1713 natantis

2422 1672 2522 1723 605

372 1716 649 1795 Pectora
687 1729 1036 1822 tangebam
1075 1737 1337 1837 trepido
1370 1738 1671 1823 salientia
1701 1771 1931 1839 motu:

368 1840 683 1944 Dumque
719 1877 794 1922 ea
828 1871 1173 1932 contrecto
1198 1916 1216 1947 ,
1258 1879 1475 1939 totum
1507 1870 1853 1951 durescere
1889 1884 2063 1957 sensi

366 1963 635 2065 Corpus
658 2026 675 2059 ,
713 1989 780 2044 et
812 1973 1083 2054 inducta
1118 1984 1321 2059 condi
1355 1994 1721 2089 praecordia
1756 2016 1947 2077 terra.

358 2189 479 2225 mus
493 2172 694 2229 Moreti
718 2188 772 2231 et
796 2192 916 2235 octo
939 2183 1024 2238 alii
1042 2190 1279 2257 proxime
1299 2213 1386 2248 se-

359 2268 499 2319 quen
509 2263 617 2305 tem
634 2275 844 2313 versum
866 2263 1002 2317 Huic
1015 2284 1124 2333 ego,
1153 2281 1250 2325 etc.
1270 2293 1381 2328 non

359 2343 651 2399 agnoscunt
666 2373 680 2400 ,
703 2334 1035 2408 improbante
1050 2345 1382 2406 Burmanno.

355 2407 472 2478 Ego
488 2430 701 2466 versum
717 2418 837 2470 Huc
850 2422 978 2473 ades
989 2462 1003 2483 ‚
1025 2433 1122 2478 etc.
1139 2426 1380 2497 ineptum

355 2486 595 2560 adeoque
609 2493 905 2548 tollendum
916 2518 1122 2555 censeo.
1132 2532 1168 2543 -
1184 2504 1382 2577 Regius

355 2581 542 2623 noster
581 2573 628 2624 A
645 2612 660 2635 ,
695 2576 895 2644 respuit
931 2598 1108 2634 versus
1145 2585 1378 2654 quinque

354 2647 622 2717 596-600;
641 2669 773 2719 quos
785 2671 976 2708 manus
988 2659 1218 2713 secunda
1232 2682 1381 2716 mar-

349 2724 458 2790 gini
476 2725 737 2797 inscripsit
756 2769 772 2797 ,
790 2751 905 2785 -una
923 2753 1045 2788 cum
1061 2758 1216 2793 versu
1232 2753 1374 2798 certe

345 2802 641 2870 rejiciendo
670 2810 772 2861 Ceu·
797 2814 1048 2877 quondam
1077 2827 1174 2870 etc.
1211 2819 1376 2877 Hunc

345 2892 524 2935 autem
541 2884 714 2953 posuit
730 2897 846 2956 post
866 2909 1077 2945 versum
1091 2896 1290 2950 Debuit
1304 2905 1376 2952 il-

342 2961 445 3012 lius
465 2972 562 3015 etc.
584 2981 675 3016 :ea
698 2967 1101 3035 transpositione
1121 2974 1373 3042 glossator

342 3038 678 3093 manifestam
716 3041 864 3098 dedit
894 3047 978 3099 sui
1011 3048 1329 3119 imperitiam
1349 3095 1366 3124 ,

340 3113 534 3180 junctis
568 3116 774 3173 duobus
805 3124 1039 3180 versibus
1072 3130 1161 3197 qui
1194 3130 1368 3186 babe—

340 3206 463 3248 rent
477 3195 728 3251 insulsam
744 3204 1117 3271 repetitionem
1133 3213 1367 3267 vocabul-

326 3269 541 3336 serdate
567 3287 798 3342 paterna.
840 3279 1061 3336 Etiamsi
1103 3284 1284 3343 Codex
1316 3291 1364 3345 B

339 3353 554 3408 eosdem
578 3357 814 3427 quinque
834 3381 1013 3417 versus
1036 3367 1182 3421 uncis
1203 3368 1366 3424 inclu-

336 3434 462 3486 serit
477 3472 492 3499 ,
509 3445 761 3506 tanquam
781 3453 1035 3509 praesente
1053 3456 1179 3499 uota
1192 3451 1366 3520 suspi-

334 3508 500 3572 cionis
532 3513 763 3583 signatos
779 3555 794 3582 ‚
842 3538 951 3572 non
987 3521 1140 3576 video
1182 3535 1360 3583 tamen

335 3606 430 3640 cur
443 3589 770 3661 rejiciantur,
785 3614 950 3665 quum
961 3604 1237 3657 sententiae
1251 3625 1361 3660 om-

334 3664 466 3718 nino
503 3686 596 3722 eos
625 3688 921 3742 repugnare
956 3676 1056 3732 dici
1091 3700 1198 3735 non
1233 3703 1357 3753 pos-

332 3739 410 3793 sit.
435 3745 535 3796 Ed.
1341 3827 1347 3832 ι

384 3820 501 3874 603.
518 3826 670 3879 Hunc
678 3846 869 3898 quoque
876 3839 1201 3903 complutam·
1224 3839 1357 3894 Bur·

330 3913 560 3954 mannus
581 3905 761 3960 mallet
780 3911 864 3962 sic
877 3931 1089 3982 quoque,
1109 3916 1222 3970 sine
1240 3938 1355 3973 cau·

328 3996 397 4030 sa.
423 3978 679 4038 Heinsius
703 3988 793 4055 qui
816 3992 951 4045 banc
968 4012 1030 4046 ex
1053 3999 1355 4052 vetustiori-

326 4054 422 4110 bus
444 4058 677 4129 invexit,
708 4066 991 4136 explicabat
1018 4111 1033 4138 ‚
1076 4085 1353 4145 postquam

326 4133 380 4187 in
403 4137 630 4193 insulam
655 4144 757 4196 erit
780 4165 1048 4204 conversa.
1072 4180 1140 4193 -
1157 4155 1353 4224 Regius

329 4214 373 4268 A
391 4256 407 4283 ,
432 4221 589 4275 [Iunc
609 4242 831 4294 quoque,·
860 4230 1056 4301 Regius
1078 4235 1124 4288 B
1145 4274 1161 4301 ,
1195 4239 1353 4292 Hanc

325 4313 524 4366 quoque.
544 4319 625 4340 —-·
645 4305 963 4372 Complector
975 4351 989 4371 ,
1033 4314 1187 4367 undis
1221 4317 1352 4371 meis

328 4371 529 4432 aunam.
541 4406 608 4419 --
629 4382 812 4438 Movit.
828 4426 839 4438 .
852 4425 863 4437 .
878 4397 1227 4461 concussaque
1248 4404 1347 4449 etc.

1479 2200 1648 2256 instar
1658 2205 1807 2262 Jovis
1820 2249 1835 2275 ,
1861 2209 1918 2276 I,
1950 2233 1968 2265 ι
1982 2235 2136 2287 79.—
2150 2219 2506 2293 Mevia-aput,

1479 2281 1625 2336 idem
1649 2288 1790 2355 quod
1812 2328 1827 2356 ‚
1852 2296 2040 2348 annuit
2062 2300 2317 2366 precibus.
2340 2307 2438 2359 Ed.

1545 2362 1663 2417 605.
1684 2369 1942 2424 Extimuit
1968 2377 2193 2445 Nymphe
2215 2392 2312 2434 etc.
2339 2384 2506 2440 Hein·
2613 2422 2620 2430 ·

1478 2436 1556 2489 sio
1579 2438 1664 2494 hic
1689 2462 1869 2498 versus
1892 2452 1946 2500 et
1973 2460 2078 2503 tres
2100 2459 2382 2523 sequentes
2408 2459 2507 2515 de-

1475 2516 1623 2572 lendi
1652 2520 1902 2578 videntur
1929 2538 2019 2582 aut
2047 2532 2234 2587 saltem
2265 2535 2375 2591 duo
2401 2541 2504 2616 509

1476 2607 1530 2650 et
1553 2599 1698 2672 διο(
1720 2604 1839 2658 vide
1865 2607 2001 2662 infra
2023 2621 2206 2666 notam
2229 2615 2365 2684 608)
2387 2658 2401 2684 ,
2427 2641 2498 2676 ne

1475 2674 1552 2728 bis
1565 2675 1709 2731 idem
1726 2680 1946 2738 dicatur.
1959 2686 2302 2748 Burmannus
2320 2696 2500 2752 admo-

1471 2765 1568 2807 net
1595 2756 1723 2825 604,
1747 2761 1848 2815 605
1870 2775 1924 2819 et
1947 2767 2049 2821 606
2072 2770 2247 2827 abesse
2274 2795 2303 2828 a
2336 2777 2500 2832 Fran-

1468 2834 1754 2892 cosurtensi
1771 2879 1785 2906 ,
1816 2852 1870 2895 et
1887 2843 2019 2900 duos
2037 2863 2317 2917 sequentes
2339 2857 2494 2912 fuisse

1468 2912 1696 2981 margini
1724 2916 2024 2989 adscriptos.
2054 2952 2121 2965 -—
2150 2927 2255 2981 Sex
2275 2950 2456 2987 versus
2475 2975 2491 3002 ,

1467 2985 1533 3040 de
1551 2990 1740 3058 quibus
1761 2996 1950 3066 agitur,
1974 3014 2171 3058 resecat
2184 3005 2369 3063 Codex
2389 3013 2492 3067 Re-

1465 3065 1579 3135 gius
1594 3069 1643 3123 A
1658 3109 1674 3138 ,
1698 3082 1752 3126 et
1773 3076 1921 3130 uncis
1936 3083 2137 3136 notavit
2159 3085 2344 3143 Codex
2363 3092 2488 3145 B.-

1472 3146 1800 3216 Tangebam3
1838 3154 2223 3217 Ambrosianus
2257 3178 2310 3218 et
2348 3187 2485 3225 unus

1464 3223 1770 3295 Mediceus,
1796 3240 2098 3303 mulcebam,
2124 3244 2265 3318 quod
2287 3253 2486 3306 amanti

1462 3303 1631 3371 aptius
1669 3307 1866 3375 judicat
1904 3315 2261 3377 Burmannus.
2307 3327 2485 3383 Immo

1460 3389 1569 3433 tam
1598 3385 1891 3453 periculoso
1923 3403 2164 3465 tempore
2188 3439 2203 3466 ,
2244 3411 2490 3472 tangebat

1457 3460 1631 3526 potius
1655 3465 1896 3534 amplexu
1932 3484 2159 3539 pectora.
2195 3507 2262 3519 —
2299 3481 2482 3541 Codex

1459 3535 1655 3605 Regius
1671 3541 1850 3611 B,qui,
1866 3555 1925 3598 ut
1939 3546 2181 3620 diximus,
2193 3554 2290 3611 hos
2304 3579 2481 3618 versus

1454 3613 1680 3670 inclusos
1690 3622 1838 3676 uncis
1851 3623 2121 3693 babet‚dat
2129 3641 2481 3702 tangebam-*-

1452 3695 1686 3764 Dumque
1695 3717 1758 3752 ea
1769 3712 2042 3773 contrec!o‚·
2055 3707 2161 3762 duo
2175 3711 2476 3788 Leidenses,

1451 3783 1733 3840 contracto,
1750 3797 1908 3846 quam
1923 3784 2234 3854 scripturam
2249 3806 2372 3847 sunt
2387 3798 2479 3864 qui

1451 3859 1641 3918 putent
1656 3855 1948 3912 meliorem.
1965 3862 2116 3933 Regii
2138 3870 2305 3922 nostri
2318 3910 2332 3935 ,
2351 3891 2478 3924 con-

1447 3939 1617 3986 trecto.
1645 3962 1712 3975 —
1743 3939 1921 3993 Totum
1952 3947 2244 4014 durescem
2288 3951 2472 4007 Codex

1449 4009 1575 4062 Sixii
1589 4049 1606 4077 ‚
1631 4023 1821 4069 tactum
1840 4022 2120 4082 ἄσκει-εκ,
2147 4030 2471 4096 approbante

1449 4086 1796 4159 Burmanno,
1830 4107 1891 4149 ut
1915 4099 1980 4151 sit
2009 4099 2273 4159 Ovidiana
2302 4129 2468 4180 repe-

1448 4165 1577 4219 titio.
1605 4168 1784 4224 Nostri
1811 4173 1996 4245 Regii,
2021 4190 2194 4236 totum.

1510 4245 1625 4300 608.
1645 4249 1936 4306 Condantur
1946 4266 1999 4309 et
2015 4277 2094 4324 ea,
2110 4280 2226 4330 quae
2242 4263 2293 4316 in
2311 4266 2463 4321 aliam

1442 4322 1671 4379 sormam
1692 4340 1965 4388 transeunt
1979 4358 1992 4400 ;
2007 4338 2126 4393 vide
2142 4343 2205 4394 ad
2221 4344 2298 4397 lx
2313 4385 2328 4410 ,
2349 4349 2462 4418 389.

1441 4424 1509 4448 —-.
1525 4399 1792 4471 Equidem
1813 4411 2059 4482 arbitror,
2088 4436 2276 4473 venus
2292 4423 2393 4494 609
2413 4435 2465 4476 et
