3185 5138
669 486 846 574 414

1274 488 1357 554 P.
1419 488 1779 556 OVIDII
1825 487 2287 558 NASONIS

706 625 1074 701 Priamides
1106 624 1407 702 Helenus
1435 627 1698 701 monitu
1737 627 2168 729 praedixerat,
2203 628 2458 704 intrant

708 747 1034 821 Sicaniam
1063 775 1079 817 t
1118 735 1331 819 tribus
1359 744 1500 819 haec
1531 746 1820 820 excurrit
1848 747 1917 819 in
1955 775 2221 848 aequora
2257 748 2538 845 linguis3

706 865 768 937 E
805 863 1051 964 quibus
1084 861 1460 937 imbriferos
1490 863 1764 936 obversa
1799 863 2148 965 Pachynos
2180 865 2267 938 ad
2297 867 2584 941 Austros
2617 898 2635 941 τ

2754 892 2857 961 725

707 975 1035 1051 Mollibus
1068 978 1442 1078 expositum
1475 977 1794 1078 Zephyris
1828 978 2172 1080 Lilybaeon
2205 1011 2220 1054 ε
2262 999 2330 1054 at
2361 984 2622 1056 Arcton

708 1093 1031 1194 AEquoris
1062 1111 1393 1194 expertem
1427 1110 1713 1194 spectat,
1746 1096 2139 1198 Boreanque
2168 1095 2467 1172 Peloro's.

710 1215 857 1285 Hac
894 1213 1187 1286 subeunt
1223 1213 1502 1298 Teucri;
1538 1215 1867 1315 remisque
1901 1233 2195 1317 aestuque
2227 1217 2555 1306 secundo,

713 1330 855 1403 Sub
886 1347 1147 1404 noctem
1176 1332 1439 1431 potitur
1465 1330 1758 1406 Zanclaea
1793 1330 2021 1408 classis
2056 1363 2270 1409 arena.

715 1443 931 1544 Scylla
966 1443 1140 1519 latus
1173 1444 1515 1534 dextrum,
1554 1443 1787 1519 laevum
1824 1446 2179 1548 irrequieta
2214 1450 2592 1551 Charybdis

2758 1474 2855 1543 730

708 1562 1039 1636 Infestant
1065 1592 1081 1634 ε
1109 1580 1297 1635 vorat
1328 1562 1468 1635 haec
1497 1580 1760 1666 raptas,
1795 1566 2208 1666 revomitque
2243 1567 2539 1641 carinas:

713 1676 838 1750 llla
866 1675 1021 1750 feris
1055 1693 1263 1750 atram
1298 1677 1573 1751 canibus
1603 1677 2013 1774 succingitur
2045 1678 2263 1754 alvum
2286 1737 2304 1767 ‚

714 1838 982 1892 orientalis
1011 1837 1172 1892 ltalia
1202 1858 1320 1908 pars
1351 1839 1457 1906 iam
1492 1859 1654 1910 prope
1679 1842 1736 1895 in

713 1929 997 1986 conspectu
1042 1928 1174 1970 esset
1217 1916 1578 1985 Troianorum
1609 1957 1637 1985 „
1670 1920 1735 1972 ab

716 1996 929 2049 Heleno
960 2005 1247 2055 monentur,
1291 1994 1357 2047 ad
1390 1997 1737 2052 occidentales

716 2093 832 2129 oras
850 2093 905 2128 se
930 2093 959 2125 a
981 2074 1098 2126 satis
1118 2073 1263 2136 duci3
1285 2073 1458 2143 itaque
1479 2085 1632 2127 antea
1648 2074 1739 2127 Si·-

714 2154 886 2208 ciliam
912 2151 1213 2206 adeundam
1238 2171 1364 2208 esse.
1386 2152 1557 2206 Simul
1582 2153 1647 2205 ab
1671 2172 1737 2206 eo

716 2232 1003 2298 docentur,
1035 2250 1150 2302 quoe
1173 2231 1284 2286 loca
1305 2232 1625 2286 transeunda
1648 2243 1737 2286 aut

717 2311 1085 2383 praetereunda
1104 2350 1118 2376 ‚
1138 2310 1264 2381 quid
1281 2312 1572 2381 petendum
1590 2311 1739 2381 quid·

721 2408 821 2458 que
839 2388 1113 2442 vitandum
1133 2429 1148 2455 ‚
1172 2401 1226 2444 et
1249 2390 1302 2442 in
1326 2409 1431 2459 quo
1446 2391 1561 2443 loco
1573 2389 1740 2443 consi·

722 2468 959 2523 dendum
974 2470 1041 2523 sit
1058 2491 1072 2531 3
1100 2469 1287 2540 Virgil.
1303 2489 1372 2524 vs.
1389 2471 1518 2539 374·
1529 2471 1638 2537 462.

791 2571 815 2619 7
823 2551 901 2615 ²4·
923 2550 1101 2602 Tribus
1111 2551 1216 2603 hec
1227 2553 1448 2602 excurri!
1461 2558 1560 2602 etc.
1573 2547 1741 2602 Hein-

719 2627 824 2682 sius
857 2627 982 2698 legit
1013 2633 1164 2681 trehell-
1197 2632 1438 2687 excurrit,
1467 2636 1522 2680 et
1554 2632 1606 2681 τὸ
1628 2629 1743 2680 haec

720 2705 888 2775 inepti
935 2705 1228 2775 glossatoris
1271 2705 1588 2774 figmentum
1631 2723 1741 2757 esse

721 2794 887 2855 putat.
903 2813 969 2825 -
983 2786 1184 2851 liugan
1201 2783 1509 2852 frequenter
1528 2782 1594 2836 de
1618 2802 1745 2851 pro-

720 2863 1021 2928 montorio;
1037 2862 1153 2916 vide
1167 2862 1449 2916 Heinsium
1465 2862 1563 2915 :sic
1576 2872 1632 2913 et
1648 2861 1746 2914 flu·

723 2942 818 2994 viis
830 2945 972 2993 labia
985 2979 998 3001 ,
1012 2941 1281 2993 montibus
1293 2944 1585 3009 sapen-Hie,
1607 2941 1743 2993 mari

725 3023 935 3074 brachia
971 3020 1274 3073 tribuuntur
1293 3041 1308 3083 ς
1345 3019 1464 3074 vide
1495 3020 1743 3074 Gataker.

726 3100 927 3152 Miscel.
939 3118 1052 3167 pag.
1067 3097 1363 3163 364.Verba
1379 3098 1434 3150 in
1457 3097 1554 3153 hac
1574 3119 1633 3152 re
1649 3100 1745 3152 sol·

725 3176 922 3230 lemnia
934 3195 1193 3230 excurrere
1206 3186 1261 3229 et
1266 3196 1552 3243 procurrere
1561 3218 1575 3237 ,
1600 3177 1744 3231 uude

727 3256 1090 3326 promontoria
1123 3255 1232 3324 ipsa
1253 3274 1528 3323 procursus
1550 3274 1749 3309 vocan-

726 3348 828 3389 tur.
857 3334 940 3387 De
959 3333 1147 3389 Sicilia
1166 3334 1542 3402 promontoriis
1564 3333 1749 3386 confer

730 3418 782 3469 V
797 3455 813 3482 ,
845 3416 960 3469 350.
985 3440 1053 3455 —·
1081 3413 1306 3464 Oba-ersa
1327 3431 1423 3482 pro
1444 3424 1527 3465 est
1543 3432 1694 3466 verm
1715 3432 1746 3465 e

726 3505 930 3564 septem
940 3492 1088 3547 MSS
1097 3492 1333 3560 reposuit
1341 3491 1610 3557 Heinsius,
1626 3493 1748 3561 quia

732 3576 859 3632 illud
890 3577 1114 3629 verbum
1148 3574 1402 3627 familiare
1432 3584 1511 3628 est
1531 3571 1747 3627 Ovidio.

731 3684 798 3696 —
813 3654 1007 3724 Regius
1030 3663 1212 3706 noster
1226 3654 1272 3706 A
1290 3652 1540 3707 habetest
1558 3671 1707 3705 versa
1722 3669 1743 3716 ,·

730 3733 893 3791 codex
912 3733 955 3785 B
970 3771 985 3798 ,
1007 3742 1068 3785 ut
1084 3731 1421 3785 Florentinus
1436 3731 1492 3784 S.
1508 3731 1678 3785 Marci
1694 3743 1751 3786 et

732 3824 935 3883 septem
950 3811 1033 3864 alii
1047 3849 1063 3876 ‚
1075 3810 1527 3863 euersa—Arcton
1539 3817 1751 3880 equor-12⁸·

731 3902 1002 3961 σιμ-ἠως
1026 3887 1162 3943 conf.
1184 3907 1316 3943 vers.
1339 3892 1450 3962 293.
1467 3894 1751 3944 —Peloros

734 3971 905 4024 dictus
926 3979 1006 4023 est
1030 3988 1060 4022 a
1085 3966 1277 4022 Peloro
1292 4007 1308 4035 ,
1339 3968 1508 4021 classis
1534 3968 1752 4022 Hanni-

732 4050 859 4104 balis
892 4050 1240 4119 gubernatore
1258 4086 1273 4114 ,
1299 4046 1370 4100 ibi
1404 4048 1625 4116 sepulto.
1650 4051 1749 4104 Ed.

803 4133 913 4199 728.
949 4132 1069 4183 Hac
1103 4134 1356 4194 subeat,-
1402 4129 1559 4200 vulgo
1597 4133 1752 4184 Hanc

733 4211 957 4262 subeunt.
975 4206 1158 4264 Codex
1175 4207 1370 4276 Regius
1387 4210 1433 4262 Α
1448 4213 1574 4275 huc,·
1588 4208 1753 4263 codex

734 4285 928 4340 Bhanc
943 4327 960 4350 ,
986 4297 1039 4339 et
1059 4289 1159 4340 bac
1173 4304 1270 4356 pro
1285 4287 1425 4341 varia
1445 4287 1752 4341 lectione.—

1832 1845 2035 1896 Polilur
2053 1864 2235 1903 arena.
2267 1854 2326 1896 ut
2356 1843 2438 1897 xl
2457 1883 2472 1910 ,
2500 1847 2564 1897 55
2585 1883 2600 1909 ,
2635 1853 2688 1896 et
2716 1842 2853 1912 apud

1834 1921 2115 1990 Virgilium
2131 1961 2147 1988 ‚
2166 1922 2290 1977 AEn.
2308 1922 2365 1988 1,
2388 1942 2494 1992 ¹72·
2514 1922 2853 1975 Florentinus

1834 1999 1890 2053 S.
1916 2001 1995 2053 M.
2010 2007 2210 2069 patitur
2225 2020 2432 2053 arenam
2451 2042 2464 2063 ,
2497 1999 2641 2053 unde
2676 2001 2857 2054 Hein-

1831 2079 1936 2132 sius
1967 2080 2257 2150 suspicatur
2282 2085 2479 2147 potant
2503 2097 2709 2131 annam
2732 2120 2745 2138 ‚
2796 2090 2853 2131 ut

1836 2157 1921 2212 111
1951 2158 2087 2211 Fast.
2118 2179 2144 2210 2
2157 2179 2173 2210 ι
2194 2198 2209 2224 ,
2227 2163 2512 2226 potitaque
2530 2162 2767 2225 cupe’tam.
2787 2182 2856 2196 —-

1836 2236 1987 2305 Regii
2010 2236 2213 2289 codices
2247 2236 2404 2289 ambo
2434 2235 2563 2289 dant
2595 2253 2763 2286 amne.
2788 2261 2856 2273 —

1833 2314 2027 2366 Zancle
2042 2354 2054 2372 ‚
2075 2323 2251 2383 postea
2274 2314 2517 2368 Messana
2531 2353 2546 2380 ,
2562 2311 2697 2365 dicta
2715 2309 2856 2364 asor·

1835 2409 1923 2442 ma
1942 2390 2150 2456 falcata,
2182 2411 2340 2462 quam
2367 2393 2524 2446 habet
2547 2400 2858 2462 promonto-

1837 2467 1974 2519 rium
2006 2478 2220 2537 portum
2243 2468 2376 2522 illius
2398 2468 2541 2522 urbis
2565 2466 2854 2521 includens.

1907 2547 2016 2615 730.
2028 2549 2202 2619 Scylla
2213 2585 2226 2598 .
2238 2586 2252 2598 .
2266 2588 2276 2598 .
2294 2550 2600 2620 Charybdin·
2615 2546 2732 2600 dua>
2747 2546 2856 2598 sue·

1836 2638 1965 2680 runt
1983 2626 2168 2699 Scylla
2182 2645 2210 2678 a
2225 2627 2391 2696 poetis
2405 2625 2717 2680 decantate:
2735 2643 2858 2693 qua·

1836 2724 1958 2758 rum
1987 2706 2147 2759 altera
2164 2746 2179 2773 ,
2205 2705 2316 2760 Nisi
2339 2706 2446 2759 filia
2464 2745 2479 2771 ,
2502 2704 2557 2756 in
2585 2722 2734 2757 avem
2758 2701 2860 2756 suit

1837 2798 2155 2841 commutata
2176 2809 2189 2851 ς
2217 2787 2284 2841 de
2303 2788 2400 2842 bac
2413 2788 2468 2842 in
2486 2787 2619 2840 libro
2630 2785 2741 2839 Vll
2759 2785 2859 2854 agi·

1838 2873 1953 2927 tur;
1970 2865 2131 2917 altera
2149 2864 2310 2919 Phoci
2327 2864 2432 2918 filia
2450 2864 2504 2917 in
2525 2874 2826 2915 monstrum
2839 2900 2855 2928 ,

1841 2942 1983 3012 quod
2020 2944 2076 2996 in
2111 2942 2249 2996 freto
2283 2942 2461 2996 Siculo
2495 2942 2860 3012 navigantibus

1839 3022 2127 3077 insidiatur.
2149 3022 2447 3096 Charybdis
2467 3021 2641 3074 vetula
2658 3019 2756 3073 suit
2772 3018 2861 3070 su-

1840 3101 2101 3153 racissima
2118 3139 2133 3165 ‚
2152 3119 2268 3169 quae
2283 3119 2450 3170 quum
2469 3098 2688 3152 Herculi
2704 3098 2861 3150 boves

1839 3180 2010 3232 furata
2032 3191 2194 3247 esset,
2221 3182 2285 3233 ab
2309 3180 2398 3233 illo
2421 3181 2477 3233 in
2501 3177 2699 3232 fretum
2726 3196 2862 3248 pro-

1839 3261 2004 3330 jecta,
2043 3258 2098 3312 in
2124 3269 2422 3313 monstrum
2455 3256 2726 3329 marinum
2759 3256 2860 3309 suit

1838 3356 2089 3392 conversa
2109 3378 2122 3403 ,
2145 3337 2286 3407 quod
2305 3337 2474 3390 adbuc
2490 3335 2764 3406 pristinam
2781 3354 2859 3387 re·

1842 3418 1974 3470 tinet
2006 3416 2244 3486 rapiendi
2275 3427 2519 3470 naturam
2552 3434 2565 3468 ι
2592 3434 2718 3468 nam
2743 3414 2859 3467 illac

1843 3506 2173 3550 transeuntes
2195 3513 2352 3548 naves
2377 3494 2441 3547 ad
2466 3513 2520 3547 se
2550 3495 2719 3563 rapit,
2752 3491 2857 3544 de-

1840 3587 2094 3645 voratque
2133 3595 2191 3631 ac
2222 3576 2462 3630 revomit.
2494 3576 2593 3628 Ed.
2618 3601 2686 3613 —
2711 3574 2857 3624 Cha-

1840 3659 2013 3727 rybdis
2038 3656 2234 3709 Nostro
2257 3660 2515 3724 irrequieta
2529 3695 2541 3716 ,
2569 3664 2623 3706 et
2639 3651 2859 3721 Virgilio

1839 3740 2133 3805 t'mplacata,
2155 3734 2296 3806 quod
2313 3746 2368 3789 et
2388 3734 2439 3788 h.
2462 3734 2492 3788 l.
2511 3753 2648 3786 unus
2666 3730 2859 3785 Medic.

1843 3818 2106 3888 agnoscit,
2147 3827 2200 3870 et
2232 3817 2481 3870 Heinsius
2513 3833 2575 3867 ex
2600 3819 2856 3879 impacata

1843 3908 2019 3949 ortum
2043 3906 2242 3949 temere
2266 3894 2738 3966 putabat—Vota!
2758 3901 2855 3944 etc.

1844 3975 2093 4045 Virgilius
2120 4015 2134 4041 ‚
2162 3973 2286 4028 ibid.
2318 3996 2344 4021 κ
2374 3976 2493 4029 lmo
2514 3970 2747 4026 barathri
2773 3980 2855 4023 ter

1845 4077 1873 4101 »
1899 4054 2098 4125 gurgite
2114 4063 2282 4107 vastos
2298 4053 2490 4106 Sorbet
2502 4052 2557 4105 in
2574 4051 2855 4119 abruptum

1847 4156 1873 4179 »ι
1897 4132 2114 4198 fluctus,
2141 4150 2422 4200 rursusque
2443 4130 2539 4184 sub
2560 4149 2710 4183 auras
2734 4127 2856 4180 Eri-

1846 4230 1873 4255 »
1902 4209 1976 4278 git
2013 4209 2241 4262 alternos
2270 4249 2284 4275 ‚
2331 4219 2386 4263 et
2415 4207 2587 4262 sidera
2620 4208 2861 4260 verberat

1847 4310 1874 4335 n
1898 4289 2056 4344 unda.
2073 4312 2099 4336 n
2126 4289 2401 4360 Copiosius
2420 4292 2642 4361 Scyllam
2666 4288 2861 4343 descri-
