3185 5138
695 571 777 660 78

1247 565 1322 629 P.
1392 563 1751 631 ov1D11
1804 545 2255 629 N‘Asole

693 742 727 773 »
770 704 1096 780 Cursibus
1129 702 1424 803 obliquis
1455 701 1633 774 intra
1670 717 1783 773 tua
1814 727 2022 795 regna
2055 698 2399 773 fluentum.

693 857 726 887 »
766 825 904 896 Nec
939 847 1138 916 gener
1167 818 1453 893 externis
1484 817 1731 916 hospes
1766 815 1890 890 tibi
1921 816 2164 889 missus
2198 814 2282 889 ab
2318 814 2454 888 oris
2475 870 2495 903 ,

695 972 726 1002 υ
767 938 896 1012 Sed
933 934 1275 1039 popularis
1309 962 1462 1022 ero,
1501 951 1567 1007 et
1597 960 1816 1006 rerum
1851 959 2005 1033 pars
2041 959 2173 1004 una
2209 948 2493 1005 tuarum.
2754 967 2821 1006 20

691 1088 723 1118 »
761 1055 1055 1127 Tantum
1088 1078 1178 1125 ne
1209 1069 1479 1138 noceat,
1518 1049 1704 1150 quod
1742 1077 1847 1122 me
1879 1077 2001 1122 nec
2036 1047 2219 1143 regia
2251 1049 2434 1120 Juno

692 1203 726 1234 n
768 1168 976 1255 Odit,
1015 1186 1082 1242 et
1117 1168 1334 1241 omnis
1366 1168 1553 1240 abest
1583 1168 1915 1264 jussorum
1950 1192 2149 1265 poena
2179 1162 2506 1237 laborum.

695 1320 726 1350 »
764 1287 935 1358 Nam
973 1283 1156 1385 quod
1189 1301 1251 1359 te
1282 1284 1488 1381 jactas
1520 1282 1835 1356 Alcmena
1866 1297 2073 1354 matre
2106 1295 2434 1366 creatum3

693 1436 726 1467 »
761 1401 1079 1502 Juppiter
1112 1417 1229 1474 aut
1261 1398 1467 1473 falsus
1492 1417 1683 1500 pater
1717 1415 1857 1483 est,
1891 1414 2006 1470 aut
2040 1389 2312 1469 crimine
2347 1421 2573 1467 verus:

690 1553 724 1583 »
765 1518 1005 1591 Matris
1040 1515 1364 1591 adulterio
1401 1533 1658 1616 patrem
1692 1514 1866 1617 petis
1895 1543 1909 1585 ε
1940 1511 2106 1607 elige
2141 1511 2370 1585 fictum
2755 1532 2821 1585 25

690 1668 723 1698 >›
766 1636 931 1707 Esse
959 1634 1192 1705 Jovem
1225 1630 1414 1704 malis
1434 1686 1453 1718 ‚
1483 1660 1567 1703 an
1601 1643 1662 1704 te
1696 1659 1817 1730 per
1848 1627 2133 1703 dedecus
2164 1646 2404 1702 ortum.
2441 1661 2476 1693 »
2594 1676 2613 1708 ⁸

681 1749 867 1823 Talia
901 1750 1224 1822 dicentem
1253 1747 1640 1847 jamdudum
1676 1745 1923 1821 lumine
1957 1763 2149 1818 torvo

679 1933 777 1983 pro
799 1914 1045 1984 simplici,
1071 1932 1189 1967 sum
1211 1933 1303 1966 rex
1321 1954 1335 1978 ‚
1367 1912 1487 1983 quia
1518 1931 1699 1965 coram

681 1995 792 2047 haec
837 1992 1054 2046 dicebat.
1095 2020 1164 2032 -·
1203 1995 1443 2045 Cursibus
1484 1995 1700 2061 obliquis

679 2081 886 2124 tantum
911 2080 1126 2124 ornatus
1149 2089 1299 2124 causa
1322 2069 1576 2122 additum.

750 2169 824 2222 ¹9·
871 2151 978 2202 Nec
1009 2167 1160 2217 gener
1194 2152 1375 2216 hospes
1409 2159 1508 2200 etc.
1554 2146 1697 2200 Cum

677 2231 872 2294 hospite
906 2227 1011 2280 sive
1058 2225 1259 2280 advena
1294 2226 1696 2278 matrimonium

675 2305 810 2357 inire
835 2324 1105 2358 summum
1129 2304 1355 2357 dedecus
1378 2301 1513 2373 apud
1541 2302 1698 2354 Grae-

674 2402 776 2437 cos.
802 2383 977 2437 Etiam
1001 2384 1056 2435 in
1084 2386 1378 2436 lt'be‘melrsus
1391 2379 1583 2450 aliquid
1604 2380 1697 2431 in·-

676 2461 826 2515 vidiae
851 2473 962 2524 est;
988 2472 1042 2514 et
1064 2467 1169 2514 onte
1194 2460 1507 2514 contemtim
1532 2457 1695 2510 addi-

677 2548 789 2591 tum
811 2578 825 2604 ‚
877 2539 1022 2607 quasi
1064 2537 1287 2592 nesciret
1309 2577 1324 2603 ‚
1375 2534 1519 2589 unde
1559 2544 1695 2588 esset

675 2617 1329 2683 Hercules—popularis,
1363 2618 1583 2682 δημότης,
1604 2612 1693 2682 qui

674 2702 751 2745 est
774 2692 1011 2761 ejusdem
1038 2693 1230 2761 populi.
1270 2719 1336 2731 -
1360 2695 1547 2743 Remus
1573 2697 1694 2741 Ina·

674 2794 811 2834 mne,
865 2774 1012 2842 regni
1038 2774 1151 2838 tui,
1189 2782 1249 2824 ut
1272 2772 1412 2836 Vn,
1440 2775 1539 2842 509
1563 2789 1574 2822 ι
1600 2768 1693 2821 sed

675 2851 977 2905 Gronovius
997 2889 1011 2915 ‚
1049 2849 1323 2903 Observat.
1357 2848 1457 2913 lv,
1484 2868 1532 2917 p.
1560 2848 1658 2913 706
1676 2886 1690 2913 ,

673 2949 754 2981 nes
776 2927 878 2983 hoc
901 2927 1015 2981 loeo
1039 2928 1417 2995 interpretatur
1428 2924 1689 2978 subditos:

672 3007 746 3059 sic
768 3025 892 3059 sane
910 3045 925 3070 ‚
951 3005 1057 3058 Vll
1079 3043 1094 3069 ,
1123 3006 1218 3056 522
1239 3043 1253 3069 ,
1278 3021 1438 3071 μους
1467 3001 1689 3055 Heroid.

677 3085 781 3149 111,
798 3084 882 3150 46,
895 3088 1205 3148 patre'aepars
1226 3100 1318 3148 ego
1337 3101 1523 3149 magna
1535 3096 1687 3144 meu

672 3163 808 3216 infra
821 3203 836 3229 ‚
857 3164 934 3217 xl
952 3203 966 3230 ,
990 3162 1087 3215 216
1100 3200 1114 3227 ,
1124 3180 1249 3226 pars
1261 3162 1690 3229 mimda—Isau

675 3241 1013 3295 Lovaniensis
1030 3280 1045 3306 ,
1065 3243 1347 3307 parspn’va
1361 3279 1375 3299 ‚
1399 3237 1453 3291 id
1468 3244 1547 3291 est
1563 3256 1692 3306 pro-

672 3321 813 3390 pria,
856 3318 998 3388 quod
1025 3319 1363 3371 Burmannus
1388 3334 1496 3368 non
1522 3314 1691 3369 credit

672 3400 736 3451 ab
760 3397 973 3450 indocto
1002 3394 1215 3449 librario
1245 3395 1571 3463 prosectum;
1613 3395 1693 3446 ita

669 3476 818 3529 illum
843 3474 1015 3529 dicere
1033 3513 1048 3541 ,
1080 3493 1134 3527 se
1165 3483 1335 3525 totum
1360 3491 1469 3525 esse
1495 3473 1549 3524 in
1574 3473 1688 3541 ejus

669 3574 835 3626 regno
849 3565 902 3607 et
912 3551 1564 3607 ditione.VerumOvidius
1574 3571 1686 3605 non

670 3643 811 3686 amat
825 3632 1067 3687 obsoleta.
1082 3632 1232 3702 Regii
1243 3631 1555 3697 nostri,pars
1568 3650 1685 3684 una.

736 3731 815 3763 αι.
866 3712 1077 3762 Tantum
1097 3729 1159 3777 ne
1181 3718 1387 3770 noceat,
1425 3720 1523 3761 etc.
1549 3707 1688 3762 Satis

669 3788 852 3841 acerbe
877 3785 1162 3856 respondet
1186 3798 1239 3839 et
1262 3786 1324 3839 ad
1351 3805 1533 3838 rerum
1559 3805 1685 3855 ges-

674 3876 847 3918 tarum
874 3865 1091 3935 gloriam
1127 3874 1180 3917 et
1203 3863 1268 3915 ad
1292 3863 1498 3934 generis
1517 3864 1687 3915 nobi-

668 3943 888 3997 litatem.
912 3942 997 3995 De
1019 3950 1234 3996 cte-cmc!
1258 3941 1376 3994 vide
1402 3939 1467 3992 ad
1495 3940 1546 3993 11
1564 3979 1578 4006 ,
1608 3943 1688 4007 4².

668 4026 891 4076 —Paena
901 4027 1127 4076 laborum
1139 4064 1153 4083 ‚
1173 4022 1374 4076 labores
1389 4040 1554 4092 poenoe
1570 4022 1686 4075 loco

669 4100 929 4169 impositi,
952 4119 1060 4154 non
1079 4112 1266 4170 sponte
1284 4101 1521 4170 suscepti.
1535 4101 1685 4154 Bene

670 4189 850 4231 autem
877 4199 1081 4246 penam
1117 4192 1376 4233 memorat
1393 4220 1407 4246 ,
1432 4191 1484 4233 et
1506 4182 1690 4248 jussos

666 4257 870 4310 labores
887 4294 902 4322 ,
928 4259 1048 4326 quia
1062 4259 1134 4310 sic
1149 4259 1410 4311 minuitur
1426 4258 1590 4327 gloria
1607 4278 1685 4312 ac·

666 4348 859 4391 torum.
878 4363 947 4379 —-
972 4338 1150 4390 Omnis
1170 4341 1316 4390 abes!
1337 4356 1367 4389 a
1391 4356 1477 4390 me
1485 4357 1644 4405 pena
1662 4358 1683 4406 ,-

1796 1910 1859 1964 ad
1883 1910 2057 1963 nullos
2081 1928 2322 1979 unquam
2340 1901 2543 1962 labores
2564 1907 2821 1962 condem·

1798 1999 1953 2040 natus
1976 2006 2113 2041 sum.
2400 2017 2409 2026 ·

1863 2069 1940 2120 23.
1975 2072 2106 2119 Naue
2128 2069 2270 2135 quod
2285 2075 2337 2119 Ie
2357 2077 2456 2119 ete.
2492 2066 2817 2120 Dilemmate

1793 2146 2081 2200 admodum
2109 2148 2328 2199 molesto
2361 2148 2554 2215 premit
2592 2147 2817 2199 Hercu-

1794 2225 1916 2277 lem.
1944 2227 2072 2277 Nan
2088 2225 2314 2277 alterum
2333 2223 2502 2276 multo
2519 2223 2695 2276 minus
2713 2242 2818 2275 no·-

1790 2306 2116 2369 eet—Quod
2136 2310 2219 2367 le,·
2245 2301 2505 2356 secundus
2528 2302 2817 2367 Palatinus,

1790 2401 1888 2450 quo
1918 2384 2013 2435 te?
2042 2398 2165 2433 cum
2197 2389 2324 2432 nota
2349 2378 2773 2448 interrogationis
2801 2400 2818 2440 ς

1795 2459 1991 2528 Regius
2023 2459 2070 2511 A
2090 2497 2105 2524 ,
2136 2473 2268 2526 μσς
2309 2457 2505 2527 Regius
2542 2458 2586 2510 B
2605 2496 2620 2524 ‚
2644 2460 2784 2526 quod
2801 2475 2819 2508 .-

1792 2536 1892 2592 hoc
1906 2536 2234 2607 proestantius
2249 2535 2473 2589 videtur.
2491 2537 2592 2588 Ed.
2605 2562 2670 2575 —
2683 2537 2820 2588 Jac-

1790 2625 1875 2669 tas
1894 2656 1906 2677 ,
1933 2615 2060 2669 dicis
2077 2655 2092 2683 ‚
2121 2615 2313 2668 fateris.
2327 2641 2394 2656 —--
2410 2618 2598 2668 Falsus
2613 2656 2624 2671 .
2645 2613 2818 2668 fictus.

1793 2695 1968 2748 Etiam
1989 2734 2003 2761 ,
2035 2695 2060 2747 1
2081 2734 2095 2760 ,
2128 2696 2253 2765 754,
2263 2695 2448 2763 salsus
2467 2700 2668 2761 genitor
2682 2735 2694 2757 ,
2721 2694 2816 2748 sed

1793 2770 1875 2825 ΙΙΙ
1896 2809 1911 2837 ,
1941 2772 2038 2824 558
2062 2809 2077 2836 ,
2120 2770 2408 2839 elegantius
2430 2774 2698 2823 adsumus
2710 2790 2818 2837 pa-

1788 2858 1876 2901 ler.
1914 2876 1982 2888 —
2020 2852 2219 2903 Crimen
2263 2851 2451 2919 passim
2476 2851 2709 2903 absolute
2747 2850 2816 2903 de

1790 2925 2062 2981 adulterio.
2104 2928 2183 2980 Ut
2208 2928 2465 2982 Hercules
2488 2929 2680 2982 sentiat
2704 2930 2814 2981 vim

1789 3022 2008 3057 omnem
2029 3005 2326 3074 opprobrii,
2354 3006 2658 3059 clarioribus
2680 3026 2812 3060 ver-

1788 3084 1866 3136 bis
1883 3085 2103 3154 repetit,
2125 3087 2319 3138 Mam}
2332 3090 2578 3138 adulterio
2590 3098 2687 3140 etc.
2706 3105 2815 3139 ma·

1788 3176 1926 3219 trem
1943 3167 2065 3220 sacis
2084 3166 2376 3219 adulteram
2393 3207 2407 3233 ,
2433 3178 2493 3219 ut
2509 3168 2703 3220 Jovem
2721 3187 2813 3237 pa-

1789 3254 1924 3297 trem
1952 3243 2155 3298 habeas.
2187 3244 2538 3314 Caposerreus
2567 3250 2808 3300 matres.-.

1776 3326 1915 3388 pelis
1938 3341 2033 3390 per
2066 3322 2540 3392 interrogationem
2568 3324 2809 3376 efferen-

1786 3396 1916 3450 dum
1940 3400 2357 3467 κῆαι-Εὔιον
2374 3439 2387 3460 ,
2428 3410 2612 3453 utrum
2620 3402 2809 3468 fictum

1785 3487 1989 3546 patrem
2021 3495 2133 3528 esse
2151 3478 2327 3529 loven
2351 3481 2502 3529 nale‘s
2517 3516 2530 3534 .
2572 3488 2668 3530 etc.
2702 3479 2811 3530 Pro

1764 3556 1949 3622 fictum
1970 3552 2236 3606 Junianus
2265 3554 2459 3623 repetit
2469 3552 2689 3620 salsum.
2728 3555 2809 3607 Ita

1785 3642 1839 3685 et
1863 3632 2027 3685 nostri
2054 3633 2224 3699 Regii.
2249 3659 2317 3673 —
2338 3635 2605 3695 Dedecus,
2645 3631 2808 3684 adul-

1784 3710 1978 3762 terium
1998 3750 2012 3776 ,
2043 3721 2101 3763 ut
2125 3711 2211 3776 11,
2242 3713 2353 3780 473.

1849 3810 1926 3860 ²7·
1942 3793 2250 3843 Jamdadum
2269 3832 2281 3851 ‚
2298 3791 2569 3844 continuo.
2592 3790 2695 3842 Vix
2715 3811 2807 3843 ex-

1781 3883 2011 3941 spectare
2038 3882 2210 3941 potest
2233 3872 2399 3924 finem
2435 3871 2702 3925 orationis.
2741 3898 2809 3910 —

1792 3951 1948 4002 Tereo
1986 3953 2006 4017 (
2026 3950 2167 4019 quod
2209 3951 2343 4003 bene
2390 3949 2587 4002 habent
2635 3949 2800 4004 nostri

1785 4026 2002 4095 Regiv:
2034 4028 2335 4093 Leidensis,
2368 4034 2501 4080 Iorto
2522 4068 2534 4088 ‚
2577 4038 2670 4092 ut,
2709 4026 2762 4079 11
2789 4065 2805 4091 ,

1785 4108 1876 4175 787
1894 4146 1908 4172 ,
1950 4110 2200 4174 obliquam
2240 4110 2405 4158 lumen
2419 4146 2432 4166 ‚
2478 4105 2619 4174 quod
2651 4107 2805 4158 Bur-

1780 4203 2009 4239 mannus
2032 4195 2300 4256 comparat
2326 4205 2338 4238 t
2366 4196 2419 4239 at
2455 4187 2522 4239 ibi
2555 4185 2622 4238 de
2656 4187 2796 4238 invi-

1781 4261 1866 4315 dia
1886 4303 1901 4328 ,
1928 4282 2073 4317 nunc
2096 4264 2255 4317 deira
2276 4282 2452 4318 sermo
2469 4274 2560 4318 est.
2576 4292 2643 4303 —
2657 4264 2803 4317 Bene

1780 4341 2127 4407 nonfhrtiter‚·
2150 4342 2299 4395 sortis
2326 4342 2474 4396 enim
2501 4342 2664 4395 animi
2689 4353 2766 4395 est
2785 4380 2802 4408 ,
