3185 5138
584 538 1621 635 METAMoRPnosEoN
1681 569 1877 635 mn.
1935 569 2165 637 v111.
2358 574 2442 637 25

309 704 588 806 Templa
619 723 1062 799 coronantur3
1098 703 1636 806 bellatricemque
1672 707 2038 779 Minervam

314 824 485 895 Cum
518 821 721 910 Jove,
756 820 1012 920 Bisque
1047 837 1286 892 vocant
1318 818 1462 892 aliis
1493 849 1509 892 ε
1540 847 1710 919 quos
1743 821 2061 914 sanguine
2092 836 2246 893 voto
2270 875 2289 909 ‚
2344 845 2441 895 265

312 936 843 1037 Muneribusque
879 934 1048 1009 datis
1069 991 1088 1023 ‚
1125 954 1192 1008 et
1224 935 1463 1009 acerris
1497 934 1666 1007 turis
1696 934 2047 1010 honorant.

314 1061 659 1160 Sparserat
686 1056 1031 1152 Argolicas
1065 1083 1306 1130 nomen
1340 1085 1505 1151 vaga
1538 1060 1738 1131 Fama
1771 1086 1892 1158 per
1922 1058 2125 1132 urbes
2224 1065 2228 1069 ’

310 1184 610 1258 Theseos
638 1213 653 1255 :
684 1200 751 1255 et
781 1181 1056 1283 populi,
1094 1210 1265 1280 quos
1294 1180 1473 1254 dives
1504 1182 1754 1255 Achaia
1786 1183 2000 1282 cepit,

312 1306 533 1404 Hujus
568 1332 763 1405 opem
799 1304 1053 1399 magnis
1090 1301 1515 1403 imploravere
1549 1303 1813 1403 periclis
1845 1334 1860 1375 :

313 1427 534 1525 Hujus
568 1455 758 1527 opem
798 1424 1096 1526 Calydon
1118 1425 1472 1525 ‚quamvis
1507 1424 1893 1521 Meleagron
1926 1425 2241 1517 haberet,
2343 1466 2439 1519 270
2513 1506 2516 1509 ,

314 1549 613 1623 Sollicita
646 1546 925 1648 supplex
958 1548 1150 1648 petiit
1182 1577 1374 1649 prece
1403 1578 1418 1622 ε
1450 1577 1642 1622 causa
1679 1548 1943 1649 petendi

313 1674 443 1746 Sus
479 1689 652 1758 erat,
691 1670 940 1744 infestae
976 1670 1258 1745 famulus
1291 1670 1661 1772 vindexque
1695 1671 1941 1745 Dianae.

314 1795 545 1868 OEnea
578 1821 861 1893 namque
895 1791 1152 1880 ferunt,
1185 1793 1366 1893 pleni
1404 1793 1818 1866 successibus
1850 1795 2004 1867 anni
2071 1806 2076 1811 ⁴

311 1918 682 2004 Primitias‚
720 1917 973 2010 frugem
1009 1917 1265 2006 Cereri,
1307 1946 1423 1991 sua
1454 1918 1602 1991 vina
1637 1920 1830 2018 Lyaeo
1855 1974 1873 2003 ,

311 2141 435 2194 titiae
449 2151 503 2194 et
520 2141 651 2211 grati
669 2128 831 2195 animi
854 2142 1008 2212 signis
1029 2182 1043 2207 ,
1071 2152 1223 2197 erant
1237 2163 1321 2196 co-

307 2239 441 2272 rone
456 2259 470 2281 ,
512 2220 697 2287 quibus
735 2240 894 2290 super
928 2221 1157 2290 postibus
1196 2242 1322 2274 sus-

310 2297 482 2367 pensis
502 2301 688 2363 templa
721 2298 1057 2352 ornabantur.
1083 2298 1207 2351 AEn.
1230 2299 1317 2365 11,

310 2377 407 2444 249
421 2413 436 2439 ‚
464 2376 673 2427 delubra
679 2373 826 2440 sesto
857 2374 1230 2443 velaresronde.
1255 2402 1321 2415 —

318 2455 531 2511 Vocant,
550 2452 825 2518 invocant,
842 2452 1061 2505 invitant
1079 2451 1141 2504 ad
1157 2472 1317 2520 sacra,

309 2550 337 2584 e
364 2531 469 2583 ritu
503 2540 557 2582 et
589 2529 814 2583 formula
845 2530 1096 2596 solemni,
1124 2528 1189 2584 de
1216 2549 1320 2600 qua

306 2610 650 2661 Burmannus
674 2606 736 2660 ad
764 2608 814 2661 X
836 2648 851 2674 ,
879 2609 925 2660 3.
961 2608 1103 2661 lnsra
1121 2647 1135 2674 ‚
1168 2627 1318 2661 versu

309 2687 405 2739 580
422 2727 438 2753 ,
473 2685 678 2756 plenius
721 2688 799 2739 ad
836 2705 987 2738 sacm
1028 2705 1220 2738 vocam.
1255 2713 1321 2726 —

313 2766 450 2830 Quos
474 2775 572 2816 etc.
613 2763 697 2815 De
722 2764 906 2833 triplici
933 2764 1032 2817 hoc
1054 2764 1317 2817 honorum

305 2860 497 2910 genere
514 2842 700 2894 confer
714 2841 825 2894 vll
844 2879 859 2907 ,
887 2844 980 2912 159
1000 2860 1109 2910 sqq.
1128 2842 1318 2893 -Hw

303 2940 454 2983 nera,
481 2920 700 2973 donaria
723 2960 738 2985 ,
777 2921 1048 2988 ἅναθῆματα
1073 2961 1089 2986 ,
1118 2940 1232 2989 quae
1254 2921 1323 2973 ti-

308 2998 417 3051 tulo
446 2999 621 3068 aliquo
657 2998 901 3067 insignita
925 2998 978 3050 in
1007 3000 1213 3067 templis
1236 2999 1318 3052 vel

302 3076 760 3145 suspendebantur
776 3116 790 3142 ,
809 3076 889 3129 vel
910 3079 1317 3145 reponebantur.

306 3182 372 3195 -
390 3155 586 3207 Acerra
606 3159 759 3215 tuns,
788 3164 871 3207 tus
890 3175 902 3216 ς
930 3154 1207 3208 continens
1222 3174 1318 3224 pro

304 3241 573 3284 contento.
591 3230 750 3284 Forte
767 3230 916 3285 alicui
933 3250 961 3283 e
978 3230 1139 3284 MSS.
1155 3233 1320 3286 tribus

305 3318 358 3360 et
380 3308 565 3377 viginti
588 3307 751 3375 magis
780 3307 973 3376 placeat
993 3314 1186 3362 acet-ns
1208 3349 1221 3369 ,
1258 3318 1320 3362 ut

301 3384 588 3442 multitudo
635 3383 767 3437 turis
806 3385 1006 3438 accensi
1040 3384 1316 3439 indicetur.

305 3464 384 3517 lv
401 3501 418 3529 ‚
464 3461 559 3532 758
579 3501 594 3527 ,
627 3466 787 3528 largis
811 3467 1067 3514 sanantur
1086 3464 1319 3516 odoribus

301 3547 466 3608 ignea·
494 3541 626 3606 Vll,
650 3541 759 3606 160,
780 3544 1322 3609 congestaqueflamma

314 3620 447 3672 Tura
467 3619 729 3686 liquefiunt
744 3637 759 3670 .·
777 3617 868 3671 sed
889 3628 942 3671 et
960 3618 1084 3671 AEu.
1104 3619 1176 3684 V,
1195 3621 1286 3688 745
1301 3658 1315 3684 ,

298 3699 449 3761 plena
474 3698 688 3762 supplex
707 3705 966 3748 metatur
982 3715 1169 3748 acerra.
1201 3693 1318 3749 Ce-

304 3783 476 3826 terum
497 3784 609 3826 tute
623 3773 720 3826 illis
737 3775 1054 3844 temporibus
1074 3774 1317 3828 nondum

304 3852 690 3904 venerabantur
703 3851 862 3904 Deos.
878 3878 946 3891 -
955 3852 1066 3904 Pro
1078 3855 1308 3911 adorant,

303 3927 446 3994 quod
478 3927 694 3982 dederat
732 3929 982 3982 Heinsius
1018 3949 1047 3982 e
1087 3930 1319 3998 pluribus

307 4004 475 4059 MSS.
500 4045 515 4070 ‚
554 4008 790 4061 revocavi
813 4011 1071 4062 honorant.
1103 4008 1317 4061 Etenim

302 4089 550 4140 bonorare
578 4090 719 4142 Deos
740 4093 961 4157 templis,
987 4094 1095 4141 aris
1116 4128 1129 4150 ,
1165 4092 1319 4140 vt’cti-

301 4171 398 4216 ants
412 4167 657 4220 sormulae
670 4166 929 4221 solemnes
954 4165 1090 4236 apud
1108 4165 1318 4219 Groecos

301 4252 356 4294 et
382 4242 610 4296 latinos.
638 4244 753 4313 Ipsa
775 4264 915 4298 sacra
942 4246 1209 4314 eleganter
1224 4246 1319 4295 bo-

300 4338 445 4373 nores
456 4318 723 4375 dicuntur.
737 4321 867 4376 Mox
879 4324 1173 4390 versuasso,
1195 4320 1318 4375 Dia-

1413 2162 1482 2195 na
1510 2163 1563 2196 se
1586 2145 1933 2195 inhonoratam
1952 2152 2116 2196 vocat.
2139 2140 2290 2210 Regii
2305 2159 2425 2194 nos·

1418 2222 1486 2275 tri
1509 2221 1706 2274 habent
1730 2224 1959 2274 adorant.

1479 2298 1588 2367 267.
1628 2300 1863 2365 Spargere
1888 2317 2062 2350 nomen
2077 2337 2089 2358 ‚
2124 2307 2182 2349 ut
2206 2315 2434 2364 spargere

1411 2394 1644 2427 rumores.
1662 2402 1728 2415 —
1747 2377 1893 2440 Vaga
1906 2392 2022 2425 earn
2037 2374 2200 2441 ipsam
2217 2371 2283 2423 ob
2305 2389 2431 2423 cau-

1413 2470 1523 2503 um
1543 2490 1557 2516 ,
1596 2450 1736 2519 quod
1763 2450 1862 2503 late
1889 2450 2081 2519 spargit
2113 2466 2352 2501 rumores
2375 2456 2429 2500 et

1414 2530 1648 2583 nomina.
1666 2555 1732 2568 -—
1745 2531 1904 2582 Dives
1919 2567 1934 2590 ,
1965 2527 2184 2593 scilicet,
2208 2524 2431 2597 populo-

1412 2629 1549 2663 rum.
1574 2610 1737 2662 Multi
1755 2609 1855 2674 illi,
1875 2628 2006 2677 quos
2024 2601 2260 2673 Acbae‘aj
2285 2605 2447 2659 Gra>⁴

1413 2687 1518 2753 cia,
1551 2692 1709 2754 cepit,
1740 2686 1927 2752 habet,
1959 2684 2136 2755 populi
2162 2702 2287 2737 eum
2312 2683 2425 2735 im·-

1412 2766 1696 2835 ploravere.
1732 2765 1792 2820 ld
1812 2784 1997 2819 verum
2022 2775 2114 2818 est.
2142 2763 2272 2819 Inde
2290 2780 2426 2832 pro-—

1412 2844 1651 2896 verbium
1677 2882 1691 2909 ,
1740 2849 1813 2898 οὐκ
1843 2847 1944 2897 ἄνευ
1975 2868 2024 2912 γε
2060 2846 2245 2904 Θησέως
2271 2880 2286 2907 ,
2320 2857 2427 2909 quo

1413 2922 1654 2973 omnium
1683 2940 1864 2975 rerum
1901 2922 2113 2975 societas
2149 2919 2425 2973 indicaba-

1415 3008 1513 3051 tur.
1538 3000 1738 3052 Zenob.
1762 3001 1831 3067 V,
1854 3001 2269 3070 33.—Calydon,
2302 2996 2427 3052 Ole-

1412 3097 1537 3143 nos,
1563 3077 1794 3132 Pleuron
1818 3118 1833 3145 ‚
1864 3079 2016 3131 urbes
2043 3077 2252 3130 AEtoliae
2275 3077 2423 3130 cele-

1410 3155 1668 3208 ben-imae.
1679 3183 1746 3195 —
1761 3158 1998 3222 Quantus
2015 3157 2298 3222 Meleagron
2315 3171 2333 3217 ‚⁶
2354 3155 2426 3207 sic

1412 3234 1532 3286 satis
1546 3243 1602 3286 et
1619 3232 1822 3286 Thesea
1839 3243 1894 3286 et
1918 3234 2224 3302 Meleagron
2251 3231 2425 3285 laudat

1415 3312 1587 3365 simul.

1478 3412 1588 3460 ²7¹·
1634 3394 1803 3445 Causa
1830 3395 2040 3456 petendi
2064 3393 2161 3443 Sus
2195 3399 2293 3442 etc.
2316 3388 2422 3441 Se-

1413 3470 1594 3538 quitur
1615 3469 1913 3538 perspicua‚
1942 3477 2205 3527 accurata,
2233 3464 2427 3517 multis·

1415 3566 1515 3615 que
1541 3546 1826 3599 luminibus
1847 3554 2093 3598 exornata
2115 3542 2429 3595 narratio.—

1411 3625 1649 3693 Inststae5
1689 3623 2207 3693 Langermannianus
2220 3661 2234 3686 ,
2260 3625 2426 3675 incul-

1410 3716 1500 3765 tae.
1532 3705 2131 3774 neglecta—Famulus,
2156 3721 2251 3772 per
2267 3720 2426 3770 quem

1412 3784 1586 3837 Diana
1612 3781 1893 3836 vindictam
1921 3781 2206 3834 exercebat.
2249 3780 2425 3832 Etiam

1415 3859 1503 3912 Dii
1545 3860 1775 3913 minores
1803 3900 1820 3926 ‚
1862 3878 2090 3929 quorum
2105 3881 2112 3900 τ
2130 3854 2429 3910 ministeriis

1413 3937 1708 4004 superiores
1744 3937 2027 3990 utebantur
2051 3976 2065 4002 ,
2106 3935 2297 3987 horum
2320 3929 2430 3997 sa-

1414 4018 1542 4066 mult'
1574 4013 1837 4066 dicuntur.
1875 4041 1944 4053 —
1975 4013 2247 4064 Successus
2273 4013 2427 4071 anni,

1415 4089 1667 4143 fertilitas.
1686 4117 1754 4128 —
1769 4092 1953 4142 Plenus
1968 4128 1982 4150 ,
2011 4087 2245 4156 frugibus
2263 4087 2431 4139 abun-

1415 4166 1559 4219 dans.
1584 4165 1761 4234 Vulgo
1799 4168 1819 4232 (
1843 4167 1992 4219 sicuti
2017 4175 2070 4218 et
2092 4165 2284 4219 nostris
2308 4163 2430 4218 Co-
2487 4181 2501 4196 ·

1416 4243 1614 4297 dicibus
1634 4241 1849 4313 Regiis)
1881 4242 2057 4296 editur
2063 4248 2256 4311 plenis,
2286 4241 2427 4311 quod

1417 4320 1619 4376 dictum
1638 4361 1653 4389 ‚
1683 4331 1741 4375 ut
1761 4322 1918 4377 Pont.
1939 4322 2039 4391 lv,
2060 4338 2171 4389 vn,
2197 4341 2272 4390 ις,
2289 4323 2442 4389 pleni
