3185 5138
670 579 792 644 116

1221 575 1300 640 P.
1366 574 1735 642 OVIDII
1786 566 2248 640 NASONIS

656 719 795 790 Ora
828 713 1219 790 reformatus
1252 713 1505 814 primos
1541 711 1767 784 Iolaus
1804 711 1876 782 in
1909 738 2138 783 annos,

619 859 634 866 ·
656 836 806 908 Hoc
841 831 937 906 illi
977 831 1245 906 dederat
1276 829 1570 902 Junonia
1602 826 1894 900 muneris
1931 825 2162 912 Hebe,

657 950 850 1023 Victa
881 947 1003 1020 viri
1039 945 1352 1047 precibus
1381 974 1395 1017 ε
1430 972 1572 1045 quae
1608 970 1811 1043 quum
1844 941 2061 1038 jurare
2095 957 2356 1039 pararet

657 1066 854 1139 Dona
888 1063 1288 1137 tributuram
1321 1057 1603 1159 posthac
1637 1085 1706 1129 se
1741 1054 1894 1130 talia
1925 1053 2129 1140 nulli,

654 1183 811 1255 Non
844 1197 945 1254 est
974 1203 1168 1277 passa
1196 1172 1470 1246 Themis
1499 1202 1515 1244 ε
1552 1205 1586 1235 «
1625 1200 1775 1244 nam
1804 1171 1937 1269 jam
1976 1168 2304 1243 discordia
2334 1166 2580 1242 Tbebae

661 1330 696 1361 »
734 1294 922 1370 Bella
944 1307 1244 1377 movent,
1284 1288 1489 1374 dixit3
1528 1288 2008 1387 Capaneusque
2037 1285 2167 1359 nisi
2194 1285 2276 1376 ab
2303 1287 2471 1359 Jove
2499 1284 2673 1358 vinci

662 1449 698 1480 ›>
735 1411 939 1486 Haud
974 1408 1258 1514 poterit,
1296 1407 1627 1503 ibuntque
1659 1430 1851 1504 pares
1885 1402 1955 1474 in
1986 1399 2256 1473 vulnera
2293 1400 2570 1488 fratres3

663 1562 697 1593 »τ
738 1524 1212 1623 subductaque
1245 1549 1407 1594 suos
1434 1547 1663 1592 manes
1698 1515 1933 1590 tellure
1966 1516 2215 1589 videbit

2696 1418 2794 1488 405

665 1678 700 1709 2»
737 1642 948 1714 Vivus
982 1637 1197 1712 adhuc
1231 1653 1447 1720 vates3
1485 1633 1800 1732 ultusque
1835 1649 2105 1731 parente
2138 1646 2475 1731 parentem

665 1793 700 1824 »
739 1760 994 1841 NatuS‚
1029 1752 1155 1826 erit
1185 1749 1360 1824 facto
1395 1748 1548 1848 pius
1580 1763 1649 1819 et
1681 1744 2035 1818 sceleratus
2072 1743 2301 1818 eodem
2329 1772 2344 1815 z
2426 1727 2433 1740 ¹

673 1908 709 1941 »
745 1870 1231 1966 Attonitusque
1267 1862 1456 1936 malis
1478 1917 1496 1946 ‚
1531 1860 1715 1935 exsul
1750 1860 2121 1961 mentisque
2155 1859 2560 1960 domusque,

669 2027 704 2058 »
742 1987 1064 2064 Vultibus
1091 1978 1536 2057 Eumenidum
1555 2032 1575 2064 ,
1609 1976 1964 2076 matrisque
1993 1974 2356 2069 agitabitur
2380 1973 2669 2062 umbris3
2699 1995 2798 2066 410

665 2169 723 2209 nt
742 2155 841 2218 lv,
862 2153 986 2223 399,
1004 2151 1161 2201 dubia
1172 2165 1288 2198 not.
1307 2144 1546 2211 Lanugo,
1567 2159 1682 2209 quae

663 2248 716 2288 et
732 2238 839 2303 fios
871 2240 1088 2284 vocatur
1106 2267 1120 2295 ,
1148 2225 1233 2279 hic
1267 2222 1457 2276 dicitur
1488 2230 1680 2288 tegere,

663 2313 780 2367 alibi
797 2312 1078 2364 inumbrare
1093 2315 1148 2358 et
1165 2307 1345 2355 vestire
1363 2318 1547 2370 genas3
1563 2316 1685 2351 con-

660 2396 743 2447 fer
766 2390 914 2459 Virg.
934 2382 1147 2439 AEneid.
1171 2379 1340 2446 VIII,
1372 2379 1494 2441 160;
1520 2375 1686 2430 Clau-

663 2471 803 2524 dian.
830 2465 992 2520 Cons.
1018 2461 1178 2534 Olyb.
1207 2463 1353 2529 ῥα-
1364 2456 1688 2524 Resormatus

658 2541 852 2618 primu}
867 2551 922 2598 in
936 2560 1099 2597 anuos
1116 2557 1134 2604 ,·
1163 2538 1235 2592 ita
1251 2544 1504 2601 mutatus,
1517 2542 1576 2586 ut
1592 2532 1688 2586 ha·-

667 2629 817 2681 beret
835 2624 1072 2677 animum
1096 2617 1391 2687 primorum
1407 2628 1688 2666 annorum.

673 2705 875 2759 Confer
891 2700 1022 2766 Vll,
1038 2698 1134 2770 293
1149 2717 1162 2749 ι
1178 2696 1336 2749 etiam
1355 2694 1410 2746 in
1425 2692 1506 2745 xl
1520 2731 1534 2756 ,
1559 2692 1658 2757 254
1672 2729 1687 2756 ,

669 2782 859 2836 eodem
901 2795 1055 2832 sensu
1098 2773 1342 2841 reformet.
1374 2798 1440 2813 -—
1473 2771 1651 2820 Iolaus
1667 2807 1679 2828 ,

672 2857 881 2930 Iphiclis
903 2856 1040 2908 filius
1055 2892 1070 2920 ,
1098 2849 1344 2904 Herculis
1368 2845 1613 2915 patruelis
1638 2855 1691 2897 et

671 2955 862 2993 comes.

742 3017 857 3084 400.
884 3012 1049 3071 Hebe,
1078 3002 1366 3074 juventutis
1389 2999 1505 3053 Dea
1523 3039 1537 3065 ‚
1564 3018 1693 3069 nup·

677 3101 814 3147 serat
840 3085 1059 3142 Herculi
1079 3084 1135 3135 in
1159 3081 1344 3135 caelum
1370 3089 1592 3149 recepto.

742 3172 856 3239 404.
885 3165 1160 3219 Discordia
1201 3161 1381 3212 Thebe
1413 3160 1547 3209 bella
1583 3176 1697 3209 mo-

680 3260 817 3309 vent,
853 3256 949 3299 etc.
990 3259 1153 3310 usque
1197 3236 1262 3291 ad
1299 3237 1463 3289 finem
1494 3234 1695 3287 fabulae.

683 3324 959 3397 Quoniam
979 3317 1100 3373 satis
1122 3317 1278 3382 longa
1297 3324 1350 3366 et
1366 3311 1696 3366 selectissima

678 3403 967 3476 disquisitio
983 3399 1080 3453 toti
1096 3395 1340 3450 huictoco
1354 3393 1382 3444 s
1378 3392 1450 3443 uit
1465 3390 1696 3459 subjecta

680 3505 709 3537 a
732 3482 934 3536 doctiss.
965 3479 1166 3541 (r‘ietig,
1198 3488 1357 3540 quam
1385 3467 1694 3521 intercidere

679 3562 823 3615 nefas
832 3559 916 3625 sit,
935 3554 1055 3608 ideo
1069 3548 1361 3621 praecedere
1377 3546 1598 3598 omnino
1612 3544 1696 3597 de·

680 3638 811 3692 bent
833 3634 987 3686 variae
1013 3631 1256 3684 lectiones
1281 3665 1295 3692 ,
1333 3636 1447 3677 tum
1473 3642 1546 3675 eae
1572 3642 1699 3692 quas

685 3714 749 3769 ad
769 3713 911 3765 hunc
934 3710 1106 3762 locum
1129 3702 1306 3758 retulit
1325 3701 1469 3753 idem
1491 3703 1695 3766 Gierig,

683 3806 801 3849 tum
823 3808 949 3860 quas
967 3782 1360 3854 suppeditavere
1383 3779 1532 3832 nobis
1548 3778 1699 3846 Regii

673 3870 847 3927 nostri
889 3864 1112 3919 Codices
1138 3900 1152 3925 ,
1201 3870 1253 3911 et
1298 3857 1700 3910 studiosissimus

680 3949 856 4002 editor
900 3945 1157 3996 Variorum
1192 3933 1552 4002 Cnippingius.
1600 3933 1700 3983 Ed.

682 4027 900 4078 -Bella
914 4026 1134 4080 moveam·
1160 4032 1296 4066 unus
1316 4010 1594 4063 vossianus
1611 4008 1702 4061 ha·

689 4105 777 4157 bet
813 4106 1049 4162 maneat,·
1095 4092 1226 4145 inde.
1255 4089 1504 4143 Heinsius
1542 4088 1701 4140 etiam

698 4178 895 4234 Thebas
917 4176 1140 4229 malebat
1165 4192 1178 4223 ι
1202 4170 1312 4224 sine
1344 4188 1524 4232 causan
1563 4168 1701 4220 Vir-

690 4260 839 4335 gilius
863 4256 1005 4309 enim
1026 4292 1040 4319 ,
1070 4251 1262 4318 Georg.
1294 4249 1352 4314 1,
1379 4251 1476 4312 405
1499 4287 1514 4313 ,
1546 4257 1707 4299 movet

687 4338 970 4404 Euphrates
981 4326 1396 4394 bellante-Regii
1407 4326 1567 4378 nostri
1576 4364 1590 4387 ,
1603 4344 1681 4377 mo
1694 4353 1702 4362 ·

1780 2148 1903 2194 vent.
1928 2167 1996 2178 —
2012 2141 2176 2191 Haud
2184 2142 2395 2205 poloni,
2425 2141 2657 2206 ibuntque
2678 2156 2799 2191 cor-

1782 2218 1913 2271 rexit
1958 2217 2206 2271 Heinsius
2235 2238 2249 2281 ;
2296 2215 2452 2285 vulgo
2476 2219 2702 2286 fientque
2745 2227 2799 2269 et

1782 2295 2022 2349 nonnulli
2047 2295 2205 2348 etiam
2233 2301 2288 2348 in
2311 2299 2541 2360 vulnerc‚·
2577 2295 2798 2348 Floren-

1782 2376 1923 2430 tinus
1944 2374 1997 2429 S.
2019 2374 2187 2427 Marci
2197 2369 2508 2441 flebuntque,
2543 2372 2691 2427 multi
2715 2377 2797 2426 dc-

1767 2458 2003 2524 flentque.
2019 2480 2087 2493 —
2104 2451 2255 2520 Regii
2279 2452 2734 2519 nostri-deflentque
2746 2457 2801 2504 in

1782 2536 1998 2586 vulnere.
2016 2530 2228 2585 Caesura
2241 2549 2351 2584 non
2364 2530 2534 2584 obstat
2550 2569 2564 2596 ‚
2581 2549 2677 2584 cur
2689 2548 2800 2584 non

1786 2612 2090 2680 praeseratur
2135 2614 2278 2663 ibunt
2302 2627 2318 2672 ‚·
2363 2608 2520 2678 hujus
2567 2608 2800 2680 exempla

1786 2706 1895 2739 non
1914 2687 2103 2740 desunt
2122 2686 2258 2756 apud
2278 2688 2556 2740 Nostrum:
2570 2685 2768 2738 lib.V11
2784 2726 2800 2750 ‚

1786 2762 1845 2815 51
1866 2803 1881 2829 ,
1908 2765 1982 2815 E!
2000 2766 2105 2816 Dis
2127 2782 2251 2816 cara
2257 2763 2423 2831 serat,
2454 2772 2507 2816 et
2526 2768 2709 2816 vertioe
2728 2768 2806 2814 si-

1787 2844 1909 2893 dera
1927 2850 2165 2909 langorem
2195 2841 2293 2907 644
2312 2880 2327 2907 ,
2358 2859 2621 2909 querorque
2640 2842 2702 2891 1ae
2719 2858 2807 2891 su·-

1779 2923 1918 2986 peris
1932 2924 2042 2986 opis
2057 2937 2169 2971 esse
2180 2923 2337 2981 niba,-
2365 2928 2427 2970 αἱ
2440 2925 2494 2971 itt
2505 2921 2695 2971 edibus
2707 2929 2806 2971 etc.

1786 2995 1873 3048 lib.
1899 2996 1951 3048 X
1976 3035 1992 3063 ‚
2028 2998 2129 3068 98„
2165 3000 2239 3049 Et
2268 3000 2464 3049 bicolor
2492 3006 2682 3066 myrtus
2700 3036 2713 3057 ,
2758 3005 2810 3047 ct

1788 3076 1961 3126 baccis
1992 3078 2176 3127 cerula
2207 3081 2380 3137 tiam:
2422 3076 2520 3145 459
2535 3112 2550 3138 ,
2571 3072 2808 3141 fugitque

1788 3153 1864 3205 E!
1883 3156 2040 3213 color,
2068 3164 2122 3205 e!
2141 3158 2351 3220 sanguis·
2377 3173 2392 3205 .·
2414 3158 2707 3219 amotusque
2731 3171 2806 3203 re-

1789 3231 1972 3297 linquit
1987 3239 2213 3294 σηπίαις
2242 3228 2394 3295 XIV,
2423 3232 2520 3281 250
2539 3267 2554 3294 ,
2580 3226 2799 3295 ubi·pie—

1791 3308 1941 3377 rique
1974 3302 2318 3375 ’vetustior-es,
2354 3310 2435 3360 Ire
2463 3311 2796 3376 negabamus.

1790 3395 1843 3436 c!
1859 3395 1995 3438 tecta
2015 3393 2189 3454 ignota
2211 3389 2377 3439 subire
2390 3426 2403 3446 ,
2437 3385 2555 3438 vide
2582 3405 2699 3454 quae
2724 3384 2808 3436 di·-

1790 3474 1979 3516 centur
1991 3464 2054 3517 dd
2072 3463 2399 3518 hunclocum
2419 3484 2432 3517 :
2452 3462 2577 3528 XV,
2596 3464 2713 3529 634,
2737 3464 2811 3514 E!

1790 3546 1955 3607 Iocus,
1981 3554 2032 3596 et
2049 3547 2247 3603 laurus,
2272 3553 2344 3603 et,
2375 3561 2502 3610 quas
2520 3544 2673 3593 habe!
2684 3543 2801 3599 illa,

1783 3622 2064 3686 phare-Ire:
2091 3631 2338 3688 praeterea
2370 3619 2617 3689 Yirgilius
2636 3657 2650 3684 ,
2681 3617 2804 3669 AEn.

1794 3698 1845 3750 X
1863 3738 1877 3762 ,
1904 3699 2029 3770 394,
2054 3702 2186 3751 Nam
2201 3703 2320 3759 libi,
2359 3700 2629 3768 Thymbre,
2659 3706 2813 3763 caput

1793 3780 2079 3830 Evandrius
2120 3780 2335 3830 abstulit
2380 3780 2532 3829 enselr.
2573 3776 2805 3828 Florent-

1794 3866 1972 3909 tamen
2010 3854 2167 3909 habet
2203 3857 2631 3920 Haudpoterunt,
2666 3850 2807 3921 quod

1793 3952 1971 3987 sensus
1991 3933 2181 4000 rejicit.
2211 3931 2401 3985 Edss—
2424 3933 2804 4001 ὁὶιᾷἄιιεῖαφηη

1793 4011 2132 4063 Burmannus
2169 4007 2313 4062 dedit
2346 4010 2683 4075 seductaquc5
2716 4008 2806 4061 sed

1794 4103 1848 4145 et
1863 4091 2044 4145 suadet
2058 4094 2288 4150 diducta,
2318 4100 2407 4141 aut
2421 4107 2542 4141 cum
2558 4105 2667 4140 uno
2684 4088 2808 4139 Am·

1793 4170 2036 4222 brosiano
2071 4170 2250 4219 divisa.
2286 4166 2571 4236 vulgatum
2610 4165 2815 4218 dictum

1794 4257 1854 4298 ut
1887 4245 2024 4315 apud
2060 4242 2243 4310 Vix-git.
2274 4242 2492 4296 AEneid.
2520 4241 2639 4307 ΙΙΙ,
2676 4242 2772 4294 565
2795 4280 2810 4307 ,

1794 4327 2041 4375 subducta
2071 4323 2149 4373 ad
2173 4340 2347 4377 manes
2379 4327 2507 4375 einos
2536 4322 2811 4374 desidimus
