<?xml version="1.0" encoding="UTF-8"?>
<!DOCTYPE html PUBLIC "-//W3C//DTD XHTML 1.0 Transitional//EN"
    "http://www.w3.org/TR/xhtml1/DTD/xhtml1-transitional.dtd">
<html xmlns="http://www.w3.org/1999/xhtml" xml:lang="en" lang="en">
 <head>
  <title>
</title>
<meta http-equiv="Content-Type" content="text/html;charset=utf-8" />
  <meta name='ocr-system' content='tesseract 3.04.00' />
  <meta name='ocr-capabilities' content='ocr_page ocr_carea ocr_par ocr_line ocrx_word'/>
</head>
<body>
  <div class='ocr_page' id='page_1' title='image "./publiusovidiusn02giergoog_0530.png"; bbox 0 0 3185 5138; ppageno 0'>
   <div class='ocr_carea' id='block_1_1' title="bbox 689 509 824 576">
    <p class='ocr_par' dir='ltr' id='par_1_1' title="bbox 689 509 824 576">
     <span class='ocr_line' id='line_1_1' title="bbox 689 509 824 576; baseline 0.007 -1"><span class='ocrx_word' id='word_1_1' title='bbox 689 509 824 576; x_wconf 83' lang='lat'><strong>518</strong></span> 
     </span>
    </p>
   </div>
   <div class='ocr_carea' id='block_1_2' title="bbox 1255 506 2285 578">
    <p class='ocr_par' dir='ltr' id='par_1_2' title="bbox 1255 506 2285 578">
     <span class='ocr_line' id='line_1_2' title="bbox 1255 506 2285 578; baseline 0.005 -5"><span class='ocrx_word' id='word_1_2' title='bbox 1255 506 1337 573; x_wconf 88' lang='lat' dir='ltr'><strong>P.</strong></span> <span class='ocrx_word' id='word_1_3' title='bbox 1404 507 1761 577; x_wconf 87' lang='lat' dir='ltr'>OVIDII</span> <span class='ocrx_word' id='word_1_4' title='bbox 1832 507 2285 578; x_wconf 84' lang='lat' dir='ltr'><strong>NASONIS</strong></span> 
     </span>
    </p>
   </div>
   <div class='ocr_carea' id='block_1_3' title="bbox 687 646 2857 1685">
    <p class='ocr_par' dir='ltr' id='par_1_3' title="bbox 689 646 2716 864">
     <span class='ocr_line' id='line_1_3' title="bbox 689 646 2716 749; baseline 0.003 -28"><span class='ocrx_word' id='word_1_5' title='bbox 689 646 944 723; x_wconf 85' lang='lat' dir='ltr'><strong>Fundit</strong></span> <span class='ocrx_word' id='word_1_6' title='bbox 979 646 1270 743; x_wconf 82' lang='lat' dir='ltr'>Anigros</span> <span class='ocrx_word' id='word_1_7' title='bbox 1299 673 1513 748; x_wconf 85' lang='lat' dir='ltr'><strong>aquas</strong></span> <span class='ocrx_word' id='word_1_8' title='bbox 1535 701 1555 734; x_wconf 92' lang='lat'><strong>,</strong></span> <span class='ocrx_word' id='word_1_9' title='bbox 1592 664 1948 749; x_wconf 86' lang='lat' dir='ltr'><strong>postquam</strong></span> <span class='ocrx_word' id='word_1_10' title='bbox 1971 704 1991 737; x_wconf 93' lang='lat'><strong>,</strong></span> <span class='ocrx_word' id='word_1_11' title='bbox 2027 648 2158 724; x_wconf 82' lang='lat' dir='ltr'><strong>nisi</strong></span> <span class='ocrx_word' id='word_1_12' title='bbox 2191 649 2455 725; x_wconf 84' lang='lat' dir='ltr'><strong>vatibus</strong></span> <span class='ocrx_word' id='word_1_13' title='bbox 2490 654 2716 728; x_wconf 87' lang='lat' dir='ltr'><strong>omnis</strong></span> 
     </span>
     <span class='ocr_line' id='line_1_4' title="bbox 689 763 2161 864; baseline 0.002 -26"><span class='ocrx_word' id='word_1_14' title='bbox 689 764 1054 864; x_wconf 86' lang='lat' dir='ltr'><strong>Eripienda</strong></span> <span class='ocrx_word' id='word_1_15' title='bbox 1083 763 1248 838; x_wconf 85' lang='lat' dir='ltr'><strong>fides</strong></span> <span class='ocrx_word' id='word_1_16' title='bbox 1273 820 1293 853; x_wconf 91' lang='lat'><strong>,</strong></span> <span class='ocrx_word' id='word_1_17' title='bbox 1330 763 1468 837; x_wconf 86' lang='lat' dir='ltr'><strong>illic</strong></span> <span class='ocrx_word' id='word_1_18' title='bbox 1503 763 1717 839; x_wconf 83' lang='lat' dir='ltr'><strong>lavere</strong></span> <span class='ocrx_word' id='word_1_19' title='bbox 1749 764 2161 841; x_wconf 82' lang='lat' dir='ltr'><strong>Bimembres</strong></span> 
     </span>
    </p>

    <p class='ocr_par' dir='ltr' id='par_1_4' title="bbox 687 879 2419 983">
     <span class='ocr_line' id='line_1_5' title="bbox 687 879 2419 983; baseline 0.005 -33"><span class='ocrx_word' id='word_1_20' title='bbox 687 879 981 954; x_wconf 84' lang='lat' dir='ltr'><strong>Vulnera</strong></span> <span class='ocrx_word' id='word_1_21' title='bbox 1009 938 1029 970; x_wconf 92' lang='lat'><strong>,</strong></span> <span class='ocrx_word' id='word_1_22' title='bbox 1069 879 1376 977; x_wconf 85' lang='lat' dir='ltr'><strong>clavigeri</strong></span> <span class='ocrx_word' id='word_1_23' title='bbox 1414 909 1561 983; x_wconf 83' lang='lat' dir='ltr'><strong>quae</strong></span> <span class='ocrx_word' id='word_1_24' title='bbox 1589 881 1834 956; x_wconf 82' lang='lat' dir='ltr'><strong>fecerat</strong></span> <span class='ocrx_word' id='word_1_25' title='bbox 1867 880 2177 956; x_wconf 86' lang='lat' dir='ltr'><strong>Herculis</strong></span> <span class='ocrx_word' id='word_1_26' title='bbox 2210 912 2419 958; x_wconf 78' lang='lat' dir='ltr'><strong>arcus,</strong></span> 
     </span>
    </p>

    <p class='ocr_par' dir='ltr' id='par_1_5' title="bbox 692 997 2857 1210">
     <span class='ocr_line' id='line_1_6' title="bbox 692 997 2857 1101; baseline 0.004 -30"><span class='ocrx_word' id='word_1_27' title='bbox 692 997 933 1095; x_wconf 82' lang='lat' dir='ltr'><strong>Quid?</strong></span> <span class='ocrx_word' id='word_1_28' title='bbox 960 1029 1096 1073; x_wconf 92' lang='lat' dir='ltr'><strong>non</strong></span> <span class='ocrx_word' id='word_1_29' title='bbox 1129 1017 1195 1073; x_wconf 87' lang='lat' dir='ltr'><strong>et</strong></span> <span class='ocrx_word' id='word_1_30' title='bbox 1227 998 1555 1101; x_wconf 77' lang='lat' dir='ltr'><strong>Scythicis</strong></span> <span class='ocrx_word' id='word_1_31' title='bbox 1592 998 1893 1101; x_wconf 84' lang='lat' dir='ltr'>Hypanis</span> <span class='ocrx_word' id='word_1_32' title='bbox 1930 998 2009 1074; x_wconf 88' lang='lat' dir='ltr'><strong>de</strong></span> <span class='ocrx_word' id='word_1_33' title='bbox 2044 1000 2396 1076; x_wconf 86' lang='lat' dir='ltr'><strong>montibus</strong></span> <span class='ocrx_word' id='word_1_34' title='bbox 2431 1019 2622 1076; x_wconf 86' lang='lat' dir='ltr'><strong>ortus</strong></span> <span class='ocrx_word' id='word_1_35' title='bbox 2642 1060 2664 1094; x_wconf 90' lang='lat'><strong>,</strong></span> <span class='ocrx_word' id='word_1_36' title='bbox 2745 1027 2857 1079; x_wconf 77' lang='lat'><strong>285</strong></span> 
     </span>
     <span class='ocr_line' id='line_1_7' title="bbox 694 1113 2293 1210; baseline 0.002 -23"><span class='ocrx_word' id='word_1_37' title='bbox 694 1113 839 1210; x_wconf 84' lang='lat' dir='ltr'><strong>Qui</strong></span> <span class='ocrx_word' id='word_1_38' title='bbox 877 1115 1090 1189; x_wconf 87' lang='lat' dir='ltr'><strong>fuerat</strong></span> <span class='ocrx_word' id='word_1_39' title='bbox 1122 1114 1336 1189; x_wconf 87' lang='lat' dir='ltr'><strong>dulcis</strong></span> <span class='ocrx_word' id='word_1_40' title='bbox 1358 1171 1377 1205; x_wconf 92' lang='lat'><strong>,</strong></span> <span class='ocrx_word' id='word_1_41' title='bbox 1414 1115 1668 1191; x_wconf 81' lang='lat' dir='ltr'><strong>salibus</strong></span> <span class='ocrx_word' id='word_1_42' title='bbox 1701 1115 1974 1189; x_wconf 85' lang='lat' dir='ltr'><strong>vitiatur</strong></span> <span class='ocrx_word' id='word_1_43' title='bbox 2004 1116 2293 1190; x_wconf 82' lang='lat' dir='ltr'><strong>amaris?</strong></span> 
     </span>
    </p>

    <p class='ocr_par' dir='ltr' id='par_1_6' title="bbox 688 1227 2451 1332">
     <span class='ocr_line' id='line_1_8' title="bbox 688 1227 2451 1332; baseline 0.001 -29"><span class='ocrx_word' id='word_1_44' title='bbox 688 1227 1041 1304; x_wconf 88' lang='lat' dir='ltr'><strong>Fluctibus</strong></span> <span class='ocrx_word' id='word_1_45' title='bbox 1076 1228 1339 1306; x_wconf 71' lang='lat' dir='ltr'><strong>ambitae</strong></span> <span class='ocrx_word' id='word_1_46' title='bbox 1376 1230 1640 1306; x_wconf 87' lang='lat' dir='ltr'><strong>fuerant</strong></span> <span class='ocrx_word' id='word_1_47' title='bbox 1662 1230 1978 1319; x_wconf 85' lang='lat' dir='ltr'><strong>Antissa,</strong></span> <span class='ocrx_word' id='word_1_48' title='bbox 2014 1231 2404 1332; x_wconf 86' lang='lat' dir='ltr'><strong>Pharosque</strong></span> <span class='ocrx_word' id='word_1_49' title='bbox 2431 1289 2451 1320; x_wconf 92' lang='lat'><strong>,</strong></span> 
     </span>
    </p>

    <p class='ocr_par' dir='ltr' id='par_1_7' title="bbox 689 1346 2613 1554">
     <span class='ocr_line' id='line_1_9' title="bbox 691 1346 2613 1449; baseline 0.003 -31"><span class='ocrx_word' id='word_1_50' title='bbox 691 1347 786 1419; x_wconf 82' lang='lat' dir='ltr'><strong>Et</strong></span> <span class='ocrx_word' id='word_1_51' title='bbox 820 1346 1164 1421; x_wconf 88' lang='lat' dir='ltr'><strong>Phoenissa</strong></span> <span class='ocrx_word' id='word_1_52' title='bbox 1198 1348 1458 1449; x_wconf 83' lang='lat' dir='ltr'><strong>Tyros;</strong></span> <span class='ocrx_word' id='word_1_53' title='bbox 1495 1377 1776 1449; x_wconf 88' lang='lat' dir='ltr'><strong>quarum</strong></span> <span class='ocrx_word' id='word_1_54' title='bbox 1812 1377 1993 1422; x_wconf 90' lang='lat' dir='ltr'><strong>nunc</strong></span> <span class='ocrx_word' id='word_1_55' title='bbox 2023 1346 2246 1421; x_wconf 84' lang='lat' dir='ltr'><strong>insula</strong></span> <span class='ocrx_word' id='word_1_56' title='bbox 2276 1347 2461 1423; x_wconf 89' lang='lat' dir='ltr'><strong>nulla</strong></span> <span class='ocrx_word' id='word_1_57' title='bbox 2489 1366 2613 1424; x_wconf 87' lang='lat' dir='ltr'><strong>est.</strong></span> 
     </span>
     <span class='ocr_line' id='line_1_10' title="bbox 689 1463 2319 1554; baseline 0.002 -19"><span class='ocrx_word' id='word_1_58' title='bbox 689 1463 996 1537; x_wconf 84' lang='lat' dir='ltr'><strong>Leucada</strong></span> <span class='ocrx_word' id='word_1_59' title='bbox 1030 1464 1414 1539; x_wconf 84' lang='lat' dir='ltr'><strong>continuam</strong></span> <span class='ocrx_word' id='word_1_60' title='bbox 1445 1483 1698 1541; x_wconf 84' lang='lat' dir='ltr'><strong>veteres</strong></span> <span class='ocrx_word' id='word_1_61' title='bbox 1733 1465 2024 1541; x_wconf 84' lang='lat' dir='ltr'><strong>habuere</strong></span> <span class='ocrx_word' id='word_1_62' title='bbox 2064 1465 2319 1554; x_wconf 90' lang='lat' dir='ltr'><strong>coloni;</strong></span> 
     </span>
    </p>

    <p class='ocr_par' dir='ltr' id='par_1_8' title="bbox 692 1580 2852 1685">
     <span class='ocr_line' id='line_1_11' title="bbox 692 1580 2852 1685; baseline 0.003 -33"><span class='ocrx_word' id='word_1_63' title='bbox 692 1580 891 1653; x_wconf 88' lang='lat' dir='ltr'><strong>Nunc</strong></span> <span class='ocrx_word' id='word_1_64' title='bbox 922 1580 1088 1654; x_wconf 81' lang='lat' dir='ltr'><strong>freta</strong></span> <span class='ocrx_word' id='word_1_65' title='bbox 1121 1581 1506 1658; x_wconf 86' lang='lat' dir='ltr'><strong>circueunt:</strong></span> <span class='ocrx_word' id='word_1_66' title='bbox 1538 1582 1778 1658; x_wconf 88' lang='lat' dir='ltr'><strong>Zancle</strong></span> <span class='ocrx_word' id='word_1_67' title='bbox 1813 1611 2082 1685; x_wconf 91' lang='lat' dir='ltr'><strong>quoque</strong></span> <span class='ocrx_word' id='word_1_68' title='bbox 2105 1583 2339 1683; x_wconf 86' lang='lat' dir='ltr'><strong>juncta</strong></span> <span class='ocrx_word' id='word_1_69' title='bbox 2376 1582 2579 1657; x_wconf 85' lang='lat' dir='ltr'><strong>fuisse</strong></span> <span class='ocrx_word' id='word_1_70' title='bbox 2741 1620 2852 1676; x_wconf 77' lang='lat'><strong>²9⁰</strong></span> 
     </span>
    </p>
   </div>
   <div class='ocr_carea' id='block_1_4' title="bbox 690 1774 1731 4363">
    <p class='ocr_par' dir='ltr' id='par_1_9' title="bbox 690 1774 1731 4363">
     <span class='ocr_line' id='line_1_12' title="bbox 690 1774 1722 1841; baseline 0.006 -13"><span class='ocrx_word' id='word_1_71' title='bbox 690 1794 782 1841; x_wconf 84' lang='lat' dir='ltr'><strong>re,</strong></span> <span class='ocrx_word' id='word_1_72' title='bbox 803 1785 864 1828; x_wconf 90' lang='lat' dir='ltr'><strong>ut</strong></span> <span class='ocrx_word' id='word_1_73' title='bbox 881 1774 1099 1832; x_wconf 63' lang='lat' dir='ltr'><strong>Catane</strong></span> <span class='ocrx_word' id='word_1_74' title='bbox 1118 1778 1235 1831; x_wconf 87' lang='lat' dir='ltr'><strong>urbi</strong></span> <span class='ocrx_word' id='word_1_75' title='bbox 1257 1778 1604 1834; x_wconf 66' lang='lat' dir='ltr'><strong>inundatione</strong></span> <span class='ocrx_word' id='word_1_76' title='bbox 1627 1801 1722 1835; x_wconf 83' lang='lat' dir='ltr'><strong>sua</strong></span> 
     </span>
     <span class='ocr_line' id='line_1_13' title="bbox 692 1856 1721 1924; baseline 0.009 -18"><span class='ocrx_word' id='word_1_77' title='bbox 692 1869 942 1923; x_wconf 79' lang='lat' dir='ltr'><strong>magnam</strong></span> <span class='ocrx_word' id='word_1_78' title='bbox 967 1873 1101 1924; x_wconf 62' lang='lat' dir='ltr'><strong>sape</strong></span> <span class='ocrx_word' id='word_1_79' title='bbox 1126 1856 1478 1911; x_wconf 77' lang='lat' dir='ltr'><strong>calamitatem</strong></span> <span class='ocrx_word' id='word_1_80' title='bbox 1500 1859 1721 1915; x_wconf 81' lang='lat' dir='ltr'><strong>adferat.</strong></span> 
     </span>
     <span class='ocr_line' id='line_1_14' title="bbox 758 1933 1723 2004; baseline 0.008 -21"><span class='ocrx_word' id='word_1_81' title='bbox 758 1934 874 1984; x_wconf 80' lang='lat'><strong>281.</strong></span> <span class='ocrx_word' id='word_1_82' title='bbox 908 1933 1131 2000; x_wconf 52' lang='lat' dir='ltr'><strong>Amyros</strong></span> <span class='ocrx_word' id='word_1_83' title='bbox 1145 1973 1159 1993; x_wconf 85' lang='lat'><strong>,</strong></span> <span class='ocrx_word' id='word_1_84' title='bbox 1199 1953 1229 1987; x_wconf 86' lang='lat' dir='ltr'><strong>e</strong></span> <span class='ocrx_word' id='word_1_85' title='bbox 1255 1934 1476 2004; x_wconf 84' lang='lat' dir='ltr'><strong>Lapitha</strong></span> <span class='ocrx_word' id='word_1_86' title='bbox 1491 1976 1506 2003; x_wconf 96' lang='lat'><strong>,</strong></span> <span class='ocrx_word' id='word_1_87' title='bbox 1542 1937 1723 1991; x_wconf 81' lang='lat' dir='ltr'><strong>Arca—</strong></span> 
     </span>
     <span class='ocr_line' id='line_1_15' title="bbox 693 2008 1724 2081; baseline 0.009 -20"><span class='ocrx_word' id='word_1_88' title='bbox 693 2008 795 2063; x_wconf 68' lang='lat' dir='ltr'><strong>dia</strong></span> <span class='ocrx_word' id='word_1_89' title='bbox 807 2021 1009 2078; x_wconf 86' lang='lat' dir='ltr'><strong>monte,</strong></span> <span class='ocrx_word' id='word_1_90' title='bbox 1028 2011 1317 2081; x_wconf 81' lang='lat' dir='ltr'><strong>profluens,</strong></span> <span class='ocrx_word' id='word_1_91' title='bbox 1330 2014 1508 2068; x_wconf 81' lang='lat' dir='ltr'><strong>statim</strong></span> <span class='ocrx_word' id='word_1_92' title='bbox 1528 2034 1559 2069; x_wconf 79' lang='lat' dir='ltr'><strong>a</strong></span> <span class='ocrx_word' id='word_1_93' title='bbox 1571 2014 1724 2070; x_wconf 81' lang='lat' dir='ltr'><strong>fonte</strong></span> 
     </span>
     <span class='ocr_line' id='line_1_16' title="bbox 692 2088 1722 2163; baseline 0.009 -23"><span class='ocrx_word' id='word_1_94' title='bbox 692 2088 925 2157; x_wconf 80' lang='lat' dir='ltr'><strong>graviter</strong></span> <span class='ocrx_word' id='word_1_95' title='bbox 943 2090 1180 2144; x_wconf 87' lang='lat' dir='ltr'><strong>olentem</strong></span> <span class='ocrx_word' id='word_1_96' title='bbox 1196 2111 1386 2162; x_wconf 75' lang='lat' dir='ltr'><strong>aquarn</strong></span> <span class='ocrx_word' id='word_1_97' title='bbox 1403 2093 1577 2162; x_wconf 84' lang='lat' dir='ltr'><strong>vehit,</strong></span> <span class='ocrx_word' id='word_1_98' title='bbox 1603 2113 1722 2163; x_wconf 72' lang='lat' dir='ltr'><strong>quoe</strong></span> 
     </span>
     <span class='ocr_line' id='line_1_17' title="bbox 692 2166 1721 2246; baseline 0.011 -29"><span class='ocrx_word' id='word_1_99' title='bbox 692 2166 857 2237; x_wconf 80' lang='lat' dir='ltr'><strong>pisces</strong></span> <span class='ocrx_word' id='word_1_100' title='bbox 873 2187 985 2222; x_wconf 90' lang='lat' dir='ltr'><strong>non</strong></span> <span class='ocrx_word' id='word_1_101' title='bbox 999 2169 1112 2223; x_wconf 88' lang='lat' dir='ltr'><strong>alit:</strong></span> <span class='ocrx_word' id='word_1_102' title='bbox 1129 2171 1432 2239; x_wconf 75' lang='lat' dir='ltr'><strong>Pausanias,</strong></span> <span class='ocrx_word' id='word_1_103' title='bbox 1449 2173 1520 2246; x_wconf 71' lang='lat' dir='ltr'><strong>V,</strong></span> <span class='ocrx_word' id='word_1_104' title='bbox 1534 2194 1585 2245; x_wconf 86' lang='lat' dir='ltr'><strong>p.</strong></span> <span class='ocrx_word' id='word_1_105' title='bbox 1603 2176 1721 2246; x_wconf 81' lang='lat'><strong>387,</strong></span> 
     </span>
     <span class='ocr_line' id='line_1_18' title="bbox 694 2247 1725 2315; baseline 0.008 -18"><span class='ocrx_word' id='word_1_106' title='bbox 694 2265 910 2315; x_wconf 85' lang='lat' dir='ltr'><strong>gravem</strong></span> <span class='ocrx_word' id='word_1_107' title='bbox 923 2247 1075 2301; x_wconf 87' lang='lat' dir='ltr'><strong>illum</strong></span> <span class='ocrx_word' id='word_1_108' title='bbox 1083 2247 1305 2302; x_wconf 87' lang='lat' dir='ltr'><strong>odorem</strong></span> <span class='ocrx_word' id='word_1_109' title='bbox 1317 2270 1347 2303; x_wconf 87' lang='lat' dir='ltr'><strong>e</strong></span> <span class='ocrx_word' id='word_1_110' title='bbox 1358 2259 1498 2305; x_wconf 80' lang='lat' dir='ltr'><strong>terra</strong></span> <span class='ocrx_word' id='word_1_111' title='bbox 1508 2252 1725 2307; x_wconf 79' lang='lat' dir='ltr'><strong>exsiste-</strong></span> 
     </span>
     <span class='ocr_line' id='line_1_19' title="bbox 693 2327 1725 2397; baseline 0.008 -19"><span class='ocrx_word' id='word_1_112' title='bbox 693 2345 753 2378; x_wconf 85' lang='lat' dir='ltr'><strong>re</strong></span> <span class='ocrx_word' id='word_1_113' title='bbox 771 2336 946 2395; x_wconf 82' lang='lat' dir='ltr'><strong>putat;</strong></span> <span class='ocrx_word' id='word_1_114' title='bbox 962 2327 1052 2381; x_wconf 78' lang='lat' dir='ltr'><strong>sed</strong></span> <span class='ocrx_word' id='word_1_115' title='bbox 1071 2327 1212 2382; x_wconf 84' lang='lat' dir='ltr'><strong>idem</strong></span> <span class='ocrx_word' id='word_1_116' title='bbox 1227 2328 1390 2397; x_wconf 81' lang='lat' dir='ltr'><strong>addit,</strong></span> <span class='ocrx_word' id='word_1_117' title='bbox 1410 2331 1725 2386; x_wconf 69' lang='lat' dir='ltr'><strong>Graecorum</strong></span> 
     </span>
     <span class='ocr_line' id='line_1_20' title="bbox 693 2403 1724 2474; baseline 0.009 -19"><span class='ocrx_word' id='word_1_118' title='bbox 693 2403 820 2459; x_wconf 84' lang='lat' dir='ltr'><strong>alios</strong></span> <span class='ocrx_word' id='word_1_119' title='bbox 833 2404 1038 2460; x_wconf 78' lang='lat' dir='ltr'><strong>tradere</strong></span> <span class='ocrx_word' id='word_1_120' title='bbox 1052 2445 1069 2473; x_wconf 94' lang='lat'><strong>,</strong></span> <span class='ocrx_word' id='word_1_121' title='bbox 1095 2405 1389 2460; x_wconf 82' lang='lat' dir='ltr'><strong>Chironem</strong></span> <span class='ocrx_word' id='word_1_122' title='bbox 1405 2447 1421 2474; x_wconf 95' lang='lat'><strong>,</strong></span> <span class='ocrx_word' id='word_1_123' title='bbox 1438 2407 1563 2463; x_wconf 82' lang='lat' dir='ltr'><strong>alios</strong></span> <span class='ocrx_word' id='word_1_124' title='bbox 1574 2410 1724 2464; x_wconf 87' lang='lat' dir='ltr'><strong>Pole-</strong></span> 
     </span>
     <span class='ocr_line' id='line_1_21' title="bbox 693 2484 1725 2555; baseline 0.004 -17"><span class='ocrx_word' id='word_1_125' title='bbox 693 2503 883 2538; x_wconf 86' lang='lat' dir='ltr'><strong>norem</strong></span> <span class='ocrx_word' id='word_1_126' title='bbox 903 2524 918 2552; x_wconf 93' lang='lat'><strong>,</strong></span> <span class='ocrx_word' id='word_1_127' title='bbox 943 2484 1273 2539; x_wconf 82' lang='lat' dir='ltr'><strong>Centaurum</strong></span> <span class='ocrx_word' id='word_1_128' title='bbox 1291 2496 1346 2540; x_wconf 87' lang='lat' dir='ltr'><strong>et</strong></span> <span class='ocrx_word' id='word_1_129' title='bbox 1363 2485 1534 2555; x_wconf 79' lang='lat' dir='ltr'><strong>ipsum</strong></span> <span class='ocrx_word' id='word_1_130' title='bbox 1550 2528 1565 2554; x_wconf 96' lang='lat'><strong>,</strong></span> <span class='ocrx_word' id='word_1_131' title='bbox 1586 2490 1725 2542; x_wconf 86' lang='lat' dir='ltr'><strong>Her·</strong></span> 
     </span>
     <span class='ocr_line' id='line_1_22' title="bbox 693 2565 1724 2637; baseline 0.003 -17"><span class='ocrx_word' id='word_1_132' title='bbox 693 2566 821 2620; x_wconf 84' lang='lat' dir='ltr'><strong>culis</strong></span> <span class='ocrx_word' id='word_1_133' title='bbox 852 2567 1034 2637; x_wconf 86' lang='lat' dir='ltr'><strong>sagitta</strong></span> <span class='ocrx_word' id='word_1_134' title='bbox 1057 2586 1360 2636; x_wconf 81' lang='lat' dir='ltr'><strong>percussum</strong></span> <span class='ocrx_word' id='word_1_135' title='bbox 1387 2565 1547 2637; x_wconf 85' lang='lat' dir='ltr'><strong>hujus</strong></span> <span class='ocrx_word' id='word_1_136' title='bbox 1576 2568 1724 2623; x_wconf 82' lang='lat' dir='ltr'><strong>fluvii</strong></span> 
     </span>
     <span class='ocr_line' id='line_1_23' title="bbox 695 2644 1722 2720; baseline 0.003 -22"><span class='ocrx_word' id='word_1_137' title='bbox 695 2665 830 2715; x_wconf 85' lang='lat' dir='ltr'><strong>aqua</strong></span> <span class='ocrx_word' id='word_1_138' title='bbox 857 2646 1047 2701; x_wconf 82' lang='lat' dir='ltr'><strong>vulnus</strong></span> <span class='ocrx_word' id='word_1_139' title='bbox 1074 2644 1291 2700; x_wconf 85' lang='lat' dir='ltr'><strong>abluisse</strong></span> <span class='ocrx_word' id='word_1_140' title='bbox 1312 2667 1326 2709; x_wconf 88' lang='lat'><strong>;</strong></span> <span class='ocrx_word' id='word_1_141' title='bbox 1352 2666 1468 2716; x_wconf 77' lang='lat' dir='ltr'><strong>quae</strong></span> <span class='ocrx_word' id='word_1_142' title='bbox 1488 2648 1560 2703; x_wconf 78' lang='lat' dir='ltr'><strong>sic</strong></span> <span class='ocrx_word' id='word_1_143' title='bbox 1578 2688 1596 2714; x_wconf 94' lang='lat'><strong>,</strong></span> <span class='ocrx_word' id='word_1_144' title='bbox 1619 2647 1722 2720; x_wconf 81' lang='lat' dir='ltr'><strong>hy-</strong></span> 
     </span>
     <span class='ocr_line' id='line_1_24' title="bbox 696 2725 1722 2792; baseline 0.004 -15"><span class='ocrx_word' id='word_1_145' title='bbox 696 2725 807 2780; x_wconf 67' lang='lat' dir='ltr'><strong>drae</strong></span> <span class='ocrx_word' id='word_1_146' title='bbox 819 2745 1026 2780; x_wconf 81' lang='lat' dir='ltr'><strong>veneno</strong></span> <span class='ocrx_word' id='word_1_147' title='bbox 1042 2726 1236 2780; x_wconf 82' lang='lat' dir='ltr'><strong>infecta</strong></span> <span class='ocrx_word' id='word_1_148' title='bbox 1251 2766 1266 2792; x_wconf 96' lang='lat'><strong>,</strong></span> <span class='ocrx_word' id='word_1_149' title='bbox 1283 2735 1482 2779; x_wconf 86' lang='lat' dir='ltr'><strong>tetrum</strong></span> <span class='ocrx_word' id='word_1_150' title='bbox 1499 2726 1722 2781; x_wconf 89' lang='lat' dir='ltr'><strong>odorem</strong></span> 
     </span>
     <span class='ocr_line' id='line_1_25' title="bbox 693 2804 1722 2858; baseline 0.001 -3"><span class='ocrx_word' id='word_1_151' title='bbox 693 2804 1027 2856; x_wconf 80' lang='lat' dir='ltr'><strong>contraxerit.</strong></span> <span class='ocrx_word' id='word_1_152' title='bbox 1056 2805 1172 2858; x_wconf 82' lang='lat' dir='ltr'><strong>Hos</strong></span> <span class='ocrx_word' id='word_1_153' title='bbox 1196 2805 1388 2857; x_wconf 81' lang='lat' dir='ltr'><strong>Noster</strong></span> <span class='ocrx_word' id='word_1_154' title='bbox 1407 2816 1614 2858; x_wconf 83' lang='lat' dir='ltr'><strong>secutus</strong></span> <span class='ocrx_word' id='word_1_155' title='bbox 1629 2816 1722 2858; x_wconf 77' lang='lat' dir='ltr'><strong>est.</strong></span> 
     </span>
     <span class='ocr_line' id='line_1_26' title="bbox 695 2880 1720 2949; baseline 0.003 -18"><span class='ocrx_word' id='word_1_156' title='bbox 695 2906 763 2920; x_wconf 91' lang='lat'><strong>—-</strong></span> <span class='ocrx_word' id='word_1_157' title='bbox 777 2880 884 2932; x_wconf 91' lang='lat' dir='ltr'><strong>Pro</strong></span> <span class='ocrx_word' id='word_1_158' title='bbox 900 2883 1195 2933; x_wconf 78' lang='lat' dir='ltr'><strong>bibebantar</strong></span> <span class='ocrx_word' id='word_1_159' title='bbox 1208 2921 1223 2941; x_wconf 87' lang='lat'><strong>,</strong></span> <span class='ocrx_word' id='word_1_160' title='bbox 1246 2880 1392 2949; x_wconf 86' lang='lat' dir='ltr'><strong>quod</strong></span> <span class='ocrx_word' id='word_1_161' title='bbox 1416 2881 1670 2934; x_wconf 74' lang='lat' dir='ltr'><strong>Heinsius</strong></span> <span class='ocrx_word' id='word_1_162' title='bbox 1690 2900 1720 2934; x_wconf 82' lang='lat' dir='ltr'><strong>e</strong></span> 
     </span>
     <span class='ocr_line' id='line_1_27' title="bbox 696 2955 1724 3025; baseline 0.005 -18"><span class='ocrx_word' id='word_1_163' title='bbox 696 2955 904 3009; x_wconf 80' lang='lat' dir='ltr'><strong>duobus</strong></span> <span class='ocrx_word' id='word_1_164' title='bbox 930 2955 1124 3011; x_wconf 84' lang='lat' dir='ltr'><strong>Medic.</strong></span> <span class='ocrx_word' id='word_1_165' title='bbox 1150 2956 1297 3011; x_wconf 87' lang='lat' dir='ltr'><strong>dedit</strong></span> <span class='ocrx_word' id='word_1_166' title='bbox 1314 2997 1331 3025; x_wconf 94' lang='lat'><strong>,</strong></span> <span class='ocrx_word' id='word_1_167' title='bbox 1363 2960 1724 3012; x_wconf 74' lang='lat' dir='ltr'><strong>revocavimus</strong></span> 
     </span>
     <span class='ocr_line' id='line_1_28' title="bbox 696 3035 1722 3099; baseline 0.004 -10"><span class='ocrx_word' id='word_1_168' title='bbox 696 3054 822 3089; x_wconf 87' lang='lat' dir='ltr'><strong>cum</strong></span> <span class='ocrx_word' id='word_1_169' title='bbox 859 3035 1274 3091; x_wconf 78' lang='lat' dir='ltr'><strong>Mitscherlichio</strong></span> <span class='ocrx_word' id='word_1_170' title='bbox 1316 3042 1575 3092; x_wconf 72' lang='lat' dir='ltr'><strong>bibebatur</strong></span> <span class='ocrx_word' id='word_1_171' title='bbox 1594 3079 1608 3099; x_wconf 83' lang='lat'><strong>,</strong></span> <span class='ocrx_word' id='word_1_172' title='bbox 1652 3058 1722 3093; x_wconf 89' lang='lat' dir='ltr'><strong>ne</strong></span> 
     </span>
     <span class='ocr_line' id='line_1_29' title="bbox 695 3112 1725 3183; baseline 0.003 -17"><span class='ocrx_word' id='word_1_173' title='bbox 695 3112 1002 3183; x_wconf 77' lang='lat' dir='ltr'><strong>impeditior</strong></span> <span class='ocrx_word' id='word_1_174' title='bbox 1023 3126 1156 3168; x_wconf 74' lang='lat' dir='ltr'><strong>esset</strong></span> <span class='ocrx_word' id='word_1_175' title='bbox 1183 3114 1316 3169; x_wconf 85' lang='lat' dir='ltr'><strong>ordo</strong></span> <span class='ocrx_word' id='word_1_176' title='bbox 1343 3116 1725 3169; x_wconf 80' lang='lat' dir='ltr'><strong>verborum.—</strong></span> 
     </span>
     <span class='ocr_line' id='line_1_30' title="bbox 697 3193 1724 3264; baseline 0.002 -17"><span class='ocrx_word' id='word_1_177' title='bbox 697 3193 896 3264; x_wconf 78' lang='lat' dir='ltr'><strong>Regius</strong></span> <span class='ocrx_word' id='word_1_178' title='bbox 912 3205 1094 3249; x_wconf 81' lang='lat' dir='ltr'><strong>noster</strong></span> <span class='ocrx_word' id='word_1_179' title='bbox 1113 3195 1161 3247; x_wconf 86' lang='lat' dir='ltr'>B</span> <span class='ocrx_word' id='word_1_180' title='bbox 1184 3193 1324 3248; x_wconf 78' lang='lat' dir='ltr'><strong>solus</strong></span> <span class='ocrx_word' id='word_1_181' title='bbox 1347 3194 1505 3249; x_wconf 88' lang='lat' dir='ltr'><strong>babet</strong></span> <span class='ocrx_word' id='word_1_182' title='bbox 1525 3199 1724 3249; x_wconf 74' lang='lat' dir='ltr'><strong>bibeba-</strong></span> 
     </span>
     <span class='ocr_line' id='line_1_31' title="bbox 699 3272 1720 3344; baseline 0.004 -19"><span class='ocrx_word' id='word_1_183' title='bbox 699 3279 807 3334; x_wconf 80' lang='lat' dir='ltr'><strong>tur,</strong></span> <span class='ocrx_word' id='word_1_184' title='bbox 832 3273 973 3341; x_wconf 86' lang='lat' dir='ltr'><strong>quod</strong></span> <span class='ocrx_word' id='word_1_185' title='bbox 998 3273 1133 3327; x_wconf 84' lang='lat' dir='ltr'><strong>bene</strong></span> <span class='ocrx_word' id='word_1_186' title='bbox 1160 3273 1426 3329; x_wconf 80' lang='lat' dir='ltr'><strong>revocavit</strong></span> <span class='ocrx_word' id='word_1_187' title='bbox 1442 3272 1720 3344; x_wconf 86' lang='lat' dir='ltr'><strong>Gierigius.</strong></span> 
     </span>
     <span class='ocr_line' id='line_1_32' title="bbox 698 3350 1724 3405; baseline 0.003 -3"><span class='ocrx_word' id='word_1_188' title='bbox 698 3350 997 3403; x_wconf 84' lang='lat' dir='ltr'><strong>Ed.-Mox</strong></span> <span class='ocrx_word' id='word_1_189' title='bbox 1020 3350 1362 3404; x_wconf 75' lang='lat' dir='ltr'><strong>Burmannus</strong></span> <span class='ocrx_word' id='word_1_190' title='bbox 1385 3370 1448 3403; x_wconf 84' lang='lat' dir='ltr'><strong>ex</strong></span> <span class='ocrx_word' id='word_1_191' title='bbox 1472 3369 1581 3403; x_wconf 89' lang='lat' dir='ltr'><strong>uno</strong></span> <span class='ocrx_word' id='word_1_192' title='bbox 1599 3351 1724 3405; x_wconf 89' lang='lat' dir='ltr'><strong>Me-</strong></span> 
     </span>
     <span class='ocr_line' id='line_1_33' title="bbox 696 3429 1722 3500; baseline 0 -17"><span class='ocrx_word' id='word_1_193' title='bbox 696 3429 846 3484; x_wconf 87' lang='lat' dir='ltr'><strong>diceo</strong></span> <span class='ocrx_word' id='word_1_194' title='bbox 854 3434 1112 3499; x_wconf 67' lang='lat' dir='ltr'><strong>adtingere</strong></span> <span class='ocrx_word' id='word_1_195' title='bbox 1126 3429 1462 3500; x_wconf 78' lang='lat' dir='ltr'><strong>praei&#39;erebat:</strong></span> <span class='ocrx_word' id='word_1_196' title='bbox 1478 3430 1591 3484; x_wconf 83' lang='lat' dir='ltr'><strong>sine</strong></span> <span class='ocrx_word' id='word_1_197' title='bbox 1607 3450 1722 3484; x_wconf 90' lang='lat' dir='ltr'><strong>cau·</strong></span> 
     </span>
     <span class='ocr_line' id='line_1_34' title="bbox 699 3510 1725 3578; baseline 0 -16"><span class='ocrx_word' id='word_1_198' title='bbox 699 3528 789 3571; x_wconf 78' lang='lat' dir='ltr'><strong>sa3</strong></span> <span class='ocrx_word' id='word_1_199' title='bbox 816 3510 887 3576; x_wconf 88' lang='lat' dir='ltr'><strong>V,</strong></span> <span class='ocrx_word' id='word_1_200' title='bbox 915 3511 1011 3563; x_wconf 84' lang='lat'><strong>533</strong></span> <span class='ocrx_word' id='word_1_201' title='bbox 1029 3549 1044 3575; x_wconf 95' lang='lat'><strong>,</strong></span> <span class='ocrx_word' id='word_1_202' title='bbox 1067 3515 1282 3578; x_wconf 67' lang='lat' dir='ltr'><strong>conligi!</strong></span> <span class='ocrx_word' id='word_1_203' title='bbox 1298 3528 1385 3563; x_wconf 78' lang='lat' dir='ltr'><strong>one</strong></span> <span class='ocrx_word' id='word_1_204' title='bbox 1401 3511 1725 3563; x_wconf 74' lang='lat' dir='ltr'><strong>ce&#39;bos.—-·Bc&#39;-</strong></span> 
     </span>
     <span class='ocr_line' id='line_1_35' title="bbox 696 3585 1668 3655; baseline -0.002 -15"><span class='ocrx_word' id='word_1_205' title='bbox 696 3589 956 3648; x_wconf 68' lang='lat' dir='ltr'><strong>membres,</strong></span> <span class='ocrx_word' id='word_1_206' title='bbox 994 3585 1280 3655; x_wconf 86' lang='lat' dir='ltr'><strong>Centauri,</strong></span> <span class='ocrx_word' id='word_1_207' title='bbox 1299 3598 1362 3641; x_wconf 90' lang='lat' dir='ltr'><strong>ut</strong></span> <span class='ocrx_word' id='word_1_208' title='bbox 1384 3589 1489 3642; x_wconf 85' lang='grc' dir='ltr'><strong>ΧΠ</strong></span> <span class='ocrx_word' id='word_1_209' title='bbox 1510 3626 1524 3652; x_wconf 85' lang='grc'><em>,</em></span> <span class='ocrx_word' id='word_1_210' title='bbox 1554 3591 1668 3654; x_wconf 77' lang='lat'><strong>240.</strong></span> 
     </span>
     <span class='ocr_line' id='line_1_36' title="bbox 764 3664 1722 3735; baseline 0.003 -19"><span class='ocrx_word' id='word_1_211' title='bbox 764 3665 877 3718; x_wconf 79' lang='lat'><strong>285.</strong></span> <span class='ocrx_word' id='word_1_212' title='bbox 907 3666 1171 3735; x_wconf 55' lang='lat' dir='ltr'><strong>Hypanis,</strong></span> <span class='ocrx_word' id='word_1_213' title='bbox 1208 3664 1476 3727; x_wconf 60' lang='lat' dir='ltr'><strong>&amp;matie</strong></span> <span class='ocrx_word' id='word_1_214' title='bbox 1498 3664 1688 3719; x_wconf 75' lang='lat' dir='ltr'><strong>fluvius</strong></span> <span class='ocrx_word' id='word_1_215' title='bbox 1705 3704 1722 3729; x_wconf 90' lang='lat'><strong>,</strong></span> 
     </span>
     <span class='ocr_line' id='line_1_37' title="bbox 700 3740 1722 3813; baseline 0.002 -20"><span class='ocrx_word' id='word_1_216' title='bbox 700 3740 794 3811; x_wconf 76' lang='lat' dir='ltr'><strong>qui</strong></span> <span class='ocrx_word' id='word_1_217' title='bbox 826 3742 879 3794; x_wconf 88' lang='lat' dir='ltr'><strong>in</strong></span> <span class='ocrx_word' id='word_1_218' title='bbox 917 3741 1306 3813; x_wconf 81' lang='lat' dir='ltr'><strong>Borysthenem</strong></span> <span class='ocrx_word' id='word_1_219' title='bbox 1343 3763 1399 3796; x_wconf 83' lang='lat' dir='ltr'><strong>se</strong></span> <span class='ocrx_word' id='word_1_220' title='bbox 1431 3753 1722 3807; x_wconf 79' lang='lat' dir='ltr'><strong>exonerat3</strong></span> 
     </span>
     <span class='ocr_line' id='line_1_38' title="bbox 696 3821 1724 3893; baseline 0.002 -19"><span class='ocrx_word' id='word_1_221' title='bbox 696 3821 803 3877; x_wconf 65' lang='lat' dir='ltr'><strong>vid.</strong></span> <span class='ocrx_word' id='word_1_222' title='bbox 821 3821 987 3876; x_wconf 88' lang='lat' dir='ltr'><strong>Solin.</strong></span> <span class='ocrx_word' id='word_1_223' title='bbox 1003 3841 1114 3893; x_wconf 87' lang='lat' dir='ltr'><strong>cap.</strong></span> <span class='ocrx_word' id='word_1_224' title='bbox 1139 3828 1226 3889; x_wconf 80' lang='lat'><strong>15,</strong></span> <span class='ocrx_word' id='word_1_225' title='bbox 1252 3833 1308 3876; x_wconf 90' lang='lat' dir='ltr'><strong>et</strong></span> <span class='ocrx_word' id='word_1_226' title='bbox 1326 3823 1531 3876; x_wconf 68' lang='lat' dir='ltr'><strong>vitruv.</strong></span> <span class='ocrx_word' id='word_1_227' title='bbox 1550 3822 1689 3876; x_wconf 85' lang='lat' dir='ltr'>VIII</span> <span class='ocrx_word' id='word_1_228' title='bbox 1704 3858 1724 3889; x_wconf 81' lang='lat'><strong>,</strong></span> 
     </span>
     <span class='ocr_line' id='line_1_39' title="bbox 700 3899 1723 3969; baseline -0.002 -15"><span class='ocrx_word' id='word_1_229' title='bbox 700 3901 816 3954; x_wconf 82' lang='lat'><strong>3.—</strong></span> <span class='ocrx_word' id='word_1_230' title='bbox 826 3901 933 3954; x_wconf 92' lang='lat' dir='ltr'><strong>Pro</strong></span> <span class='ocrx_word' id='word_1_231' title='bbox 954 3904 1015 3954; x_wconf 82' lang='lat' dir='ltr'><strong>de</strong></span> <span class='ocrx_word' id='word_1_232' title='bbox 1029 3905 1277 3955; x_wconf 74' lang='lat' dir='ltr'><strong>montibus</strong></span> <span class='ocrx_word' id='word_1_233' title='bbox 1289 3942 1301 3962; x_wconf 89' lang='lat'><strong>,</strong></span> <span class='ocrx_word' id='word_1_234' title='bbox 1336 3901 1481 3969; x_wconf 86' lang='lat' dir='ltr'><strong>prior</strong></span> <span class='ocrx_word' id='word_1_235' title='bbox 1495 3899 1723 3953; x_wconf 89' lang='lat' dir='ltr'><strong>Grono-</strong></span> 
     </span>
     <span class='ocr_line' id='line_1_40' title="bbox 699 3978 1731 4046; baseline 0.002 -17"><span class='ocrx_word' id='word_1_236' title='bbox 699 3979 884 4032; x_wconf 52' lang='lat' dir='ltr'><strong>*ianus</strong></span> <span class='ocrx_word' id='word_1_237' title='bbox 899 3978 1497 4046; x_wconf 53' lang='lat' dir='ltr'><strong>delentibus-Solibus</strong></span> <span class='ocrx_word' id='word_1_238' title='bbox 1516 3983 1731 4033; x_wconf 72' lang='lat' dir='ltr'><strong>vae&#39;tiataer</strong></span> 
     </span>
     <span class='ocr_line' id='line_1_41' title="bbox 701 4058 1726 4129; baseline 0.005 -21"><span class='ocrx_word' id='word_1_239' title='bbox 701 4065 906 4114; x_wconf 57' lang='lat' dir='ltr'><strong>amans:</strong></span> <span class='ocrx_word' id='word_1_240' title='bbox 935 4058 1118 4113; x_wconf 82' lang='lat' dir='ltr'><strong>Codex</strong></span> <span class='ocrx_word' id='word_1_241' title='bbox 1136 4071 1320 4116; x_wconf 81' lang='lat' dir='ltr'><strong>noster</strong></span> <span class='ocrx_word' id='word_1_242' title='bbox 1339 4059 1534 4129; x_wconf 82' lang='lat' dir='ltr'><strong>Regius</strong></span> <span class='ocrx_word' id='word_1_243' title='bbox 1557 4060 1603 4113; x_wconf 92' lang='lat' dir='ltr'>B</span> <span class='ocrx_word' id='word_1_244' title='bbox 1629 4059 1726 4113; x_wconf 84' lang='lat' dir='ltr'><strong>ha·</strong></span> 
     </span>
     <span class='ocr_line' id='line_1_42' title="bbox 698 4133 1730 4205; baseline 0.005 -18"><span class='ocrx_word' id='word_1_245' title='bbox 698 4133 823 4200; x_wconf 74' lang='lat' dir='ltr'><strong>bet,</strong></span> <span class='ocrx_word' id='word_1_246' title='bbox 861 4156 957 4205; x_wconf 82' lang='lat' dir='ltr'><strong>pro</strong></span> <span class='ocrx_word' id='word_1_247' title='bbox 990 4139 1130 4192; x_wconf 82' lang='lat' dir='ltr'><strong>varia</strong></span> <span class='ocrx_word' id='word_1_248' title='bbox 1160 4138 1384 4192; x_wconf 83' lang='lat' dir='ltr'><strong>lectione</strong></span> <span class='ocrx_word' id='word_1_249' title='bbox 1405 4178 1420 4204; x_wconf 96' lang='lat'><strong>,</strong></span> <span class='ocrx_word' id='word_1_250' title='bbox 1460 4143 1573 4190; x_wconf 80' lang='lat' dir='ltr'><strong>sale</strong></span> <span class='ocrx_word' id='word_1_251' title='bbox 1594 4156 1730 4192; x_wconf 76' lang='lat' dir='ltr'><strong>nm</strong></span> 
     </span>
     <span class='ocr_line' id='line_1_43' title="bbox 699 4217 1727 4288; baseline 0.007 -24"><span class='ocrx_word' id='word_1_252' title='bbox 699 4218 913 4266; x_wconf 72' lang='lat' dir='ltr'><strong>w&#39;te’ataer</strong></span> <span class='ocrx_word' id='word_1_253' title='bbox 928 4236 1104 4270; x_wconf 74' lang='lat' dir='ltr'><strong>amaro</strong></span> <span class='ocrx_word' id='word_1_254' title='bbox 1126 4236 1143 4269; x_wconf 89' lang='lat'><strong>.·</strong></span> <span class='ocrx_word' id='word_1_255' title='bbox 1173 4217 1316 4270; x_wconf 86' lang='lat' dir='ltr'><strong>idem</strong></span> <span class='ocrx_word' id='word_1_256' title='bbox 1341 4217 1397 4270; x_wconf 87' lang='lat' dir='ltr'><strong>in</strong></span> <span class='ocrx_word' id='word_1_257' title='bbox 1420 4217 1727 4288; x_wconf 80' lang='lat' dir='ltr'><strong>Bernegge-</strong></span> 
     </span>
     <span class='ocr_line' id='line_1_44' title="bbox 699 4290 1730 4363; baseline 0.005 -19"><span class='ocrx_word' id='word_1_258' title='bbox 699 4290 854 4345; x_wconf 78' lang='lat' dir='ltr'><strong>riano</strong></span> <span class='ocrx_word' id='word_1_259' title='bbox 875 4292 1051 4347; x_wconf 81' lang='lat' dir='ltr'><strong>codiee</strong></span> <span class='ocrx_word' id='word_1_260' title='bbox 1077 4294 1279 4349; x_wconf 81' lang='lat' dir='ltr'><strong>notavit</strong></span> <span class='ocrx_word' id='word_1_261' title='bbox 1301 4295 1581 4361; x_wconf 79' lang='lat' dir='ltr'><strong>Ileinsius3</strong></span> <span class='ocrx_word' id='word_1_262' title='bbox 1606 4295 1730 4363; x_wconf 74' lang='lat' dir='ltr'><strong>plu-</strong></span> 
     </span>
    </p>
   </div>
   <div class='ocr_carea' id='block_1_5' title="bbox 1803 1780 2851 4369">
    <p class='ocr_par' dir='ltr' id='par_1_10' title="bbox 1817 1780 2851 2086">
     <span class='ocr_line' id='line_1_45' title="bbox 1817 1780 2851 1852; baseline -0.002 -16"><span class='ocrx_word' id='word_1_263' title='bbox 1817 1783 2064 1852; x_wconf 85' lang='lat' dir='ltr'><strong>ribusque</strong></span> <span class='ocrx_word' id='word_1_264' title='bbox 2077 1782 2188 1835; x_wconf 85' lang='lat' dir='ltr'><strong>aliis</strong></span> <span class='ocrx_word' id='word_1_265' title='bbox 2195 1801 2258 1835; x_wconf 78' lang='lat' dir='ltr'><strong>ex</strong></span> <span class='ocrx_word' id='word_1_266' title='bbox 2269 1781 2395 1835; x_wconf 83' lang='lat' dir='ltr'><strong>locis</strong></span> <span class='ocrx_word' id='word_1_267' title='bbox 2411 1781 2519 1850; x_wconf 87' lang='lat' dir='ltr'><strong>jam</strong></span> <span class='ocrx_word' id='word_1_268' title='bbox 2532 1780 2680 1833; x_wconf 84' lang='lat' dir='ltr'><strong>venit</strong></span> <span class='ocrx_word' id='word_1_269' title='bbox 2695 1781 2851 1834; x_wconf 75' lang='lat' dir='ltr'><strong>nobis</strong></span> 
     </span>
     <span class='ocr_line' id='line_1_46' title="bbox 1819 1857 2851 1914; baseline -0.003 -1"><span class='ocrx_word' id='word_1_270' title='bbox 1819 1859 1876 1914; x_wconf 90' lang='lat' dir='ltr'><strong>in</strong></span> <span class='ocrx_word' id='word_1_271' title='bbox 1900 1869 2139 1914; x_wconf 84' lang='lat' dir='ltr'><strong>mentem</strong></span> <span class='ocrx_word' id='word_1_272' title='bbox 2166 1870 2410 1913; x_wconf 83' lang='lat' dir='ltr'><strong>nostrum</strong></span> <span class='ocrx_word' id='word_1_273' title='bbox 2437 1857 2585 1912; x_wconf 90' lang='lat' dir='ltr'><strong>illum</strong></span> <span class='ocrx_word' id='word_1_274' title='bbox 2607 1857 2851 1912; x_wconf 86' lang='lat' dir='ltr'><strong>codicem</strong></span> 
     </span>
     <span class='ocr_line' id='line_1_47' title="bbox 1821 1935 2850 2009; baseline -0.002 -17"><span class='ocrx_word' id='word_1_275' title='bbox 1821 1958 1931 1993; x_wconf 73' lang='lat' dir='ltr'><strong>esse</strong></span> <span class='ocrx_word' id='word_1_276' title='bbox 1956 1938 2205 1993; x_wconf 87' lang='lat' dir='ltr'><strong>eumdem</strong></span> <span class='ocrx_word' id='word_1_277' title='bbox 2222 1977 2239 2005; x_wconf 95' lang='lat'><strong>,</strong></span> <span class='ocrx_word' id='word_1_278' title='bbox 2267 1957 2427 2009; x_wconf 87' lang='lat' dir='ltr'><strong>quem</strong></span> <span class='ocrx_word' id='word_1_279' title='bbox 2443 1935 2572 1989; x_wconf 87' lang='lat' dir='ltr'><strong>olim</strong></span> <span class='ocrx_word' id='word_1_280' title='bbox 2591 1935 2850 1990; x_wconf 72' lang='lat' dir='ltr'><strong>Heinsius</strong></span> 
     </span>
     <span class='ocr_line' id='line_1_48' title="bbox 1821 2015 2168 2086; baseline -0.006 -16"><span class='ocrx_word' id='word_1_281' title='bbox 1821 2015 2045 2086; x_wconf 78' lang='lat' dir='ltr'><strong>collegit.</strong></span> <span class='ocrx_word' id='word_1_282' title='bbox 2065 2019 2168 2069; x_wconf 77' lang='lat' dir='ltr'><strong>Ed.</strong></span> 
     </span>
    </p>

    <p class='ocr_par' dir='ltr' id='par_1_11' title="bbox 1803 2094 2847 3889">
     <span class='ocr_line' id='line_1_49' title="bbox 1886 2094 2846 2167; baseline -0.002 -18"><span class='ocrx_word' id='word_1_283' title='bbox 1886 2100 1998 2167; x_wconf 81' lang='lat'><strong>287.</strong></span> <span class='ocrx_word' id='word_1_284' title='bbox 2029 2100 2290 2151; x_wconf 64' lang='lat' dir='ltr'><strong>flactibus</strong></span> <span class='ocrx_word' id='word_1_285' title='bbox 2311 2099 2514 2149; x_wconf 66' lang='lat' dir='ltr'><strong>aabe&#39;Iae</strong></span> <span class='ocrx_word' id='word_1_286' title='bbox 2534 2105 2632 2148; x_wconf 84' lang='lat' dir='ltr'><strong>etc.</strong></span> <span class='ocrx_word' id='word_1_287' title='bbox 2662 2094 2846 2147; x_wconf 74' lang='lat' dir='ltr'><strong>Parti-</strong></span> 
     </span>
     <span class='ocr_line' id='line_1_50' title="bbox 1817 2173 2843 2243; baseline -0.002 -15"><span class='ocrx_word' id='word_1_288' title='bbox 1817 2173 2014 2243; x_wconf 83' lang='lat' dir='ltr'><strong>cipium</strong></span> <span class='ocrx_word' id='word_1_289' title='bbox 2029 2177 2248 2227; x_wconf 72' lang='lat' dir='ltr'><strong>ambitus</strong></span> <span class='ocrx_word' id='word_1_290' title='bbox 2263 2173 2491 2227; x_wconf 86' lang='lat' dir='ltr'><strong>occurrit</strong></span> <span class='ocrx_word' id='word_1_291' title='bbox 2504 2173 2663 2225; x_wconf 80' lang='lat' dir='ltr'><strong>etiam</strong></span> <span class='ocrx_word' id='word_1_292' title='bbox 2679 2173 2706 2226; x_wconf 92' lang='lat'><em>1</em></span> <span class='ocrx_word' id='word_1_293' title='bbox 2722 2211 2737 2236; x_wconf 87' lang='lat'><strong>,</strong></span> <span class='ocrx_word' id='word_1_294' title='bbox 2757 2173 2843 2240; x_wconf 77' lang='lat'><strong>37,</strong></span> 
     </span>
     <span class='ocr_line' id='line_1_51' title="bbox 1818 2250 2846 2315; baseline -0.003 -10"><span class='ocrx_word' id='word_1_295' title='bbox 1818 2253 1909 2305; x_wconf 87' lang='lat' dir='ltr'><strong>ubi</strong></span> <span class='ocrx_word' id='word_1_296' title='bbox 1929 2251 2047 2305; x_wconf 79' lang='lat' dir='ltr'><strong>vide</strong></span> <span class='ocrx_word' id='word_1_297' title='bbox 2071 2263 2268 2305; x_wconf 86' lang='lat' dir='ltr'><strong>notam.</strong></span> <span class='ocrx_word' id='word_1_298' title='bbox 2285 2254 2588 2305; x_wconf 65' lang='lat' dir='ltr'><strong>—Anntcsm</strong></span> <span class='ocrx_word' id='word_1_299' title='bbox 2607 2250 2807 2304; x_wconf 78' lang='lat' dir='ltr'><strong>Plinius</strong></span> <span class='ocrx_word' id='word_1_300' title='bbox 2826 2288 2846 2315; x_wconf 96' lang='lat'><strong>,</strong></span> 
     </span>
     <span class='ocr_line' id='line_1_52' title="bbox 1819 2331 2842 2403; baseline -0.004 -19"><span class='ocrx_word' id='word_1_301' title='bbox 1819 2331 1873 2384; x_wconf 87' lang='lat'><strong>11</strong></span> <span class='ocrx_word' id='word_1_302' title='bbox 1892 2370 1907 2397; x_wconf 95' lang='lat'><strong>,</strong></span> <span class='ocrx_word' id='word_1_303' title='bbox 1925 2331 1990 2403; x_wconf 82' lang='lat'><strong>89</strong></span> <span class='ocrx_word' id='word_1_304' title='bbox 2006 2369 2020 2396; x_wconf 92' lang='lat'><strong>,</strong></span> <span class='ocrx_word' id='word_1_305' title='bbox 2039 2334 2238 2384; x_wconf 77' lang='lat' dir='ltr'><strong>Rursus</strong></span> <span class='ocrx_word' id='word_1_306' title='bbox 2251 2334 2470 2384; x_wconf 72' lang='lat' dir='ltr'><strong>abstulit</strong></span> <span class='ocrx_word' id='word_1_307' title='bbox 2482 2333 2683 2382; x_wconf 64' lang='lat' dir='ltr'><strong>:mulas</strong></span> <span class='ocrx_word' id='word_1_308' title='bbox 2693 2333 2842 2390; x_wconf 67' lang='lat' dir='ltr'><strong>nari,</strong></span> 
     </span>
     <span class='ocr_line' id='line_1_53' title="bbox 1803 2409 2845 2478; baseline 0 -18"><span class='ocrx_word' id='word_1_309' title='bbox 1803 2409 2084 2478; x_wconf 73' lang='lat' dir='ltr'><strong>J’unaeitque</strong></span> <span class='ocrx_word' id='word_1_310' title='bbox 2099 2413 2258 2470; x_wconf 49' lang='lat' dir='ltr'><strong>terres,</strong></span> <span class='ocrx_word' id='word_1_311' title='bbox 2282 2409 2550 2461; x_wconf 64' lang='lat' dir='ltr'><strong>Antelrsnm</strong></span> <span class='ocrx_word' id='word_1_312' title='bbox 2566 2410 2733 2461; x_wconf 77' lang='lat' dir='ltr'><strong>Lesbo</strong></span> <span class='ocrx_word' id='word_1_313' title='bbox 2747 2415 2845 2460; x_wconf 85' lang='lat' dir='ltr'><strong>etc.</strong></span> 
     </span>
     <span class='ocr_line' id='line_1_54' title="bbox 1817 2484 2844 2555; baseline -0.004 -16"><span class='ocrx_word' id='word_1_314' title='bbox 1817 2489 2082 2540; x_wconf 79' lang='lat' dir='ltr'><strong>—Pbaros</strong></span> <span class='ocrx_word' id='word_1_315' title='bbox 2105 2496 2343 2555; x_wconf 85' lang='lat' dir='ltr'><strong>ternpore</strong></span> <span class='ocrx_word' id='word_1_316' title='bbox 2369 2485 2597 2539; x_wconf 84' lang='lat' dir='ltr'><strong>Homeri</strong></span> <span class='ocrx_word' id='word_1_317' title='bbox 2611 2525 2627 2551; x_wconf 92' lang='lat'><strong>,</strong></span> <span class='ocrx_word' id='word_1_318' title='bbox 2650 2484 2758 2539; x_wconf 81' lang='lat' dir='ltr'><strong>od.</strong></span> <span class='ocrx_word' id='word_1_319' title='bbox 2772 2495 2807 2536; x_wconf 85' lang='grc' dir='ltr'><strong>Δ</strong></span> <span class='ocrx_word' id='word_1_320' title='bbox 2824 2523 2844 2550; x_wconf 94' lang='lat'><strong>,</strong></span> 
     </span>
     <span class='ocr_line' id='line_1_55' title="bbox 1819 2562 2844 2637; baseline -0.002 -19"><span class='ocrx_word' id='word_1_321' title='bbox 1819 2565 1920 2633; x_wconf 78' lang='lat'><strong>354</strong></span> <span class='ocrx_word' id='word_1_322' title='bbox 1937 2585 2035 2635; x_wconf 84' lang='lat' dir='ltr'><strong>sqq</strong></span> <span class='ocrx_word' id='word_1_323' title='bbox 2061 2605 2078 2631; x_wconf 94' lang='lat'><strong>,</strong></span> <span class='ocrx_word' id='word_1_324' title='bbox 2117 2563 2285 2619; x_wconf 81' lang='lat' dir='ltr'><strong>insula</strong></span> <span class='ocrx_word' id='word_1_325' title='bbox 2326 2564 2546 2619; x_wconf 77' lang='lat' dir='ltr'><strong>obversa</strong></span> <span class='ocrx_word' id='word_1_326' title='bbox 2577 2562 2844 2637; x_wconf 73' lang='lat' dir='ltr'><strong>AEgypto,</strong></span> 
     </span>
     <span class='ocr_line' id='line_1_56' title="bbox 1819 2643 2847 2713; baseline -0.002 -16"><span class='ocrx_word' id='word_1_327' title='bbox 1819 2654 2134 2713; x_wconf 83' lang='lat' dir='ltr'><strong>tantumque</strong></span> <span class='ocrx_word' id='word_1_328' title='bbox 2158 2643 2223 2697; x_wconf 85' lang='lat' dir='ltr'><strong>ab</strong></span> <span class='ocrx_word' id='word_1_329' title='bbox 2243 2662 2305 2696; x_wconf 87' lang='lat' dir='ltr'><strong>ea</strong></span> <span class='ocrx_word' id='word_1_330' title='bbox 2329 2653 2535 2696; x_wconf 80' lang='lat' dir='ltr'><strong>remota</strong></span> <span class='ocrx_word' id='word_1_331' title='bbox 2553 2682 2568 2710; x_wconf 93' lang='lat'><strong>,</strong></span> <span class='ocrx_word' id='word_1_332' title='bbox 2585 2653 2847 2712; x_wconf 84' lang='lat' dir='ltr'><strong>quantum</strong></span> 
     </span>
     <span class='ocr_line' id='line_1_57' title="bbox 1819 2720 2846 2776; baseline -0.003 -2"><span class='ocrx_word' id='word_1_333' title='bbox 1819 2741 1931 2775; x_wconf 86' lang='lat' dir='ltr'><strong>nno</strong></span> <span class='ocrx_word' id='word_1_334' title='bbox 1943 2720 2028 2776; x_wconf 87' lang='lat' dir='ltr'><strong>die</strong></span> <span class='ocrx_word' id='word_1_335' title='bbox 2041 2722 2186 2776; x_wconf 77' lang='lat' dir='ltr'><strong>navis</strong></span> <span class='ocrx_word' id='word_1_336' title='bbox 2195 2720 2500 2776; x_wconf 77' lang='lat' dir='ltr'><strong>confecerit.</strong></span> <span class='ocrx_word' id='word_1_337' title='bbox 2514 2721 2620 2775; x_wconf 87' lang='lat' dir='ltr'><strong>Sed</strong></span> <span class='ocrx_word' id='word_1_338' title='bbox 2634 2722 2846 2773; x_wconf 77' lang='lat' dir='ltr'><strong>invectu</strong></span> 
     </span>
     <span class='ocr_line' id='line_1_58' title="bbox 1819 2799 2847 2871; baseline -0.003 -16"><span class='ocrx_word' id='word_1_339' title='bbox 1819 2802 1926 2856; x_wconf 83' lang='lat' dir='ltr'><strong>Nili</strong></span> <span class='ocrx_word' id='word_1_340' title='bbox 1954 2801 2200 2870; x_wconf 83' lang='lat' dir='ltr'><strong>paulatim</strong></span> <span class='ocrx_word' id='word_1_341' title='bbox 2229 2800 2444 2871; x_wconf 79' lang='lat' dir='ltr'><strong>propius</strong></span> <span class='ocrx_word' id='word_1_342' title='bbox 2468 2799 2692 2853; x_wconf 81' lang='lat' dir='ltr'><strong>adducta</strong></span> <span class='ocrx_word' id='word_1_343' title='bbox 2713 2816 2847 2853; x_wconf 84' lang='lat' dir='ltr'><strong>oon-</strong></span> 
     </span>
     <span class='ocr_line' id='line_1_59' title="bbox 1820 2875 2844 2946; baseline -0.004 -15"><span class='ocrx_word' id='word_1_344' title='bbox 1820 2876 2016 2931; x_wconf 86' lang='lat' dir='ltr'><strong>tinenti</strong></span> <span class='ocrx_word' id='word_1_345' title='bbox 2048 2918 2063 2946; x_wconf 93' lang='lat'><strong>,</strong></span> <span class='ocrx_word' id='word_1_346' title='bbox 2112 2888 2273 2946; x_wconf 78' lang='lat' dir='ltr'><strong>ponte</strong></span> <span class='ocrx_word' id='word_1_347' title='bbox 2312 2877 2471 2930; x_wconf 86' lang='lat' dir='ltr'><strong>etiam</strong></span> <span class='ocrx_word' id='word_1_348' title='bbox 2513 2875 2844 2929; x_wconf 66' lang='lat' dir='ltr'><strong>Alexandria</strong></span> 
     </span>
     <span class='ocr_line' id='line_1_60' title="bbox 1819 2954 2846 3027; baseline -0.002 -18"><span class='ocrx_word' id='word_1_349' title='bbox 1819 2959 2033 3027; x_wconf 58' lang='lat' dir='ltr'><strong>junctu</strong></span> <span class='ocrx_word' id='word_1_350' title='bbox 2071 2956 2339 3021; x_wconf 86' lang='lat' dir='ltr'><strong>Lucanus,</strong></span> <span class='ocrx_word' id='word_1_351' title='bbox 2377 2954 2562 3010; x_wconf 69' lang='lat' dir='ltr'><strong>Phara.</strong></span> <span class='ocrx_word' id='word_1_352' title='bbox 2585 2956 2668 3021; x_wconf 87' lang='lat' dir='ltr'><strong>X,</strong></span> <span class='ocrx_word' id='word_1_353' title='bbox 2702 2959 2802 3027; x_wconf 83' lang='lat'><strong>⁵09</strong></span> <span class='ocrx_word' id='word_1_354' title='bbox 2822 2960 2846 3019; x_wconf 66' lang='grc' dir='ltr'><strong>ς’</strong></span> 
     </span>
     <span class='ocr_line' id='line_1_61' title="bbox 1822 3033 2838 3102; baseline -0.002 -13"><span class='ocrx_word' id='word_1_355' title='bbox 1822 3036 2058 3100; x_wconf 82' lang='lat' dir='ltr'><strong>Plinius,</strong></span> <span class='ocrx_word' id='word_1_356' title='bbox 2078 3035 2166 3100; x_wconf 84' lang='lat'><strong>11,</strong></span> <span class='ocrx_word' id='word_1_357' title='bbox 2187 3037 2251 3088; x_wconf 79' lang='lat'><strong>85</strong></span> <span class='ocrx_word' id='word_1_358' title='bbox 2273 3054 2286 3096; x_wconf 91' lang='lat'><strong>;</strong></span> <span class='ocrx_word' id='word_1_359' title='bbox 2305 3035 2445 3088; x_wconf 86' lang='lat' dir='ltr'>XIII</span> <span class='ocrx_word' id='word_1_360' title='bbox 2463 3075 2480 3102; x_wconf 96' lang='lat'><strong>,</strong></span> <span class='ocrx_word' id='word_1_361' title='bbox 2508 3053 2563 3088; x_wconf 83' lang='grc' dir='ltr'><strong>ιι</strong></span> <span class='ocrx_word' id='word_1_362' title='bbox 2585 3055 2598 3098; x_wconf 89' lang='lat'><strong>;</strong></span> <span class='ocrx_word' id='word_1_363' title='bbox 2617 3033 2838 3098; x_wconf 85' lang='lat' dir='ltr'><strong>Strabo,</strong></span> 
     </span>
     <span class='ocr_line' id='line_1_62' title="bbox 1819 3112 2841 3185; baseline -0.005 -15"><span class='ocrx_word' id='word_1_364' title='bbox 1819 3115 1908 3170; x_wconf 87' lang='lat' dir='ltr'><strong>lib.</strong></span> <span class='ocrx_word' id='word_1_365' title='bbox 1928 3118 1952 3170; x_wconf 88' lang='lat'><em>1</em></span> <span class='ocrx_word' id='word_1_366' title='bbox 1973 3156 1988 3182; x_wconf 97' lang='lat'><strong>,</strong></span> <span class='ocrx_word' id='word_1_367' title='bbox 2017 3135 2128 3185; x_wconf 83' lang='lat' dir='ltr'><strong>pag.</strong></span> <span class='ocrx_word' id='word_1_368' title='bbox 2144 3114 2237 3178; x_wconf 79' lang='lat'><strong>53;</strong></span> <span class='ocrx_word' id='word_1_369' title='bbox 2270 3112 2431 3167; x_wconf 84' lang='lat' dir='ltr'>XVII</span> <span class='ocrx_word' id='word_1_370' title='bbox 2451 3152 2468 3180; x_wconf 95' lang='lat'><strong>,</strong></span> <span class='ocrx_word' id='word_1_371' title='bbox 2497 3132 2614 3183; x_wconf 85' lang='lat' dir='ltr'><strong>pag.</strong></span> <span class='ocrx_word' id='word_1_372' title='bbox 2636 3115 2841 3180; x_wconf 74' lang='lat'><strong>1140.—</strong></span> 
     </span>
     <span class='ocr_line' id='line_1_63' title="bbox 1829 3189 2837 3267; baseline -0.007 -19"><span class='ocrx_word' id='word_1_373' title='bbox 1829 3198 1989 3267; x_wconf 78' lang='lat' dir='ltr'><strong>Tyms</strong></span> <span class='ocrx_word' id='word_1_374' title='bbox 2000 3212 2140 3264; x_wconf 89' lang='lat' dir='ltr'><strong>quon</strong></span> <span class='ocrx_word' id='word_1_375' title='bbox 2146 3194 2267 3247; x_wconf 86' lang='lat' dir='ltr'><strong>dam</strong></span> <span class='ocrx_word' id='word_1_376' title='bbox 2281 3192 2468 3258; x_wconf 77' lang='lat' dir='ltr'><strong>insula,</strong></span> <span class='ocrx_word' id='word_1_377' title='bbox 2482 3193 2696 3260; x_wconf 64' lang='lat' dir='ltr'><strong>prealto</strong></span> <span class='ocrx_word' id='word_1_378' title='bbox 2707 3189 2837 3245; x_wconf 91' lang='lat' dir='ltr'><strong>mari</strong></span> 
     </span>
     <span class='ocr_line' id='line_1_64' title="bbox 1820 3271 2842 3344; baseline -0.005 -16"><span class='ocrx_word' id='word_1_379' title='bbox 1820 3274 2160 3344; x_wconf 71' lang='lat' dir='ltr'><strong>septingentis</strong></span> <span class='ocrx_word' id='word_1_380' title='bbox 2234 3273 2426 3327; x_wconf 78' lang='lat' dir='ltr'><strong>assibus</strong></span> <span class='ocrx_word' id='word_1_381' title='bbox 2457 3271 2620 3325; x_wconf 78' lang='lat' dir='ltr'><strong>divisa</strong></span> <span class='ocrx_word' id='word_1_382' title='bbox 2645 3310 2661 3339; x_wconf 96' lang='lat'><strong>,</strong></span> <span class='ocrx_word' id='word_1_383' title='bbox 2699 3289 2842 3324; x_wconf 82' lang='lat' dir='ltr'><strong>nunc</strong></span> 
     </span>
     <span class='ocr_line' id='line_1_65' title="bbox 1821 3292 2842 3421; baseline -0.003 -15"><span class='ocrx_word' id='word_1_384' title='bbox 1821 3371 1946 3406; x_wconf 84' lang='lat' dir='ltr'><strong>vero</strong></span> <span class='ocrx_word' id='word_1_385' title='bbox 1964 3292 2250 3406; x_wconf 53' lang='lat' dir='ltr'><strong>Alexandiii</strong></span> <span class='ocrx_word' id='word_1_386' title='bbox 2279 3351 2631 3421; x_wconf 80' lang='lat' dir='ltr'><strong>oppugnantis</strong></span> <span class='ocrx_word' id='word_1_387' title='bbox 2659 3349 2842 3419; x_wconf 87' lang='lat' dir='ltr'><strong>operi-</strong></span> 
     </span>
     <span class='ocr_line' id='line_1_66' title="bbox 1819 3427 2842 3498; baseline -0.004 -13"><span class='ocrx_word' id='word_1_388' title='bbox 1819 3430 1916 3485; x_wconf 88' lang='lat' dir='ltr'><strong>bus</strong></span> <span class='ocrx_word' id='word_1_389' title='bbox 1956 3431 2249 3485; x_wconf 86' lang='lat' dir='ltr'><strong>continens.</strong></span> <span class='ocrx_word' id='word_1_390' title='bbox 2277 3428 2421 3483; x_wconf 88' lang='lat' dir='ltr'><strong>Male</strong></span> <span class='ocrx_word' id='word_1_391' title='bbox 2454 3427 2615 3498; x_wconf 80' lang='lat' dir='ltr'><strong>igitur</strong></span> <span class='ocrx_word' id='word_1_392' title='bbox 2640 3440 2842 3482; x_wconf 67' lang='lat' dir='ltr'><strong>nature</strong></span> 
     </span>
     <span class='ocr_line' id='line_1_67' title="bbox 1821 3505 2840 3578; baseline -0.003 -16"><span class='ocrx_word' id='word_1_393' title='bbox 1821 3508 2030 3576; x_wconf 86' lang='lat' dir='ltr'><strong>tribuit,</strong></span> <span class='ocrx_word' id='word_1_394' title='bbox 2063 3507 2204 3578; x_wconf 88' lang='lat' dir='ltr'><strong>quod</strong></span> <span class='ocrx_word' id='word_1_395' title='bbox 2241 3526 2399 3576; x_wconf 84' lang='lat' dir='ltr'><strong>opera</strong></span> <span class='ocrx_word' id='word_1_396' title='bbox 2432 3505 2713 3561; x_wconf 78' lang='lat' dir='ltr'><strong>hominum</strong></span> <span class='ocrx_word' id='word_1_397' title='bbox 2746 3506 2840 3560; x_wconf 84' lang='lat' dir='ltr'><strong>es·-</strong></span> 
     </span>
     <span class='ocr_line' id='line_1_68' title="bbox 1819 3584 2840 3654; baseline 0 -16"><span class='ocrx_word' id='word_1_398' title='bbox 1819 3586 2019 3640; x_wconf 72' lang='lat' dir='ltr'><strong>sectum</strong></span> <span class='ocrx_word' id='word_1_399' title='bbox 2036 3597 2141 3648; x_wconf 82' lang='lat' dir='ltr'><strong>est;</strong></span> <span class='ocrx_word' id='word_1_400' title='bbox 2157 3584 2432 3654; x_wconf 87' lang='lat' dir='ltr'><strong>multoque</strong></span> <span class='ocrx_word' id='word_1_401' title='bbox 2450 3584 2624 3637; x_wconf 74' lang='lat' dir='ltr'><strong>atinus</strong></span> <span class='ocrx_word' id='word_1_402' title='bbox 2637 3584 2840 3654; x_wconf 85' lang='lat' dir='ltr'><strong>probari</strong></span> 
     </span>
     <span class='ocr_line' id='line_1_69' title="bbox 1820 3664 2842 3737; baseline -0.003 -17"><span class='ocrx_word' id='word_1_403' title='bbox 1820 3678 2024 3736; x_wconf 83' lang='lat' dir='ltr'><strong>potest,</strong></span> <span class='ocrx_word' id='word_1_404' title='bbox 2053 3665 2195 3736; x_wconf 83' lang='lat' dir='ltr'><strong>quod</strong></span> <span class='ocrx_word' id='word_1_405' title='bbox 2221 3664 2575 3737; x_wconf 79' lang='lat' dir='ltr'><strong>Pythagoram</strong></span> <span class='ocrx_word' id='word_1_406' title='bbox 2602 3684 2663 3719; x_wconf 81' lang='lat' dir='ltr'><strong>ea</strong></span> <span class='ocrx_word' id='word_1_407' title='bbox 2687 3684 2842 3718; x_wconf 87' lang='lat' dir='ltr'><strong>com-</strong></span> 
     </span>
     <span class='ocr_line' id='line_1_70' title="bbox 1821 3741 2841 3813; baseline -0.003 -15"><span class='ocrx_word' id='word_1_408' title='bbox 1821 3754 2212 3798; x_wconf 81' lang='lat' dir='ltr'><strong>memorantem</strong></span> <span class='ocrx_word' id='word_1_409' title='bbox 2237 3744 2466 3810; x_wconf 87' lang='lat' dir='ltr'><strong>inducit,</strong></span> <span class='ocrx_word' id='word_1_410' title='bbox 2497 3762 2618 3813; x_wconf 70' lang='lat' dir='ltr'><strong>quae</strong></span> <span class='ocrx_word' id='word_1_411' title='bbox 2638 3752 2750 3813; x_wconf 78' lang='lat' dir='ltr'><strong>post</strong></span> <span class='ocrx_word' id='word_1_412' title='bbox 2772 3741 2841 3795; x_wconf 88' lang='lat' dir='ltr'><strong>il·</strong></span> 
     </span>
     <span class='ocr_line' id='line_1_71' title="bbox 1819 3821 2725 3889; baseline -0.006 -13"><span class='ocrx_word' id='word_1_413' title='bbox 1819 3822 1920 3876; x_wconf 79' lang='lat' dir='ltr'><strong>lius</strong></span> <span class='ocrx_word' id='word_1_414' title='bbox 1942 3821 2160 3875; x_wconf 84' lang='lat' dir='ltr'><strong>demum</strong></span> <span class='ocrx_word' id='word_1_415' title='bbox 2181 3831 2420 3889; x_wconf 82' lang='lat' dir='ltr'><strong>tempora</strong></span> <span class='ocrx_word' id='word_1_416' title='bbox 2441 3821 2725 3875; x_wconf 80' lang='lat' dir='ltr'><strong>factasunt.</strong></span> 
     </span>
    </p>

    <p class='ocr_par' dir='ltr' id='par_1_12' title="bbox 1821 3900 2848 4369">
     <span class='ocr_line' id='line_1_72' title="bbox 1890 3900 2841 3973; baseline -0.001 -20"><span class='ocrx_word' id='word_1_417' title='bbox 1890 3902 2002 3973; x_wconf 79' lang='lat'><strong>289.</strong></span> <span class='ocrx_word' id='word_1_418' title='bbox 2036 3903 2234 3954; x_wconf 77' lang='lat' dir='ltr'><strong>Leucas</strong></span> <span class='ocrx_word' id='word_1_419' title='bbox 2261 3900 2336 3953; x_wconf 84' lang='lat' dir='ltr'><strong>ad</strong></span> <span class='ocrx_word' id='word_1_420' title='bbox 2352 3900 2662 3955; x_wconf 72' lang='lat' dir='ltr'><strong>Acarnaniae</strong></span> <span class='ocrx_word' id='word_1_421' title='bbox 2683 3900 2805 3953; x_wconf 85' lang='lat' dir='ltr'><strong>litus</strong></span> <span class='ocrx_word' id='word_1_422' title='bbox 2822 3937 2841 3964; x_wconf 96' lang='lat'><strong>,</strong></span> 
     </span>
     <span class='ocr_line' id='line_1_73' title="bbox 1822 3975 2842 4051; baseline -0.003 -19"><span class='ocrx_word' id='word_1_423' title='bbox 1822 3979 1949 4032; x_wconf 88' lang='lat' dir='ltr'><strong>olim</strong></span> <span class='ocrx_word' id='word_1_424' title='bbox 1968 3978 2274 4048; x_wconf 82' lang='lat' dir='ltr'><strong>peninsula;</strong></span> <span class='ocrx_word' id='word_1_425' title='bbox 2303 3976 2440 4031; x_wconf 89' lang='lat' dir='ltr'><strong>Plin.</strong></span> <span class='ocrx_word' id='word_1_426' title='bbox 2465 3980 2520 4033; x_wconf 90' lang='lat' dir='ltr'><strong>II</strong></span> <span class='ocrx_word' id='word_1_427' title='bbox 2538 4018 2556 4047; x_wconf 90' lang='lat'><strong>,</strong></span> <span class='ocrx_word' id='word_1_428' title='bbox 2580 3997 2647 4051; x_wconf 82' lang='lat'><strong>90</strong></span> <span class='ocrx_word' id='word_1_429' title='bbox 2663 4017 2681 4045; x_wconf 96' lang='lat'><strong>,</strong></span> <span class='ocrx_word' id='word_1_430' title='bbox 2709 3998 2737 4025; x_wconf 75' lang='grc' dir='ltr'><strong>ιι</strong></span> <span class='ocrx_word' id='word_1_431' title='bbox 2755 3975 2842 4030; x_wconf 85' lang='lat' dir='ltr'><strong>Ad</strong></span> 
     </span>
     <span class='ocr_line' id='line_1_74' title="bbox 1823 4056 2848 4127; baseline 0 -17"><span class='ocrx_word' id='word_1_432' title='bbox 1823 4078 1854 4105; x_wconf 81' lang='lat'><strong>»</strong></span> <span class='ocrx_word' id='word_1_433' title='bbox 1879 4056 1978 4110; x_wconf 87' lang='lat' dir='ltr'><strong>boc</strong></span> <span class='ocrx_word' id='word_1_434' title='bbox 2015 4057 2252 4127; x_wconf 84' lang='lat' dir='ltr'><strong>perrupit</strong></span> <span class='ocrx_word' id='word_1_435' title='bbox 2284 4075 2428 4110; x_wconf 86' lang='lat' dir='ltr'><strong>mare</strong></span> <span class='ocrx_word' id='word_1_436' title='bbox 2454 4056 2709 4110; x_wconf 78' lang='lat' dir='ltr'><strong>Leucada.</strong></span> <span class='ocrx_word' id='word_1_437' title='bbox 2730 4077 2759 4103; x_wconf 69' lang='grc' dir='ltr'><strong>ι·</strong></span> <span class='ocrx_word' id='word_1_438' title='bbox 2778 4080 2848 4095; x_wconf 88' lang='grc'><strong>-·</strong></span> 
     </span>
     <span class='ocr_line' id='line_1_75' title="bbox 1826 4135 2842 4207; baseline -0.002 -19"><span class='ocrx_word' id='word_1_439' title='bbox 1826 4138 2125 4189; x_wconf 74' lang='lat' dir='ltr'><strong>Continuam</strong></span> <span class='ocrx_word' id='word_1_440' title='bbox 2139 4154 2236 4207; x_wconf 87' lang='lat' dir='ltr'><strong>pro</strong></span> <span class='ocrx_word' id='word_1_441' title='bbox 2248 4135 2443 4207; x_wconf 79' lang='lat' dir='ltr'><strong>vulgari</strong></span> <span class='ocrx_word' id='word_1_442' title='bbox 2455 4135 2842 4201; x_wconf 87' lang='lat' dir='ltr'><strong>continentem,</strong></span> 
     </span>
     <span class='ocr_line' id='line_1_76' title="bbox 1821 4213 2845 4271; baseline -0.003 -3"><span class='ocrx_word' id='word_1_443' title='bbox 1821 4213 2176 4270; x_wconf 72' lang='lat' dir='ltr'><strong>colim-entem</strong></span> <span class='ocrx_word' id='word_1_444' title='bbox 2207 4235 2330 4269; x_wconf 90' lang='lat' dir='ltr'><strong>cum</strong></span> <span class='ocrx_word' id='word_1_445' title='bbox 2363 4227 2502 4271; x_wconf 86' lang='lat' dir='ltr'><strong>terra</strong></span> <span class='ocrx_word' id='word_1_446' title='bbox 2532 4235 2546 4269; x_wconf 71' lang='grc' dir='ltr'>ι</span> <span class='ocrx_word' id='word_1_447' title='bbox 2575 4216 2649 4270; x_wconf 82' lang='lat' dir='ltr'><strong>sic</strong></span> <span class='ocrx_word' id='word_1_448' title='bbox 2684 4216 2845 4270; x_wconf 84' lang='lat' dir='ltr'><strong>etiam</strong></span> 
     </span>
     <span class='ocr_line' id='line_1_77' title="bbox 1824 4293 2846 4369; baseline -0.008 -17"><span class='ocrx_word' id='word_1_449' title='bbox 1824 4296 1968 4352; x_wconf 83' lang='lat' dir='ltr'>VIII</span> <span class='ocrx_word' id='word_1_450' title='bbox 1983 4335 2001 4364; x_wconf 95' lang='lat'><strong>,</strong></span> <span class='ocrx_word' id='word_1_451' title='bbox 2025 4297 2398 4369; x_wconf 78' lang='lat' dir='ltr'><strong>589.-Zancle</strong></span> <span class='ocrx_word' id='word_1_452' title='bbox 2417 4314 2604 4364; x_wconf 75' lang='lat' dir='ltr'><strong>quoquc</strong></span> <span class='ocrx_word' id='word_1_453' title='bbox 2619 4305 2715 4350; x_wconf 81' lang='lat' dir='ltr'><strong>etc·</strong></span> <span class='ocrx_word' id='word_1_454' title='bbox 2734 4293 2846 4347; x_wconf 79' lang='lat' dir='ltr'><strong>Pro</strong></span> 
     </span>
    </p>
   </div>
  </div>
 </body>
</html>
