3185 5138
658 520 1425 592 METAMORPHO
1448 521 1721 592 SEON
1774 524 1964 592 LIB.
2011 528 2182 597 XV.

314 661 875 764 Quadrupedes,
912 663 1341 764 monstrique
1376 679 1562 737 metu
1600 662 2002 753 turbantur,
2037 681 2108 738 et
2143 663 2294 739 altis

315 780 780 880 Praecipitant
816 805 1050 853 currus
1087 778 1381 881 scopulis
1410 811 1425 853 ε
1459 809 1584 876 ego
1623 780 1861 855 ducere
1894 809 2058 854 vana

317 900 567 972 Frena
603 926 839 984 manu,
879 897 1134 996 spumis
1171 895 1555 971 albentibus
1592 896 1837 985 oblita,
1877 896 2133 988 luctor3

325 1015 444 1086 Et
480 1029 660 1086 retro
697 1010 907 1086 lentas
944 1013 1144 1086 tendo
1181 1013 1534 1114 resupinus
1566 1013 1902 1089 habenas:

2376 527 2506 594 535

328 1131 497 1204 Nec
528 1129 700 1203 vires
735 1146 951 1202 tamen
988 1129 1108 1203 has
1140 1130 1361 1204 rabies
1392 1149 1769 1232 superasset
1800 1159 2121 1233 equorum
2142 1189 2164 1223 ,

329 1243 441 1318 Ni
485 1260 667 1331 rota,
703 1261 1096 1344 perpetuum
1138 1273 1269 1345 qua
1302 1245 1832 1319 circumvertitur
1864 1276 2054 1322 axem

339 1359 627 1461 Stipitis
663 1387 945 1434 occursu
977 1363 1183 1435 fracta
1213 1390 1291 1436 ac
1329 1361 1601 1461 disjecta
1635 1362 1888 1437 fuisset.

332 1475 682 1550 Excutior
713 1504 911 1550 curru
943 1507 959 1550 ε
989 1476 1293 1578 lorisque
1327 1476 1709 1552 tenentibus
1745 1496 1928 1552 artus

334 1593 629 1666 Viscera
658 1593 802 1666 viva
835 1592 1047 1683 trahi,
1075 1622 1314 1668 nervos
1345 1595 1416 1667 in
1445 1594 1654 1696 stirpe
1689 1594 1933 1682 teneri,

2411 1616 2512 1671 525

338 1711 668 1786 Membra
696 1713 842 1815 rapi
877 1711 1120 1814 partim
1147 1769 1166 1800 ‚
1202 1712 1448 1813 partim
1479 1738 1789 1813 reprensa
1816 1709 2142 1812 relinqui,

344 1830 538 1902 Ossa
570 1856 830 1925 gravem
864 1829 1016 1904 dare
1050 1830 1259 1904 fracta
1294 1859 1532 1905 sonum
1555 1886 1574 1918 ‚
1610 1828 1982 1929 fessamque
2012 1830 2270 1906 videres

342 1941 675 2018 Exhalari
708 1943 993 2018 animam
1013 2000 1033 2032 ‚
1071 1943 1422 2046 nullasque
1457 1945 1528 2017 in
1560 1973 1844 2048 corpore
1878 1964 2103 2048 partes
2128 2003 2147 2035 ‚

345 2059 652 2133 Noscere
687 2086 852 2158 quas
886 2087 1119 2161 posses
1148 2090 1165 2134 :
1197 2088 1538 2160 unumque
1571 2077 1713 2134 erat
1743 2061 1963 2133 omnia
1999 2059 2265 2134 vulnuS.

350 2177 542 2249 Num
578 2196 815 2278 potes,
853 2195 969 2251 aut
1002 2178 1206 2252 audes
1241 2177 1413 2252 cladi
1447 2205 1844 2280 componere
1876 2195 2158 2265 nostrae,

2371 2240 2375 2244 -
2416 2202 2516 2257 530

351 2296 707 2397 Nympha,
744 2299 974 2371 tuam?
1006 2296 1140 2368 vidi
1176 2325 1447 2398 quoque
1483 2295 1630 2370 luce
1665 2285 1953 2370 carentia
1984 2325 2228 2391 regna,

350 2414 453 2484 Et
488 2409 774 2484 lacerum
808 2411 946 2485 fovi
984 2410 1543 2508 Phlegethontide
1580 2437 1824 2520 corpus
1860 2410 1928 2483 in
1960 2411 2138 2484 unda
2168 2440 2187 2486 t

350 2529 537 2614 Nec,
572 2526 704 2601 nisi
738 2526 1107 2630 Apollineae
1140 2526 1361 2603 valido
1397 2525 1830 2601 medicamine
1866 2524 2116 2628 prolis,

352 2641 648 2717 Reddita
675 2643 811 2715 vita
836 2644 1012 2718 soret
1040 2674 1057 2717 ε
1093 2672 1291 2745 quam
1325 2661 1682 2745 postquam
1717 2643 2012 2717 fortibus
2044 2642 2274 2718 herbis
2294 2699 2313 2732 ,

350 2761 584 2861 Atque
620 2788 750 2862 ope
787 2760 1050 2836 Paeonia
1071 2817 1089 2852 ‚
1128 2760 1285 2836 Dite
1318 2762 1747 2857 indignante,
1783 2762 2039 2866 recepi,

427 2954 542 3006 525.
564 2956 756 3007 Nereos
777 2959 829 3009 in
843 2960 997 3022 slime
1016 2959 1190 3009 teneri.
1206 2952 1386 3007 Hein-

358 3038 466 3095 sius
490 3034 705 3103 conjicit
724 3052 900 3087 nervos
927 3038 985 3086 ia
1020 3050 1166 3100 vepae
1188 3036 1375 3095 teneri,

360 3116 484 3186 quia
507 3114 712 3167 Seneca
730 3153 746 3181 ,
773 3111 991 3184 Hippol.
1022 3130 1145 3165 1002
1164 3150 1179 3177 ,
1205 3131 1233 3157 οι
1258 3109 1386 3163 inde

360 3218 392 3243 υ
417 3194 767 3249 semanimem
782 3203 961 3248 secant
973 3191 1242 3262 virgulta,
1260 3209 1388 3244 acu-

361 3293 395 3323 »
422 3274 484 3325 tis
517 3272 685 3341 asperi
721 3290 905 3341 vepres
939 3271 1098 3325 rubis.
1126 3293 1153 3318 ιο
1176 3298 1244 3311 -
1265 3271 1387 3322 Re-

351 3368 544 3421 preasa
558 3391 573 3411 ‚
609 3359 834 3405 retracta
860 3390 876 3417 ,
911 3355 1131 3419 relinqui
1164 3351 1222 3404 in
1255 3369 1388 3404 cor-

365 3448 510 3500 pore.
524 3428 684 3483 Hanc
705 3429 936 3498 corporis
958 3429 1386 3483 dilacerationem

365 3508 614 3579 expressit
636 3518 692 3561 et
710 3507 942 3575 Seneca,
969 3527 1100 3563 vers.
1124 3511 1251 3563 1082
1274 3530 1388 3579 sqq.

365 3589 455 3644 ubi
476 3610 503 3636 κ
521 3585 778 3657 implicuit
788 3588 981 3643 cadens
994 3587 1207 3657 Laqueo
1219 3588 1391 3643 tenaci

368 3690 396 3716 n
419 3686 608 3737 corpus
626 3706 641 3735 ,
667 3667 860 3721 illisum
874 3676 1031 3736 caput
1047 3666 1286 3736 Scopulis
1303 3686 1390 3720 re·

366 3768 394 3795 >a
423 3745 580 3803 sultat
605 3767 619 3801 ε
640 3745 893 3800 auferunt
906 3743 1053 3798 dumi
1072 3763 1391 3800 comestor:

366 3849 395 3874 n
420 3826 585 3880 durus
621 3826 835 3897 pulchra
869 3824 1151 3896 populatur
1185 3825 1331 3895 lapis.
1357 3847 1388 3875 a·

364 3906 706 3976 Aliquamdiu
731 3928 759 3955 σι
785 3915 998 3977 raptum
1028 3914 1246 3960 truncus
1271 3924 1390 3958 am·-

365 4010 393 4036 ι»
417 3988 569 4041 busta
606 3985 736 4041 sude
774 3983 1014 4039 medium
1057 4003 1153 4054 per
1187 3983 1389 4053 inguen

366 4087 394 4114 κ
418 4065 592 4133 stipite
608 4064 778 4133 ejecto
790 4072 937 4118 tenet
954 4102 971 4131 ,
988 4085 1017 4110 ²·
1034 4074 1132 4117 etc.
1154 4091 1221 4103 —-
1246 4061 1391 4116 Con·

365 4142 448 4213 fer
459 4142 524 4198 de
543 4140 818 4214 Hippolyti
829 4151 1005 4195 morte
1013 4150 1257 4195 nostrum
1272 4144 1392 4195 Ra-

368 4227 505 4284 ce‘m,
543 4224 741 4275 Phbdre
766 4260 780 4284 ,
802 4213 929 4274 'Act
954 4220 1035 4286 V,
1056 4239 1125 4274 sc.
1149 4220 1198 4273 6.
1219 4221 1322 4273 Ed.

436 4305 549 4375 ⁵²9·
580 4301 838 4369 Unumque
856 4307 970 4352 emt
989 4301 1161 4353 σηπία
1190 4299 1391 4353 vulnus.

2415 2783 2514 2837 535

1482 2952 1642 3008 Silius
1660 2992 1675 3020 ,
1702 2954 1754 3013 X
1771 2992 1788 3019 ‚
1816 2958 1914 3026 5¹9
1929 2992 1948 3021 ,
1974 2975 2002 3001 α
2026 2963 2138 3007 toto
2159 2974 2379 3025 corpore
2397 2955 2518 3010 vul-

1485 3055 1514 3081 »
1538 3052 1641 3088 nus
1661 3055 1705 3085 »-
1737 3034 1937 3089 Luenn.
1961 3034 2040 3088 lx
2058 3075 2073 3102 ,
2098 3036 2196 3101 8¹4
2213 3074 2229 3102 ‚
2257 3058 2284 3084 α
2312 3036 2516 3091 Omnia

1484 3133 1514 3160 »v
1540 3112 1967 3182 plenisMembra
1982 3112 2514 3168 fluuntvenisztotum

1486 3211 1514 3238 υ
1540 3201 1620 3244 est
1639 3210 1737 3260 pro
1761 3191 1980 3244 vulnere
2005 3211 2212 3260 corpus.
2228 3214 2254 3239 ιι
2279 3195 2382 3246 Ed.

1550 3273 1664 3327 532.
1689 3275 1766 3326 Et
1783 3277 2003 3326 lacerum
2013 3271 2253 3340 som‘etc.
2281 3273 2352 3325 Et
2383 3290 2514 3327 cor-—

1483 3371 1582 3422 pus
1605 3352 1861 3406 laniatum
1884 3352 1942 3404 in
1968 3350 2331 3405 ardentissima
2351 3351 2518 3405 Phle-

1485 3432 1752 3503 gethontis
1789 3449 1924 3501 aqua
1964 3430 2082 3483 lavi.
2118 3432 2222 3482 Ed.
2246 3457 2312 3471 -
2334 3433 2519 3485 Favere

1485 3513 1763 3567 notionem
1791 3511 1950 3564 habet
1978 3509 2202 3563 omnino
2231 3519 2391 3580 gratae
2418 3528 2516 3563 re·-

1484 3587 1762 3653 fectionis3
1788 3587 2026 3654 Plinius,
2055 3589 2138 3653 V,
2167 3587 2266 3657 Ep.
2292 3604 2352 3640 v1
2372 3627 2386 3652 ‚
2417 3605 2482 3640 20
2499 3627 2515 3652 ‚

1476 3670 1725 3736 platanos
1750 3669 2034 3741 daesspergae‘ne
2049 3666 2209 3734 fovet.
2248 3665 2368 3719 Hoc
2397 3665 2519 3717 loco

1488 3742 1753 3798 abluendo
1777 3744 2011 3798 reficere.
2046 3742 2154 3797 Sed
2179 3742 2408 3796 Ovidius
2432 3743 2521 3794 in·

1489 3823 1646 3894 genio
1672 3823 1860 3877 abusus
1877 3825 2318 3891 est—Apollinea
2332 3824 2518 3889 proles,

1490 3901 1820 3971 AEsculapius
1856 3900 2115 3970 Apollinis
2152 3899 2325 3965 filius,
2360 3917 2521 3967 quem

1488 3980 1558 4034 ob
1580 3979 1936 4051 Hippolytum
1954 3979 2010 4033 in
2028 3979 2189 4031 vitam
2215 3986 2520 4031 revocatum

1488 4057 1716 4112 fulmine
1740 4058 1995 4128 percussit
2024 4057 2272 4128 Jupiter3
2308 4054 2426 4110 vide
2454 4056 2520 4109 ad

1489 4136 1547 4191 11
1569 4176 1584 4205 ,
1613 4137 1727 4203 643.
1744 4164 1812 4177 ·—
1834 4138 1941 4204 ope
1955 4139 2160 4190 Paeonia
2179 4135 2397 4205 simplic.
2424 4152 2522 4203 ope

1490 4217 1694 4272 medica
1714 4256 1730 4286 ,
1773 4227 1835 4271 ut
1866 4216 2118 4287 Virgilius
2145 4256 2162 4283 ‚
2205 4236 2339 4272 vers.
2387 4218 2483 4290 769
2506 4255 2520 4281 ,

1456 4354 1459 4357 ,
1488 4300 1713 4352 Paeonit's
1735 4299 1916 4352 herbis.
1944 4296 2127 4351 Alium
2164 4296 2411 4368 mythum
2441 4314 2527 4348 se-
