3185 5138
679 548 1732 617 METAMORPHOSEON
1776 552 1979 617 LIB.
2033 553 2274 618 XIII.

2417 554 2546 645 357

412 689 601 784 Quas
634 715 761 783 ego
799 688 1127 775 sustinui,
1168 718 1335 791 quas
1366 689 1491 763 hac
1528 718 1565 763 a
1599 690 1805 765 classe
1836 690 2078 786 fugavi.

409 802 653 875 Tutius
685 820 788 875 est
821 802 1028 897 igitur
1055 802 1227 876 fictis
1263 803 1659 878 contendere
1691 804 1909 879 verbis
1930 861 1948 890 ,

412 917 635 1012 Quam
666 943 962 1016 pugnare
996 946 1195 991 manu
1226 948 1242 991 ε
1278 916 1394 991 sed
1427 944 1544 991 nec
1578 918 1741 991 mihi
1774 917 1984 992 dicere
2016 936 2351 1018 promtum
2372 974 2392 1008 ,
2490 956 2548 991 ιο

412 1035 553 1106 Nec
586 1032 795 1105 facere
828 1050 928 1106 est
953 1033 1067 1106 isti
1096 1063 1114 1105 ε
1154 1050 1607 1134 quantumque
1643 1062 1765 1129 ego
1801 1035 2019 1107 Marte
2053 1034 2291 1123 feroci,

414 1149 756 1244 Quantum
784 1147 919 1223 acie
949 1147 1133 1224 valeo
1153 1205 1172 1237 ,
1210 1167 1465 1224 tantum
1494 1148 1668 1224 valet
1697 1151 1819 1225 iste
1846 1149 2201 1251 loquendo.

412 1264 552 1335 Nec
585 1263 1008 1337 memoranda
1029 1282 1258 1338 tamen
1294 1264 1485 1338 vobis
1517 1293 1662 1338 mea
1696 1265 1864 1339 facta
1884 1321 1902 1352 ,
1939 1264 2199 1360 Pelasgi
2221 1320 2241 1352 ,

411 1379 580 1451 Esse
608 1406 796 1466 reor;
828 1379 1086 1452 vidistis
1122 1380 1293 1453 enim
1329 1408 1343 1451 :
1385 1408 1499 1455 sua
1533 1398 1753 1454 narret
1785 1378 2049 1467 Ulixes,

416 1494 587 1589 Quae
617 1493 754 1568 sine
793 1512 956 1569 teste
989 1495 1193 1590 gerit,
1229 1525 1512 1599 quorum
1544 1524 1681 1570 nox
1717 1495 1975 1571 conscia
2013 1493 2156 1569 sola
2191 1511 2307 1570 est.
2481 1513 2540 1564 15

412 1611 685 1695 Praemia
708 1640 942 1707 magna
974 1613 1114 1713 peti
1143 1611 1354 1687 fateor
1387 1642 1402 1686 ε
1438 1613 1553 1688 sed
1589 1613 1796 1688 demit
1826 1614 2146 1688 honorem

414 1727 725 1804 AEmulus
761 1761 776 1803 ε
814 1730 1003 1829 Ajaci
1038 1728 1173 1804 non
1209 1748 1307 1806 est
1337 1731 1621 1806 tenuisse
1657 1731 2054 1833 superbum,

414 1914 441 1945 a
454 1895 510 1947 ι3
524 1913 635 1963 sqq.
661 1924 727 1935 —
745 1896 996 1950 Sustinui!
1015 1898 1222 1968 proprie
1246 1898 1430 1968 impe-

414 1981 528 2024 tum
563 1973 911 2040 irruentium,
937 1985 992 2028 et
1011 1974 1225 2043 fugavi!
1255 1976 1428 2030 hostes

413 2048 652 2104 flammas
685 2050 913 2106 serentes
935 2092 950 2117 ,
985 2053 1077 2106 sed
1114 2052 1239 2109 hinc
1268 2056 1429 2108 etiam

417 2126 628 2183 hostiles
642 2129 893 2183 flammas.
912 2134 1143 2192 Hemom',
1170 2132 1311 2201 quod
1335 2151 1430 2201 pro

400 2207 594 2274 fugavi
631 2208 775 2277 prior
831 2209 1065 2263 Gronov.
1111 2222 1164 2263 et
1206 2211 1313 2264 duo
1347 2210 1432 2264 alii

415 2286 562 2339 MSS
586 2287 865 2356 exhibent,
896 2298 973 2341 est
996 2287 1241 2357 glossa.—
1254 2290 1429 2340 Talius

411 2372 492 2416 est
506 2403 519 2427 ,
536 2365 696 2431 magis
710 2364 958 2418 conducit
974 2366 1038 2417 ad
1058 2364 1275 2433 gloriam
1295 2382 1429 2415 con-

412 2441 1004 2509 sequendam—Fictis,
1028 2441 1257 2495 subdolis
1276 2479 1291 2505 ,
1313 2460 1429 2493 ver·-

413 2522 492 2572 bis
510 2539 525 2571 .·
543 2520 614 2573 ita
628 2520 940 2574 contemtim
958 2519 1310 2589 eloquentiam
1334 2538 1428 2589 ap-

450 2600 606 2664 ellat;
642 2600 880 2667 Quintus
911 2599 1088 2653 Calab.
1116 2621 1209 2652 222
1232 2638 1247 2664 ,
1276 2604 1428 2666 μύθων

412 2619 564 2753 ΐθρηίη
587 2686 770 2737 ι’ίεννος
788 2680 999 2746 μεγάλων
1023 2680 1255 2744 ἶκιμαίεαι
1275 2682 1424 2753 ἴργων.

484 2777 558 2811 ιο.
599 2760 761 2824 Quam
791 2775 1017 2825 pugnare
1051 2775 1202 2808 mana
1225 2775 1243 2824 ,-
1291 2774 1428 2809 unus

413 2837 680 2892 Leidensis
702 2858 849 2907 qaam
873 2841 1058 2890 bellare
1080 2856 1257 2910 mana,·
1285 2834 1428 2906 quod

410 2915 632 2968 verbum
655 2914 904 2985 frequens
927 2925 1006 2968 est
1025 2913 1218 2968 Nostro
1237 2953 1252 2980 ,
1290 2923 1429 2966 utet

414 2994 553 3059 aliis3
578 2995 698 3049 vide
718 2997 903 3050 Heius.
928 2994 994 3049 ad
1015 2994 1232 3048 Heroid.
1257 2994 1425 3059 XIII,

411 3071 812 3143 (iq—Pugnate
833 3083 911 3127 est
938 3073 995 3126 in
1024 3072 1199 3142 Regiis
1222 3071 1426 3125 nostris.

414 3151 698 3204 -Habent
713 3153 814 3205 hoc
827 3152 1015 3205 heroes
1029 3161 1084 3204 et
1101 3150 1288 3203 milites
1303 3159 1428 3203 stre·

413 3231 506 3283 nui
526 3271 539 3295 ,
571 3241 630 3284 ut
662 3232 1016 3302 eloquentiam
1047 3242 1297 3303 spernant
1322 3247 1429 3300 proe

414 3327 506 3360 sua
520 3309 833 3364 fortitudine
850 3352 864 3377 ,
883 3331 930 3362 v.
947 3331 990 3364 c.
1010 3310 1264 3363 Hercules
1277 3349 1292 3375 ,
1318 3309 1396 3362 lx
1410 3347 1425 3374 ,

418 3405 500 3457 ²93
517 3386 731 3457 Tydeus
746 3387 882 3457 apud
898 3388 1226 3456 Euripidem,
1241 3387 1428 3440 Pliten.

413 3479 547 3515 vers.
567 3465 698 3527 503;
719 3465 920 3518 Marius
936 3466 1073 3535 apud
1090 3464 1390 3519 Sallustium
1413 3505 1428 3531 ,

416 3539 538 3609 Jug.
563 3539 840 3605 LXXXV,
863 3543 920 3593 31
946 3562 959 3604 ;
992 3543 1122 3609 Aiax
1141 3541 1277 3610 apud
1304 3544 1430 3594 An-

417 3620 556 3673 tisth.
571 3639 621 3688 p.
639 3622 704 3673 55
721 3639 733 3672 :
760 3624 781 3675 ὅ
801 3625 988 3688 caque
1004 3626 1052 3676 οὗ
1068 3627 1185 3694 λα’-φφ
1204 3631 1402 3696 κρίνεται
1414 3660 1430 3687 ,

418 3698 519 3754 ἄλλ’
543 3701 949 3774 ἕργῳ.-Βιὶ·εη,
974 3699 1079 3754 scil.
1104 3719 1225 3753 cum
1246 3697 1434 3753 sacun-

420 3776 504 3830 dia
522 3817 537 3843 ,
562 3777 899 3846 eloquentem
923 3796 1032 3830 esse
1057 3797 1070 3830 z
1095 3796 1229 3846 soepe
1255 3777 1327 3830 sic
1348 3781 1434 3830 di-

420 3874 528 3910 cem
547 3853 684 3924 apud
710 3853 1132 3908 citez-Facem
1149 3895 1161 3915 ,
1193 3855 1436 3924 praeclara

421 3931 650 3985 facinora
673 3930 832 3985 edere
855 3972 870 3999 ,
905 3930 1097 3985 sortem
1122 3952 1230 3985 esse
1257 3955 1271 3996 ;
1317 3933 1437 3986 Sal-

422 4009 605 4063 lustius
620 4049 635 4076 ,
651 4008 768 4063 Cat.
782 4010 812 4062 3
824 4049 840 4075 ,
862 4032 887 4056 κ
905 4010 1193 4065 Pulchrum
1210 4021 1286 4063 est
1299 4011 1434 4064 bene

428 4109 456 4134 υ
477 4086 647 4141 facere
668 4087 993 4159 reipublice:
1015 4088 1176 4141 etiam
1196 4089 1330 4141 bene
1354 4087 1439 4140 di-

427 4188 455 4213 »
477 4186 597 4219 cere
613 4166 751 4220 haud
768 4165 1049 4220 absurdum
1064 4177 1158 4220 est.
1169 4169 1439 4231 u—Qaaa·

418 4255 525 4298 tam
537 4250 651 4298 acie
660 4248 809 4298 valea
819 4265 881 4298 cx
893 4245 1108 4314 Neapol.
1118 4244 1265 4297 dedit
1275 4245 1440 4297 Hein-

423 4326 562 4389 sius;
597 4325 750 4395 vulgo
783 4323 810 4393 (
837 4333 892 4378 et
922 4324 976 4377 in
1009 4323 1186 4393 Regiis
1212 4323 1440 4390 nostris)

1524 1904 1671 1967 inque
1700 1903 1814 1952 ace’e
1847 1902 1994 1952 valeo
2015 1938 2029 1960 ,
2074 1907 2134 1951 ut
2158 1896 2331 1962 vm,
2364 1900 2428 1969 59
2448 1935 2461 1959 ,
2491 1901 2545 1946 ιἰι

1525 1995 1778 2044 causaque
1800 1979 1951 2029 valet.
1964 1977 2221 2027 —Valere
2246 1984 2354 2027 arte
2369 2012 2384 2038 ,
2408 1970 2546 2024 viri-

1525 2055 1642 2121 bus,
1656 2054 2221 2108 excellere.—lrtecum
2238 2060 2547 2120 contemptu

1527 2131 1744 2184 dictum.

1610 2211 1683 2264 13.
1723 2210 2051 2263 Memoranda
2083 2246 2097 2269 ‚
2138 2205 2498 2260 enumeranda
2527 2244 2542 2271 ‚

1523 2287 1927 2340 recensenda.—
1938 2289 2151 2339 Veterems
2166 2291 2296 2337 em‘m
2316 2302 2333 2348 ‚·
2365 2284 2543 2353 magni

1523 2366 1784 2419 aestimant
1822 2364 2096 2417 bellatores
2121 2403 2136 2428 ,
2182 2363 2411 2416 facinora
2450 2379 2545 2414 sua

1524 2462 1588 2495 an
1598 2454 1647 2495 te
1684 2442 1860 2497 oculos
1898 2441 1980 2494 vel
2014 2441 2158 2494 ducis
2195 2440 2274 2493 vel
2312 2439 2542 2491 militum

1523 2521 1778 2586 edidisse;
1814 2521 1932 2575 vide
1962 2520 2073 2574 Liv.
2108 2521 2279 2585 XXI,
2318 2519 2380 2586 43
2411 2528 2542 2572 extr.

1522 2602 1718 2654 —Sine
1749 2610 1909 2665 Μαι,-
1943 2598 2079 2670 apud
2108 2596 2335 2653 Antistii.
2365 2619 2413 2667 p.
2441 2600 2505 2665 54
2525 2636 2540 2663 ,

1524 2679 1608 2733 ille
1622 2678 1752 2732 nibil
1767 2679 1887 2731 savit
1900 2688 2095 2754 φανερῶς
2107 2717 2121 2742 ,
2140 2695 2237 2747 ego
2247 2675 2376 2729 nihil
2389 2677 2542 2747 λάθρα.

1522 2758 1811 2822 —antum
1827 2774 1931 2808 aaz·
1945 2759 2152 2808 conscia
2165 2763 2247 2807 es!
2257 2794 2269 2817 ,
2291 2752 2543 2822 quoniam

1523 2845 1685 2889 noctu
1705 2854 1798 2889 sua
1822 2844 2210 2905 perpetraverat
2229 2872 2244 2899 ,
2277 2833 2416 2886 unde
2459 2853 2539 2903 ap.

1523 2913 1650 2969 Sen.
1668 2911 1862 2967 Troad.
1890 2914 1984 2979 754
2002 2952 2017 2978 ,
2045 2911 2255 2985 Ulysses
2272 2921 2551 2966 nocturnus

1522 2997 1670 3047 miles
1683 3034 1697 3056 ‚
1717 3004 1770 3046 et
1783 2992 1906 3046 ibid.
1925 2992 1990 3045 38
2008 3032 2023 3058 ,
2047 2991 2334 3047 Diomedes
2348 2999 2543 3045 noctar-

1521 3089 1619 3124 aas
1641 3071 2004 3124 Ithacicomes.
2023 3069 2084 3124 Id
2103 3069 2234 3122 infra
2254 3070 2307 3123 in
2330 3068 2540 3123 laudem

1522 3172 1670 3206 suam
1695 3151 1855 3206 vertit
1880 3151 2091 3224 Ulysses
2118 3191 2133 3216 ‚
2168 3150 2258 3205 sed
2289 3151 2541 3219 superbus

1524 3242 1576 3284 et
1613 3232 1773 3284 iratus
1811 3231 1946 3297 Aiax
1984 3229 2163 3283 callida
2197 3229 2409 3284 consilia
2446 3247 2543 3298 pro

1524 3310 1694 3380 ignavi
1721 3309 1891 3364 animi
1906 3309 2064 3380 signis
2092 3308 2263 3361 habet.

1596 3408 1669 3457 17.
1693 3389 1864 3454 Ajact'
1877 3406 1976 3439 noa
1990 3394 2072 3440 est
2088 3427 2098 3437 .
2112 3427 2124 3439 .
2142 3426 2154 3437 .
2171 3389 2430 3452 superbam
2445 3394 2542 3437 etc.

1525 3462 1608 3517 De
1623 3462 1722 3516 hoc
1735 3482 1890 3516 sensu
1909 3462 2217 3516 Graecorum
2241 3459 2462 3513 diximus
2479 3458 2543 3511 ad

1528 3544 1607 3597 ΤΧ
1625 3583 1640 3609 ,
1657 3545 1689 3596 6
1708 3543 1827 3598 :sed
1846 3543 1962 3594 vide
1980 3582 1995 3608 ,
2018 3560 2177 3610 quam
2199 3540 2379 3593 acerbe
2400 3558 2544 3593 nunc

1526 3639 1591 3674 eo
1613 3631 1794 3674 utatur
1809 3621 1862 3673 in
1884 3618 2256 3673 contumeliam
2277 3617 2547 3671 emuli.—

1527 3699 1831 3765 Ajacicum
1856 3699 1906 3750 vi
1927 3716 2023 3767 pro
2038 3737 2054 3764 ‚
2080 3699 2235 3761 mihi3
2255 3695 2439 3761 Silius,
2459 3694 2544 3761 ΙΙ,

1529 3795 1594 3847 ²9
1610 3813 1625 3840 ,
1652 3776 1916 3829 Armatam
1939 3777 2279 3828 Hannibalem
2310 3773 2337 3843 (
2360 3771 2412 3824 id
2436 3781 2512 3825 est
2530 3811 2545 3838 ,

1527 3872 1607 3904 me
1636 3850 1660 3921 )
1693 3872 1851 3919 pena
1880 3859 2014 3920 peti!
2044 3857 2201 3920 Imma
2239 3855 2403 3904 tellus.
2439 3850 2545 3904 Sed

1530 3930 1754 3983 Francia
1798 3941 1854 3983 et
1886 3931 2201 3984 Burmanno
2228 3928 2547 3994 auctoribus,

1530 4020 1649 4078 post
1665 4014 1873 4063 emulus
1901 4009 2387 4080 interpungendum
2414 4009 2554 4062 arbi-

1530 4098 1696 4140 tratus
1709 4107 1826 4141 sum
1844 4107 1856 4141 t
1877 4088 2025 4156 Aiaci
2046 4106 2154 4140 non
2175 4097 2252 4140 est
2266 4087 2552 4156 superbum

1533 4167 1759 4221 tenuisse
1778 4207 1798 4233 ,
1820 4167 1960 4235 quod
1991 4166 2217 4237 speravit
2234 4166 2462 4238 Ulysses.
2487 4167 2550 4219 In

1531 4263 1639 4314 qua
1650 4245 1975 4315 oppositione
1990 4245 2270 4297 maximam
2289 4263 2396 4298 esse
2413 4244 2519 4294 vim
2534 4281 2549 4308 ‚

1533 4344 1903 4394 summamque
1950 4324 2289 4380 acerbitatem
2340 4323 2556 4393 quilibet
