3185 5138
761 556 845 617 28

1258 548 1395 655 ,P'
1463 543 1818 614 OVIDII
1887 538 2339 609 NASONIS

757 694 955 763 Nunc
985 704 1237 762 matura
1267 687 1455 760 metit
1482 684 1700 759 fleturi
1734 700 1887 756 vota
1919 680 2182 769 coloni;

759 810 852 881 Et
883 808 1178 881 Cererem
1212 805 1282 876 in
1317 803 1518 904 spicis
1547 799 1881 899 intercipit
1908 828 1923 871 ε
1956 827 2102 872 area
2130 798 2374 871 frustra
2393 851 2410 883 ‚

761 925 852 995 Et
875 922 1119 997 frustra
1150 934 1534 1021 exspectant
1564 916 1921 1015 promissas
1953 915 2189 988 horrea
2222 934 2485 986 messes.

760 1037 1161 1110 Sternuntur
1194 1033 1443 1129 gravidi
1479 1031 1684 1126 longo
1716 1059 1865 1104 cum
1898 1028 2167 1131 palmite
2198 1026 2397 1100 foetus
2417 1081 2436 1113 ‚

759 1156 1099 1253 Baccaque
1133 1179 1282 1224 cum
1318 1149 1515 1222 ramis
1551 1175 1809 1247 semper
1840 1143 2211 1217 frondentis
2244 1141 2448 1214 olivae.

2786 1157 2884 1228 295

763 1268 959 1342 Saevit
988 1283 1058 1339 et
1088 1265 1159 1338 in
1192 1262 1516 1365 pecudes;
1552 1289 1690 1334 non
1723 1260 1841 1333 has
1872 1275 2178 1360 pastorve
2214 1282 2479 1329 canesve
2500 1309 2520 1340 ,

762 1392 915 1462 Non
950 1404 1238 1461 armenta
1271 1404 1485 1460 truces
1519 1399 1804 1485 possunt
1834 1379 2177 1454 defendere
2215 1377 2400 1450 tauri.

767 1509 1152 1604 Diffugiunt
1180 1506 1451 1609 populi,
1488 1533 1611 1578 nec
1646 1533 1714 1578 se
1736 1560 1755 1591 ‚
1793 1503 1922 1575 nisi
1955 1500 2286 1574 moenibus
2316 1498 2503 1572 urbis
2530 1553 2548 1585 ,

768 1636 931 1707 Esse
961 1650 1202 1735 putant
1233 1650 1454 1720 tutos3
1492 1630 1703 1703 donec
1737 1626 2110 1721 Meleagros
2129 1681 2147 1712 ‚
2183 1642 2250 1697 et
2281 1651 2413 1696 una

770 1758 970 1830 Lecta
997 1784 1231 1829 manus
1257 1755 1567 1852 juvenum
1603 1751 1814 1825 coiere
1846 1747 2157 1849 cupidine
2192 1744 2425 1819 laudis.

772 1977 952 2021 menta
971 1976 1135 2020 vastet
1156 1977 1210 2019 et
1235 1973 1398 2019 metat
1422 1984 1545 2034 aper
1568 2002 1583 2029 ‚
1625 1974 1677 2016 et
1707 1963 1778 2014 ita

769 2045 912 2114 longi
928 2044 1074 2097 labor
1093 2044 1267 2097 irritus
1282 2044 1404 2096 anni
1427 2050 1620 2112 percat.
1639 2042 1780 2093 Prae-

774 2133 914 2175 terea
934 2122 1014 2174 'bis
1036 2122 1179 2175 idern
1198 2122 1421 2183 diceret;
1454 2138 1578 2172 nam
1603 2136 1780 2171 versus

772 2200 1070 2270 praecedens
1106 2201 1210 2270 agit
1243 2199 1309 2252 de
1345 2198 1692 2252 crescentibus
1722 2207 1777 2248 et

775 2278 944 2330 adhuc
971 2277 1299 2344 immaturis,
1336 2295 1481 2329 nunc
1517 2274 1582 2328 de
1625 2293 1783 2343 sege-

773 2355 908 2410 tibus
933 2355 1147 2408 maturis
1165 2394 1180 2422 ,
1210 2365 1264 2407 et
1287 2355 1395 2422 jam
1418 2353 1578 2422 spicas
1604 2351 1784 2420 plenas

774 2437 1196 2503 ostendentibus,
1226 2447 1286 2489 ut
1309 2438 1418 2489 sere
1447 2437 1695 2495 Cererem,
1729 2433 1780 2486 id

776 2526 852 2569 est
873 2555 889 2582 ,
928 2535 1120 2586 panem
1158 2517 1344 2568 serant.
1383 2515 1521 2568 Nam
1554 2512 1654 2566 hoc
1676 2530 1783 2564 vo-

776 2593 892 2646 lunt
915 2595 998 2646 illa
1015 2633 1028 2660 ,
1052 2597 1126 2646 Et
1148 2598 1363 2648 Cererem
1376 2598 1430 2645 in
1452 2596 1610 2659 spicis
1628 2597 1786 2644 inter-

777 2674 915 2736 cipit.
941 2691 968 2714 ³·
992 2696 1058 2709 ——
1082 2672 1289 2723 Matura
1311 2674 1474 2729 metit,
1504 2667 1644 2737 quod
1670 2685 1787 2718 ver-

781 2748 908 2798 bum
931 2765 1052 2799 cum
1088 2746 1289 2799 delectu
1314 2746 1540 2815 positum
1564 2755 1620 2796 et
1649 2744 1788 2795 bene

780 2826 1027 2878 convenit
1051 2824 1196 2877 alteri
1214 2829 1476 2891 intercipit.
1496 2824 1683 2875 Meiere
1703 2840 1788 2873 au·

783 2914 893 2956 tem
931 2903 1088 2956 etiam
1127 2921 1222 2972 pro
1258 2911 1526 2971 amputare
1556 2899 1786 2969 ponitur.

786 2980 855 3043 V,
878 2985 984 3047 ¹⁰4·
1008 2980 1149 3033 Male
1171 2979 1422 3032 Burman.
1437 2981 1623 3044 premit
1644 2994 1790 3044 prae—

784 3058 919 3121 sert,
969 3054 1109 3125 quod
1139 3056 1332 3125 accepit
1360 3074 1389 3106 e
1422 3051 1697 3114 Leidensi;
1736 3061 1791 3104 et

698 3187 705 3192 .
784 3136 1000 3189 minime
1026 3135 1090 3188 ab
1110 3133 1323 3187 indocto
1341 3132 1550 3185 librario
1572 3131 1789 3200 prosec-

785 3225 900 3267 tum
920 3233 1027 3266 esse
1051 3210 1246 3275 credit,
1275 3209 1364 3264 sed
1402 3213 1542 3263 metit
1570 3207 1790 3278 glossam

781 3311 891 3346 esse
909 3330 925 3358 ‚
965 3309 1066 3360 qua
1090 3288 1371 3343 reconditae
1401 3284 1792 3356 significationis

781 3369 1004 3422 verbum
1028 3366 1211 3436 aliquis
1229 3365 1540 3434 explicuerit.
1572 3366 1795 3417 Premere

784 3448 929 3501 enim
942 3446 999 3499 in
1016 3466 1074 3499 re
1089 3444 1276 3498 rustica
1291 3443 1508 3497 verbum
1520 3442 1794 3511 proprium

787 3545 880 3596 pro
905 3534 1199 3595 amputare,
1223 3519 1521 3575 abscindere
1538 3559 1553 3587 ,
1572 3520 1658 3574 ait.
1681 3518 1789 3573 Sed

781 3603 907 3656 huic
923 3604 1084 3657 verbo
1106 3641 1121 3668 ‚
1146 3621 1311 3670 quum
1340 3611 1610 3670 amputare
1632 3598 1795 3668 signi-

785 3680 939 3745 ficat,
967 3681 1113 3747 falce
1156 3681 1274 3733 addi
1310 3678 1474 3744 solet,
1516 3696 1689 3747 neque
1725 3675 1792 3728 de

784 3756 1097 3812 messoribus
1116 3767 1427 3826 usurpatur,
1454 3755 1544 3808 sed
1570 3754 1635 3806 de
1661 3753 1795 3806 vini-

784 3837 986 3891 toribus
1012 3846 1066 3889 et
1103 3834 1405 3888 hortulanis.
1429 3859 1493 3874 -·
1537 3836 1667 3886 Vota
1694 3852 1795 3885 co-

781 3920 920 3979 loni,
960 3924 1019 3968 ut
1047 3914 1070 3966 1
1091 3952 1106 3980 ,
1143 3933 1250 3982 ²7²·
1268 3937 1334 3951 -·
1356 3913 1626 3977 Intercipit.
1645 3911 1796 3964 Bur-

786 4012 1012 4047 mannus
1047 3991 1190 4045 hunc
1228 3990 1403 4042 locum
1436 3988 1507 4041 ita
1541 3987 1793 4058 explicat:

789 4093 815 4116 «ι
835 4071 973 4138 Quae
995 4071 1186 4124 scilicet
1205 4068 1529 4122 debebantur
1551 4086 1686 4120 aree
1704 4107 1718 4133 ,
1744 4075 1798 4119 et

789 4150 983 4202 horreo
1017 4161 1069 4202 et
1106 4150 1315 4220 pistori,
1361 4149 1449 4218 qui
1484 4148 1539 4201 in
1572 4147 1797 4199 farinam

794 4225 1057 4295 redigeret
1075 4265 1090 4292 ‚
1115 4246 1199 4280 sus
1219 4226 1313 4279 sibi
1328 4226 1571 4279 vindicat.
1595 4245 1621 4271 »
1647 4227 1799 4277 Inter-

795 4308 953 4371 cepere
996 4303 1217 4356 verbum
1256 4301 1461 4371 elegans
1482 4340 1499 4369 ,
1537 4310 1658 4354 ante
1702 4319 1799 4354 ca·-

2790 1764 2886 1814 300

1871 1980 1996 2031 pere
2011 2000 2027 2026 ,
2063 1977 2221 2029 quam
2246 1956 2312 2010 ad
2335 1954 2611 2008 dominum
2634 1991 2650 2017 ,
2673 1950 2846 2003 locum
2864 1989 2881 2015 ‚

1873 2059 2027 2094 usum
2064 2038 2382 2093 destinatum
2427 2034 2615 2088 veniat.
2661 2032 2884 2084 Terent.

1876 2119 2014 2172 Eun.
2039 2120 2065 2171 1
2087 2158 2102 2184 ,
2142 2133 2162 2169 1
2182 2156 2196 2182 ,
2228 2116 2291 2168 35
2316 2133 2329 2167 ε
2355 2116 2487 2166 Nam
2508 2112 2645 2179 quod
2668 2128 2762 2161 nos
2782 2127 2882 2161 ca·-

1866 2219 1984 2267 peoe
2000 2205 2188 2265 oportet
2201 2237 2214 2258 ‚
2234 2198 2339 2247 hec
2359 2196 2621 2258 nister-cipit.
2641 2188 2746 2241 Hic
2761 2205 2886 2256 quo·

1876 2295 1978 2345 que
1994 2273 2216 2328 modum
2231 2289 2434 2326 servare
2449 2267 2694 2329 nescivit}
2709 2266 2882 2334 itaque

1875 2352 2094 2421 subjecit
2117 2351 2200 2403 illa
2221 2390 2235 2415 ,
2270 2368 2391 2402 area
2421 2356 2520 2399 etc.
2558 2345 2885 2413 Quanquam

1877 2431 2019 2486 suavi
2041 2427 2346 2498 metaphora
2363 2443 2494 2478 aree
2508 2425 2820 2489 exspectatio
2836 2431 2889 2473 et

1878 2509 2013 2579 agris
2043 2510 2314 2576 promissio
2351 2502 2597 2556 tribuitur
2624 2498 2716 2552 :in
2744 2507 2891 2549 tanta

1878 2587 2166 2641 calamitate
2201 2602 2310 2637 non
2347 2590 2493 2635 curat
2519 2580 2682 2632 lector
2719 2577 2849 2629 scire
2870 2614 2888 2640 ,

1880 2665 1969 2733 qui
1993 2683 2175 2718 sensus
2198 2662 2514 2714 horreorum
2536 2655 2751 2708 suerint.
2779 2654 2889 2707 Pli-

1879 2744 1998 2795 nius
2012 2782 2028 2807 ‚
2047 2743 2304 2812 Panegyr.
2322 2740 2403 2804 81,
2421 2736 2555 2789 hanc
2576 2734 2740 2802 ipsam
2755 2734 2891 2784 sorte

1881 2820 2218 2872 venationem
2252 2814 2531 2883 respiciens
2551 2851 2566 2877 ‚
2616 2813 2895 2862 submotam

1883 2902 2077 2963 campis
2098 2898 2412 2962 irruptionem
2435 2890 2666 2958 stratum
2686 2897 2737 2940 et
2749 2890 2898 2939 ‘obsi-

1882 2977 2030 3027 dione
2071 2977 2332 3025 liberatum
2377 2971 2644 3037 agrestium
2678 2968 2896 3017 laborent

1887 3060 2164 3104 memorat.

1964 3132 2076 3201 ²94·
2108 3131 2398 3181 Sternuntur
2434 3123 2744 3178 succulenta
2782 3138 2896 3174 uvae

1885 3227 2009 3262 cum
2045 3205 2245 3257 vitibus.
2272 3228 2339 3244 ·-·
2368 3203 2591 3256 pecudes
2615 3241 2628 3263 ,
2671 3217 2851 3267 greges
2897 3225 2902 3230 ·

1882 3308 2010 3342 nam
2024 3285 2306 3356 opponitur
2319 3286 2569 3335 amenus.
2579 3306 2646 3320 --
2662 3279 2893 3330 Canesve.

1889 3366 2041 3436 Regii
2061 3361 2226 3416 nostri
2248 3401 2262 3427 ,
2287 3365 2503 3413 cam'sve.

1955 3443 2066 3515 298.
2090 3442 2197 3494 Nec
2218 3457 2274 3491 se
2290 3479 2303 3500 ,
2328 3443 2436 3491 nisi
2452 3438 2709 3490 manibus.
2742 3430 2896 3500 Regii

1887 3520 2052 3575 nostri
2083 3518 2277 3570 habent
2311 3535 2402 3569 nec
2434 3535 2491 3570 se
2526 3520 2580 3567 in
2619 3514 2913 3570 mantuus..

1889 3616 2045 3668 quam
2058 3596 2264 3648 lection.
2280 3611 2430 3664 pene
2448 3589 2787 3662 pretulerim.
2800 3588 2900 3640 Ed.

1956 3677 2069 3728 300.
2099 3673 2259 3726 Lecta
2284 3689 2477 3724 manus.
2511 3663 2861 3721 Callimachus
2886 3700 2903 3728 ‚

1890 3757 2117 3812 ε’πίκλητοι
2157 3750 2456 3824 ἆγρεντῖῥτςς
2506 3738 2860 3812 Apollodorus
2888 3777 2903 3805 ,

1891 3837 1991 3890 τοὺς
2027 3830 2234 3903 ἀρίστους
2272 3831 2316 3880 ἔκ
2350 3837 2431 3886 τῆς
2463 3814 2667 3876 liuidae
2698 3816 2906 3878 πάντας

1893 3909 2166 3961 Homerus
2178 3943 2193 3970 ‚
2210 3923 2340 3958 vers.
2365 3902 2490 3970 539,
2506 3899 2777 3971 Μελέαγρος,
2797 3901 2907 3948 Πολ-

1894 3990 2003 4040 uo.»
2018 3988 2062 4038 1ae
2079 3991 2242 4038 πολίων
2254 3984 2510 4053 θηρήτορας
2534 3976 2702 4048 &speie
2726 3973 2909 4045 ἐγείρας

1893 4072 1991 4119 Καὶ
2004 4066 2150 4122 κύνας.
2164 4049 2758 4115 ConsenCallimachus,
2773 4067 2908 4099 vers.

1897 4146 2007 4196 218.
2033 4142 2276 4209 Plerique
2300 4136 2408 4188 sere
2433 4151 2623 4186 omnes
2646 4128 2910 4183 interfue-

1893 4232 2016 4275 rant
2059 4213 2375 4287 navigationi
2429 4209 2688 4266 Colchicae
2721 4229 2737 4271 ;
2783 4221 2909 4257 nam

1900 4309 2138 4366 tempore
2157 4294 2414 4365 posterior
2430 4291 2529 4344 snit
2544 4288 2653 4341 hac
2667 4281 2876 4337 venatio
2894 4320 2910 4345 ,
