3185 5138
590 558 1602 630 METAMORPHOSEON
1670 562 1839 628 LIB.
1907 563 2138 631 VIII.
2358 565 2441 650 43

323 732 359 762 »ι
400 697 597 771 Haud
627 698 923 798 equidem
955 700 1165 800 patiar
1190 729 1205 771 z
1234 718 1454 801 pereat
1485 701 1865 791 sceleratus;
1905 721 1968 776 et
2002 702 2108 777 ille

321 848 359 877 »
401 813 728 914 Spemque
759 814 964 915 patris
984 868 1003 900 ‚
1038 814 1351 915 regnique
1383 816 1633 906 trahat,
1671 819 2024 920 patriaeque
2055 819 2330 892 ruinam.

327 962 363 992 »
403 930 597 1002 Mens
628 929 747 1001 ubi
778 948 1065 1003 materna
1098 932 1247 1004 est?
1279 931 1399 1004 ubi
1428 959 1606 1037 nunc*
1633 934 1736 1035 pia
1772 953 1917 1009 vota
1950 934 2346 1036 parentum?

328 1080 365 1111 ι)
404 1048 529 1134 Et,
566 1075 735 1146 quos
767 1047 1083 1134 sustinui,
1116 1046 1224 1121 bis
1254 1075 1550 1123 mensum
1584 1052 1873 1150 quinque
1905 1049 2210 1126 labores?

2345 1070 2443 1123 500

327 1194 363 1224 »
405 1163 471 1234 Ο
503 1162 751 1235 utinam
786 1162 1014 1264 primis
1043 1161 1313 1237 arsisses
1344 1164 1610 1258 ignibus
1642 1166 1892 1239 infans!

328 1309 365 1341 ι»
401 1277 610 1377 quue
641 1305 760 1372 ego
795 1307 986 1379 passa
1016 1277 1267 1352 sorem!
1301 1278 1518 1353 vixisti
1550 1308 1816 1353 munere
1847 1298 2077 1355 nostro
2104 1311 2119 1354 z

326 1426 360 1455 »ι
398 1394 591 1466 Nunc
619 1391 851 1468 merito
883 1395 1161 1467 moriere
1194 1411 1310 1468 tuo
1341 1423 1357 1467 ε
1387 1422 1546 1498 cape
1575 1398 1836 1497 praemia
1867 1397 2059 1487 sacti,

324 1543 362 1573 »
399 1510 647 1610 Bisque
677 1511 890 1585 datam
912 1568 930 1597 ‚
971 1512 1254 1613 primum
1284 1530 1478 1613 partu
1498 1570 1517 1600 ‚
1549 1540 1704 1585 mox
1739 1513 1961 1614 stipite
1987 1531 2216 1616 rapto,

325 1660 359 1688 »ι
401 1626 628 1699 Redde
658 1628 938 1701 animam
965 1657 980 1700 ε
1008 1626 1108 1700 vel
1139 1655 1244 1701 me
1268 1628 1574 1703 fraternis
1608 1628 1769 1702 adde
1802 1626 2132 1730 sepulcris.

2335 1649 2434 1701 505

325 1775 360 1804 »ι
403 1742 493 1814 Et
519 1742 746 1843 cupio,
781 1758 844 1813 et
865 1767 1119 1841 nequeo
1148 1770 1164 1814 ε
1200 1743 1361 1843 quid
1390 1745 1623 1838 agam?
1644 1743 1846 1817 modo
1875 1742 2138 1817 vulnera
2163 1743 2435 1818 fratrum

277 1876 283 1883 ’
324 1890 360 1920 »
400 1860 573 1931 Ante
603 1855 827 1932 oculos
855 1857 1018 1930 mihi
1052 1876 1243 1944 sunt,
1280 1876 1347 1932 et
1372 1877 1565 1934 tanta:
1600 1860 1791 1934 caedis
1823 1861 2077 1954 imago:

252 2076 259 2085 .
323 2036 385 2089 15
405 2055 419 2089 ι
436 2040 613 2096 Puluis:
631 2046 685 2089 e!
701 2041 874 2090 umbra
891 2055 1086 2100 sumu-55
1108 2039 1326 2107 Proper·

315 2116 439 2181 tius,
460 2115 560 2182 IV,
580 2132 622 2167 11
637 2155 652 2179 ‚
680 2117 739 2182 14
755 2155 769 2181 ,
788 2118 873 2168 En
889 2134 999 2168 sum
1013 2119 1331 2185 quoddtge‘ttlr

316 2199 531 2262 quinque
548 2198 742 2248 levatur
758 2214 898 2248 onus.
919 2223 983 2236 -
1004 2198 1183 2249 Jacere
1205 2216 1331 2267 pro-

319 2272 431 2340 prie
464 2271 526 2323 ad
557 2272 789 2325 cinerem
824 2282 1029 2325 tantum
1063 2274 1325 2342 pertinet,

320 2366 427 2399 non
449 2347 632 2401 itidem
652 2347 715 2401 ad
735 2349 955 2402 umbras.
972 2348 1076 2402 Sed
1093 2350 1325 2403 solemne

319 2435 431 2477 erat
455 2424 565 2479 hoc
582 2427 802 2480 verbum
826 2428 1045 2481 omnino
1078 2428 1143 2481 de
1171 2446 1328 2481 mor·

318 2502 419 2555 tuis
440 2522 706 2573 usurpare.
736 2505 822 2568 Sjc
847 2516 900 2558 et
922 2506 1183 2560 cadaveris
1206 2509 1327 2577 epi-

318 2580 503 2634 theton
535 2587 731 2649 gele'dus
762 2583 826 2636 ad
862 2586 1072 2639 umbras
1098 2588 1329 2639 transla-

312 2672 444 2713 tum.
460 2689 526 2701 ·-
552 2662 800 2716 Attamen
831 2663 1016 2716 umbra
1040 2684 1137 2718 nec
1157 2669 1331 2732 gelida

315 2758 414 2791 nec
434 2739 630 2802 calida;
657 2739 746 2792 sed
774 2741 837 2792 ad
863 2752 1092 2794 mortem
1115 2744 1330 2813 respici—

317 2828 421 2883 tur,
438 2836 554 2885 quae
567 2836 688 2871 cum
706 2818 896 2887 frigore
912 2819 1057 2872 venit
1073 2831 1126 2873 et
1141 2841 1329 2891 corpus

314 2897 575 2965 privatum
597 2897 771 2950 anima
790 2897 1038 2968 frigidum
1063 2900 1328 2970 relinquit.

316 2978 414 3027 Ed.
427 3002 498 3015 -
519 2977 732 3029 Trahere
750 2982 946 3029 rutham
959 3018 970 3038 ,
998 2996 1115 3030 eam
1128 2979 1326 3034 facere:

320 3052 530 3106 AEneid.
560 3053 613 3105 11
632 3092 647 3119 ,
674 3053 800 3120 4663
827 3053 919 3107 sed
942 3058 1134 3109 trahere
1155 3075 1319 3122 spem,

318 3149 433 3182 eam
455 3148 636 3184 seeum
666 3131 888 3185 auferre.
925 3131 1191 3187 Exstincto
1220 3134 1329 3188 filio

318 3209 546 3276 herede,
558 3227 726 3278 eoque
736 3209 1037 3276 fortissimo,
1050 3228 1240 3280 magna
1250 3231 1330 3265 ca-

318 3285 519 3340 lamitas
540 3293 721 3353 patn'ae
751 3287 1086 3341 inserebatur.
1119 3290 1332 3342 Trahen-

316 3376 552 3417 sumtum
583 3366 646 3418 ab
670 3385 767 3432 eo,
803 3365 895 3433 qui
927 3364 1116 3419 cadens
1148 3385 1327 3420 secum

315 3443 487 3495 aufert
508 3442 698 3510 aliquid
717 3482 733 3509 ‚
758 3441 899 3494 uude
916 3444 1064 3496 ruina
1082 3444 1264 3497 oritur.

379 3524 495 3592 ⁴99·
521 3522 799 3583 Ubinam·
827 3522 912 3573 cui
932 3540 1077 3578 nunc
1091 3533 1327 3591 prosunt.

312 3599 491 3649 —Pe'a
515 3609 662 3660 vota:
690 3599 845 3652 multi
860 3608 881 3664 ,'
891 3604 988 3666 pia
993 3600 1122 3667 jure
1139 3642 1153 3659 ‚
1186 3601 1328 3670 quod

310 3676 522 3742 prefert
549 3676 813 3730 Heinsius.
847 3681 979 3731 Vota
999 3677 1114 3744 illa,
1142 3679 1328 3747 quibus

310 3754 613 3822 superstites
634 3755 730 3807 sibi
751 3767 944 3810 vovent
957 3769 1200 3826 parentes
1216 3798 1231 3826 ,
1258 3778 1326 3811 ne

310 3832 556 3884 turbetur
569 3832 897 3888 mortalitatis
912 3834 1059 3888 ordo.
1081 3837 1328 3904 Hocjus-

303 3913 558 3980 tissimum
590 3921 757 3963 wlcan
792 3922 940 3966 vocat
978 3912 1179 3966 Seneca
1204 3951 1219 3978 ‚
1263 3913 1327 3966 ad

306 3985 480 4038 blare.
494 4006 602 4055 cap.
624 4008 695 4040 ιο.
705 3990 914 4055 Impe'um
930 4009 1029 4044 con
1037 4001 1113 4042 tra
1131 4001 1318 4052 νοῶσι,

306 4063 352 4115 si
382 4081 438 4116 se
474 4066 775 4133 superstites
806 4067 981 4121 liberis
1009 4078 1195 4137 optent
1223 4087 1329 4137 pa-

307 4153 506 4195 rentes.
523 4143 827 4210 Suetonius,
843 4147 959 4199 Tib.
975 4147 1057 4199 62.
1068 4146 1331 4199 Bolus.—

309 4221 542 4273 Hensum
566 4241 663 4291 pro
687 4229 927 4277 mensium
948 4226 1146 4278 notavit
1175 4225 1329 4277 Pris—

308 4297 496 4352 cianus
508 4337 525 4366 ,
541 4299 626 4353 lib.
638 4302 748 4356 vll
763 4302 1006 4371 :Se-neca,
1022 4302 1191 4357 Theb.
1211 4303 1327 4371 535,

1422 2040 1523 2090 Per
1533 2039 1697 2089 decem
1709 2057 1928 2089 mensum
1946 2042 2077 2090 uteri
2082 2041 2273 2091 labotes
2288 2057 2305 2088 .·
2318 2036 2434 2090 vide

1424 2115 1755 2168 Gronovium
1786 2115 1850 2169 ad
1883 2116 1993 2169 Liv.
2022 2116 2206 2170 XXIX
2226 2158 2241 2183 ,
2280 2119 2345 2181 33
2384 2130 2439 2171 et

1425 2197 1722 2250 Buneman.
1759 2196 1821 2249 ad
1855 2197 2090 2250 Lactant.
2121 2196 2338 2251 carmin.
2370 2196 2436 2249 de

1426 2272 1610 2325 Phoen.
1636 2294 1713 2341 ²7·
1732 2301 1798 2313 ·-
1825 2271 2006 2325 Codex
2033 2273 2227 2341 Regius
2253 2274 2296 2326 B
2317 2313 2330 2338 ,
2357 2278 2438 2326 bis

1423 2368 1643 2402 mensum
1660 2354 1902 2417 quinque;
1932 2348 2114 2402 Codex
2139 2350 2182 2402 Α
2207 2390 2221 2417 ,
2250 2368 2440 2402 menses

1424 2432 1503 2480 bis
1526 2434 1735 2497 quasque
1752 2469 1764 2489 ,
1795 2428 1937 2497 quod
1965 2440 2019 2482 et
2043 2428 2159 2481 libri
2188 2429 2384 2498 aliquot
2407 2449 2436 2481 a

1426 2503 1654 2558 Ciosano
1677 2506 1832 2559 citati.
1871 2506 2056 2559 Excusi
2081 2525 2265 2560 omnes
2290 2526 2438 2559 men-

1423 2601 1533 2635 sum
1555 2583 1822 2650 retinent,
1846 2584 2095 2638 Prisciani
2119 2584 2237 2637 freti
2257 2595 2439 2637 aucto-

1423 2662 1595 2714 ritate.
1626 2661 1740 2730 Ego
1763 2672 1902 2715 certe
1928 2663 2216 2732 genitivum
2242 2663 2438 2732 genui-

1424 2758 1556 2791 num
1578 2740 1915 2794 scribendum
1953 2760 2142 2794 censeo
2168 2745 2438 2806 masclam,-

1424 2817 1564 2870 inter
1583 2817 1944 2871 scandendum
1960 2810 2117 2884 vero',
2142 2839 2210 2872 ne
2227 2819 2326 2889 legi
2345 2819 2439 2872 Pe-

1424 2893 1523 2947 dic
1546 2894 1840 2964 oppedatur
1858 2935 1874 2962 ‚
1900 2896 2134 2950 adbiberi
2163 2916 2310 2965 posse
2332 2896 2438 2966 Sy-

1424 2975 1646 3027 naeresin
1676 2992 1770 3026 seu
1793 2974 2223 3046 Synecphonesin
2245 3015 2260 3040 ,
2291 2985 2350 3028 ut
2382 2974 2437 3026 in

1425 3050 1638 3104 AEneid.
1657 3051 1736 3106 Vl
1751 3090 1766 3117 ‚
1787 3053 1851 3103 33
1864 3092 1879 3117 ,
1903 3058 2257 3121 qne'npmtinus
2268 3058 2438 3106 σηπία

1427 3132 1737 3197 strlegereae!
1745 3136 1926 3185 oculis.
1938 3132 2008 3185 Et
2019 3133 2154 3202 apud
2166 3134 2415 3186 Nostrum
2423 3173 2438 3199 ,

1427 3209 1484 3273 1,
1513 3213 1606 3262 150
1622 3248 1637 3275 ‚
1664 3208 1877 3276 quidam
1900 3209 2083 3278 legunt
2112 3211 2305 3263 Ultima
2326 3230 2436 3262 cae-

1422 3289 1619 3338 leste’um
1641 3298 1800 3338 Iertes
1819 3289 2022 3339 Astraeae
2041 3290 2250 3356 reliquit.
2277 3286 2442 3341 Ed.—

1425 3365 1643 3425 Deam,-
1673 3381 1867 3432 nempe
1891 3363 2101 3417 lunsres
2123 3383 2329 3418 menses
2351 3364 2437 3417 in-

1425 3439 1612 3510 tellige.
1625 3442 1906 3493 -Mmoe
1920 3451 2122 3504 nostras
2152 3460 2267 3509 quae
2289 3441 2438 3510 stipi-

1428 3525 1535 3568 tem
1554 3536 1646 3570 seu
1666 3527 1864 3570 torrem
1882 3518 1937 3570 in
1956 3517 2102 3570 bunc
2119 3536 2281 3584 usque
2295 3517 2438 3572 diem

1420 3596 1640 3648 servavi.
1661 3599 1762 3648 Ed.

1492 3676 1603 3727 503.
1629 3676 1875 3734 Horti-em·
1902 3673 2243 3729 Burmannus
2264 3676 2441 3730 mallet

1417 3760 1637 3807 monim·
1653 3793 1665 3813 ‚
1694 3753 1837 3823 quod
1860 3755 2056 3808 furenti
2078 3747 2261 3825 aptius.
2288 3757 2440 3826 Regii

1422 3833 1590 3885 nostri
1610 3831 1738 3884 nibil
1753 3842 1976 3886 nutant.
1994 3837 2316 3899 -Premiu
2337 3852 2439 3902 ρα-

1420 3931 1587 3964 na.—
1609 3912 1706 3964 Vc!
1724 3932 1800 3965 me
1822 3923 1921 3966 etc.
1948 3913 2068 3981 quia
2093 3913 2284 3965 Manes
2303 3912 2442 3966 inse·-

1424 3989 1526 4041 rias
1552 3990 1829 4057 postulant.

1492 4067 1608 4118 506.
1625 4070 1890 4133 Etcaept‘o5
1917 4068 2103 4120 sratoes
2124 4066 2295 4120 ulcisci
2315 4068 2444 4121 sub·-

1424 4145 1586 4199 intelli
1594 4156 1757 4216 gatus-4
1774 4150 1848 4199 Et
1859 4166 2042 4215 nequeo
2056 4148 2111 4200 in
2127 4147 2305 4218 ignem
2323 4169 2444 4204 con·

1423 4227 1583 4294 jicere
1627 4237 1827 4280 torrem
1862 4227 2055 4297 pietate
2072 4269 2087 4295 ‚
2132 4248 2233 4298 qua
2271 4229 2440 4283 filium

1424 4321 1714 4373 prosequor
1731 4344 1745 4372 ,
1771 4304 2039 4375 impedita.
2064 4309 2163 4362 Ed.
2190 4336 2257 4350 —-
2280 4309 2441 4374 Sunt,-
