<?xml version="1.0" encoding="UTF-8"?>
<!DOCTYPE html PUBLIC "-//W3C//DTD XHTML 1.0 Transitional//EN"
    "http://www.w3.org/TR/xhtml1/DTD/xhtml1-transitional.dtd">
<html xmlns="http://www.w3.org/1999/xhtml" xml:lang="en" lang="en">
 <head>
  <title>
</title>
<meta http-equiv="Content-Type" content="text/html;charset=utf-8" />
  <meta name='ocr-system' content='tesseract 3.04.00' />
  <meta name='ocr-capabilities' content='ocr_page ocr_carea ocr_par ocr_line ocrx_word'/>
</head>
<body>
  <div class='ocr_page' id='page_1' title='image "./publiusovidiusn02giergoog_0183.png"; bbox 0 0 3185 5138; ppageno 0'>
   <div class='ocr_carea' id='block_1_1' title="bbox 285 570 2601 1395">
    <p class='ocr_par' dir='ltr' id='par_1_1' title="bbox 285 570 2601 1395">
     <span class='ocr_line' id='line_1_1' title="bbox 696 570 2473 667; baseline 0.001 -29"><span class='ocrx_word' id='word_1_1' title='bbox 696 570 1735 641; x_wconf 86' lang='lat' dir='ltr'><strong>METAMORPHOSEON</strong></span> <span class='ocrx_word' id='word_1_2' title='bbox 1795 574 1991 640; x_wconf 90' lang='lat' dir='ltr'>LIB.</span> <span class='ocrx_word' id='word_1_3' title='bbox 2039 576 2130 641; x_wconf 90' lang='lat' dir='ltr'>X.</span> <span class='ocrx_word' id='word_1_4' title='bbox 2363 600 2473 667; x_wconf 88' lang='lat'>171</span> 
     </span>
     <span class='ocr_line' id='line_1_2' title="bbox 356 697 2601 813; baseline 0 -27"><span class='ocrx_word' id='word_1_5' title='bbox 356 711 594 786; x_wconf 87' lang='lat' dir='ltr'>Noctis</span> <span class='ocrx_word' id='word_1_6' title='bbox 627 727 802 798; x_wconf 87' lang='lat' dir='ltr'>erat,</span> <span class='ocrx_word' id='word_1_7' title='bbox 837 710 1185 811; x_wconf 86' lang='lat' dir='ltr'>spatioque</span> <span class='ocrx_word' id='word_1_8' title='bbox 1219 712 1363 813; x_wconf 87' lang='lat' dir='ltr'>pari</span> <span class='ocrx_word' id='word_1_9' title='bbox 1398 713 1688 786; x_wconf 85' lang='lat' dir='ltr'>distabat</span> <span class='ocrx_word' id='word_1_10' title='bbox 1720 711 2095 813; x_wconf 81' lang='lat' dir='ltr'>utrimque3</span> <span class='ocrx_word' id='word_1_11' title='bbox 2395 738 2489 808; x_wconf 67' lang='lat'>125</span> <span class='ocrx_word' id='word_1_12' title='bbox 2590 697 2601 706; x_wconf 90' lang='lat'>.</span> 
     </span>
     <span class='ocr_line' id='line_1_3' title="bbox 361 825 2214 931; baseline -0.001 -27"><span class='ocrx_word' id='word_1_13' title='bbox 361 832 667 930; x_wconf 85' lang='lat' dir='ltr'>Corpora</span> <span class='ocrx_word' id='word_1_14' title='bbox 698 844 878 902; x_wconf 85' lang='lat' dir='ltr'>veste</span> <span class='ocrx_word' id='word_1_15' title='bbox 911 825 1126 900; x_wconf 84' lang='lat' dir='ltr'>levant</span> <span class='ocrx_word' id='word_1_16' title='bbox 1148 884 1167 916; x_wconf 89' lang='lat'>‚</span> <span class='ocrx_word' id='word_1_17' title='bbox 1205 847 1273 903; x_wconf 86' lang='lat' dir='ltr'>et</span> <span class='ocrx_word' id='word_1_18' title='bbox 1304 858 1501 903; x_wconf 87' lang='lat' dir='ltr'>succo</span> <span class='ocrx_word' id='word_1_19' title='bbox 1537 829 1807 931; x_wconf 84' lang='lat' dir='ltr'>pinguis</span> <span class='ocrx_word' id='word_1_20' title='bbox 1843 828 1998 902; x_wconf 83' lang='lat' dir='ltr'>olivi</span> <span class='ocrx_word' id='word_1_21' title='bbox 2208 838 2214 844; x_wconf 77' lang='grc'>’</span> 
     </span>
     <span class='ocr_line' id='line_1_4' title="bbox 357 943 2032 1048; baseline -0.001 -28"><span class='ocrx_word' id='word_1_22' title='bbox 357 945 883 1048; x_wconf 75' lang='lat' dir='ltr'>splendescunt,</span> <span class='ocrx_word' id='word_1_23' title='bbox 920 943 1166 1046; x_wconf 72' lang='lat' dir='ltr'>latique</span> <span class='ocrx_word' id='word_1_24' title='bbox 1196 946 1430 1020; x_wconf 85' lang='lat' dir='ltr'>ineunt</span> <span class='ocrx_word' id='word_1_25' title='bbox 1461 947 1814 1020; x_wconf 86' lang='lat' dir='ltr'>certamina</span> <span class='ocrx_word' id='word_1_26' title='bbox 1849 946 2032 1021; x_wconf 90' lang='lat' dir='ltr'>disci.</span> 
     </span>
     <span class='ocr_line' id='line_1_5' title="bbox 285 1056 2056 1163; baseline -0.001 -25"><span class='ocrx_word' id='word_1_27' title='bbox 285 1137 290 1138; x_wconf 18' lang='lat' dir='ltr'><em>ff</em></span> <span class='ocrx_word' id='word_1_28' title='bbox 360 1063 579 1159; x_wconf 82' lang='lat' dir='ltr'>Quem</span> <span class='ocrx_word' id='word_1_29' title='bbox 615 1062 803 1163; x_wconf 84' lang='lat' dir='ltr'>prius</span> <span class='ocrx_word' id='word_1_30' title='bbox 838 1056 1043 1135; x_wconf 73' lang='lat' dir='ltr'>aerias</span> <span class='ocrx_word' id='word_1_31' title='bbox 1081 1062 1392 1135; x_wconf 88' lang='lat' dir='ltr'>libratum</span> <span class='ocrx_word' id='word_1_32' title='bbox 1433 1063 1729 1136; x_wconf 78' lang='lat' dir='ltr'>Phoebus</span> <span class='ocrx_word' id='word_1_33' title='bbox 1765 1063 1833 1135; x_wconf 89' lang='lat' dir='ltr'>in</span> <span class='ocrx_word' id='word_1_34' title='bbox 1866 1092 2056 1137; x_wconf 88' lang='lat' dir='ltr'>auras</span> 
     </span>
     <span class='ocr_line' id='line_1_6' title="bbox 359 1177 2487 1279; baseline 0.003 -28"><span class='ocrx_word' id='word_1_35' title='bbox 359 1177 593 1260; x_wconf 82' lang='lat' dir='ltr'>Misit,</span> <span class='ocrx_word' id='word_1_36' title='bbox 632 1194 699 1251; x_wconf 86' lang='lat' dir='ltr'>et</span> <span class='ocrx_word' id='word_1_37' title='bbox 734 1177 1080 1278; x_wconf 85' lang='lat' dir='ltr'>oppositas</span> <span class='ocrx_word' id='word_1_38' title='bbox 1112 1177 1369 1276; x_wconf 88' lang='lat' dir='ltr'>disjecit</span> <span class='ocrx_word' id='word_1_39' title='bbox 1395 1179 1690 1279; x_wconf 88' lang='lat' dir='ltr'>pondere</span> <span class='ocrx_word' id='word_1_40' title='bbox 1723 1180 1955 1254; x_wconf 89' lang='lat' dir='ltr'>nubes.</span> <span class='ocrx_word' id='word_1_41' title='bbox 2482 1253 2487 1258; x_wconf 86' lang='grc'><strong><em>,</em></strong></span> 
     </span>
     <span class='ocr_line' id='line_1_7' title="bbox 363 1289 2498 1395; baseline 0 -29"><span class='ocrx_word' id='word_1_42' title='bbox 363 1291 630 1366; x_wconf 84' lang='lat' dir='ltr'><strong>Recidit</strong></span> <span class='ocrx_word' id='word_1_43' title='bbox 659 1290 728 1363; x_wconf 90' lang='lat' dir='ltr'>in</span> <span class='ocrx_word' id='word_1_44' title='bbox 763 1291 1046 1365; x_wconf 88' lang='lat' dir='ltr'>solidam</span> <span class='ocrx_word' id='word_1_45' title='bbox 1085 1291 1290 1387; x_wconf 87' lang='lat' dir='ltr'>longo</span> <span class='ocrx_word' id='word_1_46' title='bbox 1326 1289 1482 1394; x_wconf 83' lang='lat' dir='ltr'>post</span> <span class='ocrx_word' id='word_1_47' title='bbox 1521 1310 1812 1395; x_wconf 89' lang='lat' dir='ltr'>tempore</span> <span class='ocrx_word' id='word_1_48' title='bbox 1847 1312 2083 1369; x_wconf 88' lang='lat' dir='ltr'>terram</span> <span class='ocrx_word' id='word_1_49' title='bbox 2404 1320 2498 1371; x_wconf 82' lang='lat'>180</span> 
     </span>
    </p>
   </div>
   <div class='ocr_carea' id='block_1_2' title="bbox 359 1408 2166 1630">
    <p class='ocr_par' dir='ltr' id='par_1_2' title="bbox 359 1408 2166 1630">
     <span class='ocr_line' id='line_1_8' title="bbox 359 1408 2166 1508; baseline 0.001 -26"><span class='ocrx_word' id='word_1_50' title='bbox 359 1409 638 1482; x_wconf 83' lang='lat' dir='ltr'>Pondus</span> <span class='ocrx_word' id='word_1_51' title='bbox 659 1466 676 1498; x_wconf 88' lang='lat'>,</span> <span class='ocrx_word' id='word_1_52' title='bbox 712 1426 777 1482; x_wconf 85' lang='lat' dir='ltr'>et</span> <span class='ocrx_word' id='word_1_53' title='bbox 811 1408 1114 1482; x_wconf 76' lang='lat' dir='ltr'>exhibuit</span> <span class='ocrx_word' id='word_1_54' title='bbox 1143 1409 1437 1508; x_wconf 88' lang='lat' dir='ltr'>junctam</span> <span class='ocrx_word' id='word_1_55' title='bbox 1470 1439 1621 1484; x_wconf 89' lang='lat' dir='ltr'>cum</span> <span class='ocrx_word' id='word_1_56' title='bbox 1651 1411 1906 1485; x_wconf 85' lang='lat' dir='ltr'>viribus</span> <span class='ocrx_word' id='word_1_57' title='bbox 1932 1428 2166 1485; x_wconf 86' lang='lat' dir='ltr'>artem.</span> 
     </span>
     <span class='ocr_line' id='line_1_9' title="bbox 360 1525 2053 1630; baseline 0.002 -33"><span class='ocrx_word' id='word_1_58' title='bbox 360 1525 681 1599; x_wconf 82' lang='lat' dir='ltr'><strong>Protinus</strong></span> <span class='ocrx_word' id='word_1_59' title='bbox 715 1525 1139 1626; x_wconf 74' lang='lat' dir='ltr'>imprudenS‚</span> <span class='ocrx_word' id='word_1_60' title='bbox 1178 1543 1494 1628; x_wconf 84' lang='lat' dir='ltr'>actusque</span> <span class='ocrx_word' id='word_1_61' title='bbox 1529 1527 1837 1630; x_wconf 84' lang='lat' dir='ltr'>cupidine</span> <span class='ocrx_word' id='word_1_62' title='bbox 1869 1526 2053 1615; x_wconf 84' lang='lat' dir='ltr'>ludi,</span> 
     </span>
    </p>
   </div>
   <div class='ocr_carea' id='block_1_3' title="bbox 362 1694 1399 4429">
    <p class='ocr_par' dir='ltr' id='par_1_3' title="bbox 362 1694 1399 4429">
     <span class='ocr_line' id='line_1_10' title="bbox 362 1694 1379 1765; baseline 0 -16"><span class='ocrx_word' id='word_1_63' title='bbox 362 1707 493 1749; x_wconf 75' lang='lat' dir='ltr'>turae</span> <span class='ocrx_word' id='word_1_64' title='bbox 519 1714 532 1747; x_wconf 74' lang='grc' dir='ltr'>ε</span> <span class='ocrx_word' id='word_1_65' title='bbox 562 1694 678 1748; x_wconf 81' lang='lat' dir='ltr'>vide</span> <span class='ocrx_word' id='word_1_66' title='bbox 709 1694 772 1748; x_wconf 88' lang='lat' dir='ltr'>ad</span> <span class='ocrx_word' id='word_1_67' title='bbox 807 1696 886 1750; x_wconf 86' lang='lat' dir='ltr'>lx</span> <span class='ocrx_word' id='word_1_68' title='bbox 903 1737 916 1758; x_wconf 82' lang='lat'><strong>‚</strong></span> <span class='ocrx_word' id='word_1_69' title='bbox 958 1699 1013 1762; x_wconf 80' lang='lat'>4¹</span> <span class='ocrx_word' id='word_1_70' title='bbox 1025 1717 1068 1765; x_wconf 91' lang='lat'>7.</span> <span class='ocrx_word' id='word_1_71' title='bbox 1093 1724 1159 1736; x_wconf 91' lang='lat'>—</span> <span class='ocrx_word' id='word_1_72' title='bbox 1184 1699 1379 1751; x_wconf 80' lang='lat' dir='ltr'>Noctis.</span> 
     </span>
     <span class='ocr_line' id='line_1_11' title="bbox 369 1772 1375 1839; baseline 0.003 -13"><span class='ocrx_word' id='word_1_73' title='bbox 369 1772 615 1826; x_wconf 87' lang='lat' dir='ltr'>Cantabr.</span> <span class='ocrx_word' id='word_1_74' title='bbox 642 1773 950 1827; x_wconf 87' lang='lat' dir='ltr'>Basileensis</span> <span class='ocrx_word' id='word_1_75' title='bbox 971 1785 1025 1827; x_wconf 89' lang='lat' dir='ltr'>et</span> <span class='ocrx_word' id='word_1_76' title='bbox 1043 1774 1171 1828; x_wconf 88' lang='lat' dir='ltr'>alius</span> <span class='ocrx_word' id='word_1_77' title='bbox 1193 1778 1349 1829; x_wconf 81' lang='lat' dir='ltr'>Lucis</span> <span class='ocrx_word' id='word_1_78' title='bbox 1362 1817 1375 1839; x_wconf 94' lang='lat'><strong><em>‚</em></strong></span> 
     </span>
     <span class='ocr_line' id='line_1_12' title="bbox 366 1850 1381 1921; baseline 0.003 -19"><span class='ocrx_word' id='word_1_79' title='bbox 366 1870 472 1903; x_wconf 86' lang='lat' dir='ltr'>non</span> <span class='ocrx_word' id='word_1_80' title='bbox 500 1850 830 1919; x_wconf 79' lang='lat' dir='ltr'>improbante</span> <span class='ocrx_word' id='word_1_81' title='bbox 855 1852 1381 1921; x_wconf 79' lang='lat' dir='ltr'>Burmanno.—-Spa-</span> 
     </span>
     <span class='ocr_line' id='line_1_13' title="bbox 364 1927 1382 1996; baseline 0.004 -18"><span class='ocrx_word' id='word_1_82' title='bbox 364 1932 525 1995; x_wconf 79' lang='lat' dir='ltr'>tioque</span> <span class='ocrx_word' id='word_1_83' title='bbox 540 1968 551 1978; x_wconf 89' lang='lat'>.</span> <span class='ocrx_word' id='word_1_84' title='bbox 571 1968 580 1978; x_wconf 94' lang='lat'>.</span> <span class='ocrx_word' id='word_1_85' title='bbox 600 1966 611 1977; x_wconf 92' lang='lat'>.</span> <span class='ocrx_word' id='word_1_86' title='bbox 624 1932 863 1996; x_wconf 76' lang='lat' dir='ltr'>utrimque</span> <span class='ocrx_word' id='word_1_87' title='bbox 876 1928 1039 1981; x_wconf 88' lang='lat' dir='ltr'>otiose</span> <span class='ocrx_word' id='word_1_88' title='bbox 1054 1927 1306 1982; x_wconf 88' lang='lat' dir='ltr'>additum.</span> <span class='ocrx_word' id='word_1_89' title='bbox 1317 1959 1382 1970; x_wconf 90' lang='lat'>—-</span> 
     </span>
     <span class='ocr_line' id='line_1_14' title="bbox 365 2007 1379 2075; baseline 0.004 -18"><span class='ocrx_word' id='word_1_90' title='bbox 365 2007 562 2058; x_wconf 67' lang='lat' dir='ltr'>Levant</span> <span class='ocrx_word' id='word_1_91' title='bbox 579 2015 714 2057; x_wconf 80' lang='lat' dir='ltr'>veste</span> <span class='ocrx_word' id='word_1_92' title='bbox 732 2047 742 2066; x_wconf 88' lang='lat'><strong>,</strong></span> <span class='ocrx_word' id='word_1_93' title='bbox 776 2016 1025 2075; x_wconf 88' lang='lat' dir='ltr'>tanquam</span> <span class='ocrx_word' id='word_1_94' title='bbox 1050 2025 1211 2060; x_wconf 87' lang='lat' dir='ltr'>onere</span> <span class='ocrx_word' id='word_1_95' title='bbox 1229 2047 1244 2073; x_wconf 83' lang='lat'>‚</span> <span class='ocrx_word' id='word_1_96' title='bbox 1269 2007 1379 2061; x_wconf 83' lang='lat' dir='ltr'>ele-</span> 
     </span>
     <span class='ocr_line' id='line_1_15' title="bbox 366 2081 1381 2152; baseline 0.001 -17"><span class='ocrx_word' id='word_1_97' title='bbox 366 2082 568 2151; x_wconf 76' lang='lat' dir='ltr'>gantius</span> <span class='ocrx_word' id='word_1_98' title='bbox 584 2122 599 2148; x_wconf 87' lang='lat'>,</span> <span class='ocrx_word' id='word_1_99' title='bbox 622 2101 778 2150; x_wconf 88' lang='lat' dir='ltr'>quam</span> <span class='ocrx_word' id='word_1_100' title='bbox 801 2083 1027 2152; x_wconf 79' lang='lat' dir='ltr'>vulgaria</span> <span class='ocrx_word' id='word_1_101' title='bbox 1043 2122 1057 2149; x_wconf 89' lang='lat'>,</span> <span class='ocrx_word' id='word_1_102' title='bbox 1075 2081 1350 2152; x_wconf 86' lang='lat' dir='ltr'>deponunt</span> <span class='ocrx_word' id='word_1_103' title='bbox 1365 2123 1381 2150; x_wconf 84' lang='lat'>‚</span> 
     </span>
     <span class='ocr_line' id='line_1_16' title="bbox 366 2162 1379 2233; baseline 0.004 -19"><span class='ocrx_word' id='word_1_104' title='bbox 366 2172 563 2215; x_wconf 84' lang='lat' dir='ltr'>exuunt</span> <span class='ocrx_word' id='word_1_105' title='bbox 577 2172 760 2216; x_wconf 73' lang='lat' dir='ltr'>vestes.</span> <span class='ocrx_word' id='word_1_106' title='bbox 779 2163 1029 2233; x_wconf 76' lang='lat' dir='ltr'>Virgilius</span> <span class='ocrx_word' id='word_1_107' title='bbox 1045 2203 1059 2229; x_wconf 90' lang='lat'>,</span> <span class='ocrx_word' id='word_1_108' title='bbox 1085 2162 1277 2233; x_wconf 86' lang='lat' dir='ltr'>Georg.</span> <span class='ocrx_word' id='word_1_109' title='bbox 1296 2165 1349 2217; x_wconf 84' lang='lat' dir='ltr'>ll</span> <span class='ocrx_word' id='word_1_110' title='bbox 1364 2204 1379 2230; x_wconf 91' lang='lat'>,</span> 
     </span>
     <span class='ocr_line' id='line_1_17' title="bbox 367 2242 1382 2310; baseline 0.002 -16"><span class='ocrx_word' id='word_1_111' title='bbox 367 2245 464 2309; x_wconf 75' lang='lat'>400</span> <span class='ocrx_word' id='word_1_112' title='bbox 483 2283 497 2309; x_wconf 90' lang='lat'>,</span> <span class='ocrx_word' id='word_1_113' title='bbox 528 2261 701 2296; x_wconf 80' lang='lat' dir='ltr'>nemus</span> <span class='ocrx_word' id='word_1_114' title='bbox 729 2247 892 2296; x_wconf 69' lang='lat' dir='ltr'>levate</span> <span class='ocrx_word' id='word_1_115' title='bbox 908 2242 1113 2310; x_wconf 81' lang='lat' dir='ltr'>fronde.</span> <span class='ocrx_word' id='word_1_116' title='bbox 1137 2272 1204 2283; x_wconf 92' lang='lat'><em>-</em></span> <span class='ocrx_word' id='word_1_117' title='bbox 1232 2245 1382 2296; x_wconf 71' lang='lat' dir='ltr'>olivi.</span> 
     </span>
     <span class='ocr_line' id='line_1_18' title="bbox 370 2321 1383 2391; baseline 0.001 -18"><span class='ocrx_word' id='word_1_118' title='bbox 370 2321 542 2390; x_wconf 84' lang='lat' dir='ltr'>Vulgo</span> <span class='ocrx_word' id='word_1_119' title='bbox 560 2325 716 2374; x_wconf 56' lang='lat' dir='ltr'>oliva</span> <span class='ocrx_word' id='word_1_120' title='bbox 736 2351 802 2362; x_wconf 92' lang='lat'>—</span> <span class='ocrx_word' id='word_1_121' title='bbox 824 2321 974 2391; x_wconf 82' lang='lat' dir='ltr'>Regii</span> <span class='ocrx_word' id='word_1_122' title='bbox 1000 2323 1165 2375; x_wconf 81' lang='lat' dir='ltr'>nostri</span> <span class='ocrx_word' id='word_1_123' title='bbox 1186 2321 1383 2374; x_wconf 88' lang='lat' dir='ltr'>babent</span> 
     </span>
     <span class='ocr_line' id='line_1_19' title="bbox 367 2398 1384 2453; baseline 0.001 -2"><span class='ocrx_word' id='word_1_124' title='bbox 367 2399 525 2452; x_wconf 87' lang='lat' dir='ltr'>etiam</span> <span class='ocrx_word' id='word_1_125' title='bbox 543 2403 684 2452; x_wconf 68' lang='lat' dir='ltr'>olive</span> <span class='ocrx_word' id='word_1_126' title='bbox 699 2419 715 2450; x_wconf 88' lang='lat'>.·</span> <span class='ocrx_word' id='word_1_127' title='bbox 738 2398 827 2451; x_wconf 89' lang='lat' dir='ltr'>sed</span> <span class='ocrx_word' id='word_1_128' title='bbox 845 2409 985 2453; x_wconf 88' lang='lat' dir='ltr'>recte</span> <span class='ocrx_word' id='word_1_129' title='bbox 1004 2419 1066 2453; x_wconf 84' lang='lat' dir='ltr'>ex</span> <span class='ocrx_word' id='word_1_130' title='bbox 1083 2399 1384 2453; x_wconf 87' lang='lat' dir='ltr'>melioribus</span> 
     </span>
     <span class='ocr_line' id='line_1_20' title="bbox 369 2475 1385 2544; baseline 0.001 -15"><span class='ocrx_word' id='word_1_131' title='bbox 369 2476 619 2529; x_wconf 74' lang='lat' dir='ltr'>Heinsius</span> <span class='ocrx_word' id='word_1_132' title='bbox 639 2477 832 2544; x_wconf 89' lang='lat' dir='ltr'>recepit</span> <span class='ocrx_word' id='word_1_133' title='bbox 853 2481 1003 2529; x_wconf 66' lang='lat' dir='ltr'>olivi:</span> <span class='ocrx_word' id='word_1_134' title='bbox 1020 2477 1161 2530; x_wconf 87' lang='lat' dir='ltr'>hunc</span> <span class='ocrx_word' id='word_1_135' title='bbox 1182 2475 1385 2530; x_wconf 78' lang='lat' dir='ltr'>vide.—</span> 
     </span>
     <span class='ocr_line' id='line_1_21' title="bbox 375 2554 1381 2624; baseline 0.002 -19"><span class='ocrx_word' id='word_1_136' title='bbox 375 2554 589 2615; x_wconf 60' lang='lat' dir='ltr'>olavum,</span> <span class='ocrx_word' id='word_1_137' title='bbox 618 2564 948 2624; x_wconf 83' lang='lat' dir='ltr'>unguentum</span> <span class='ocrx_word' id='word_1_138' title='bbox 964 2575 1026 2607; x_wconf 84' lang='lat' dir='ltr'>ex</span> <span class='ocrx_word' id='word_1_139' title='bbox 1038 2555 1155 2609; x_wconf 90' lang='lat' dir='ltr'>oleo</span> <span class='ocrx_word' id='word_1_140' title='bbox 1171 2564 1224 2608; x_wconf 92' lang='lat' dir='ltr'>et</span> <span class='ocrx_word' id='word_1_141' title='bbox 1237 2575 1353 2608; x_wconf 89' lang='lat' dir='ltr'>cera</span> <span class='ocrx_word' id='word_1_142' title='bbox 1368 2577 1381 2619; x_wconf 75' lang='grc' dir='ltr'>ς</span> 
     </span>
     <span class='ocr_line' id='line_1_22' title="bbox 368 2630 1382 2700; baseline 0.004 -17"><span class='ocrx_word' id='word_1_143' title='bbox 368 2637 419 2691; x_wconf 72' lang='grc' dir='ltr'><em>κῆ</em></span> <span class='ocrx_word' id='word_1_144' title='bbox 451 2656 558 2700; x_wconf 73' lang='grc' dir='ltr'>ωμα</span> <span class='ocrx_word' id='word_1_145' title='bbox 582 2631 797 2685; x_wconf 83' lang='lat' dir='ltr'>dictum.</span> <span class='ocrx_word' id='word_1_146' title='bbox 829 2630 1175 2686; x_wconf 71' lang='lat' dir='ltr'>Constantius</span> <span class='ocrx_word' id='word_1_147' title='bbox 1195 2633 1323 2686; x_wconf 90' lang='lat' dir='ltr'>Fan.</span> <span class='ocrx_word' id='word_1_148' title='bbox 1353 2653 1382 2687; x_wconf 90' lang='lat' dir='ltr'>e</span> 
     </span>
     <span class='ocr_line' id='line_1_23' title="bbox 369 2707 1385 2778; baseline 0.002 -18"><span class='ocrx_word' id='word_1_149' title='bbox 369 2708 417 2760; x_wconf 91' lang='lat' dir='ltr'>T</span> <span class='ocrx_word' id='word_1_150' title='bbox 460 2707 680 2778; x_wconf 83' lang='lat' dir='ltr'>ucydide</span> <span class='ocrx_word' id='word_1_151' title='bbox 711 2720 1004 2777; x_wconf 86' lang='lat' dir='ltr'>memorat,</span> <span class='ocrx_word' id='word_1_152' title='bbox 1039 2709 1385 2764; x_wconf 66' lang='lat' dir='ltr'>Lacedaemo-</span> 
     </span>
     <span class='ocr_line' id='line_1_24' title="bbox 370 2786 1386 2855; baseline 0.003 -17"><span class='ocrx_word' id='word_1_153' title='bbox 370 2787 484 2838; x_wconf 88' lang='lat' dir='ltr'>nios</span> <span class='ocrx_word' id='word_1_154' title='bbox 502 2786 698 2855; x_wconf 86' lang='lat' dir='ltr'>primos</span> <span class='ocrx_word' id='word_1_155' title='bbox 719 2787 998 2841; x_wconf 76' lang='lat' dir='ltr'>instituisse</span> <span class='ocrx_word' id='word_1_156' title='bbox 1017 2828 1032 2855; x_wconf 88' lang='lat'>‚</span> <span class='ocrx_word' id='word_1_157' title='bbox 1058 2797 1117 2840; x_wconf 88' lang='lat' dir='ltr'>ut</span> <span class='ocrx_word' id='word_1_158' title='bbox 1137 2788 1386 2842; x_wconf 78' lang='lat' dir='ltr'>certaturi</span> 
     </span>
     <span class='ocr_line' id='line_1_25' title="bbox 371 2863 1381 2936; baseline 0.003 -21"><span class='ocrx_word' id='word_1_159' title='bbox 371 2872 423 2916; x_wconf 88' lang='lat' dir='ltr'>et</span> <span class='ocrx_word' id='word_1_160' title='bbox 440 2874 605 2916; x_wconf 82' lang='lat' dir='ltr'>vestes</span> <span class='ocrx_word' id='word_1_161' title='bbox 626 2863 956 2933; x_wconf 86' lang='lat' dir='ltr'>deponerent</span> <span class='ocrx_word' id='word_1_162' title='bbox 970 2876 1023 2918; x_wconf 90' lang='lat' dir='ltr'>et</span> <span class='ocrx_word' id='word_1_163' title='bbox 1039 2864 1155 2918; x_wconf 88' lang='lat' dir='ltr'>oleo</span> <span class='ocrx_word' id='word_1_164' title='bbox 1177 2884 1381 2936; x_wconf 88' lang='lat' dir='ltr'>ungue-</span> 
     </span>
     <span class='ocr_line' id='line_1_26' title="bbox 369 2941 1386 3011; baseline 0.005 -18"><span class='ocrx_word' id='word_1_165' title='bbox 369 2953 572 2995; x_wconf 86' lang='lat' dir='ltr'>rentur.</span> <span class='ocrx_word' id='word_1_166' title='bbox 594 2941 653 2995; x_wconf 86' lang='lat' dir='ltr'>ld</span> <span class='ocrx_word' id='word_1_167' title='bbox 673 2942 812 3011; x_wconf 86' lang='lat' dir='ltr'>quod</span> <span class='ocrx_word' id='word_1_168' title='bbox 836 2953 1040 2997; x_wconf 85' lang='lat' dir='ltr'>mature</span> <span class='ocrx_word' id='word_1_169' title='bbox 1060 2943 1247 2997; x_wconf 84' lang='lat' dir='ltr'>imitati</span> <span class='ocrx_word' id='word_1_170' title='bbox 1263 2954 1386 2998; x_wconf 85' lang='lat' dir='ltr'>sunt</span> 
     </span>
     <span class='ocr_line' id='line_1_27' title="bbox 371 3019 1382 3090; baseline 0.005 -18"><span class='ocrx_word' id='word_1_171' title='bbox 371 3020 555 3087; x_wconf 82' lang='lat' dir='ltr'>reliqui</span> <span class='ocrx_word' id='word_1_172' title='bbox 580 3019 767 3073; x_wconf 66' lang='lat' dir='ltr'>Greci.</span> <span class='ocrx_word' id='word_1_173' title='bbox 793 3020 934 3073; x_wconf 85' lang='lat' dir='ltr'>Hinc</span> <span class='ocrx_word' id='word_1_174' title='bbox 952 3022 1172 3075; x_wconf 85' lang='lat' dir='ltr'>Homer.</span> <span class='ocrx_word' id='word_1_175' title='bbox 1194 3021 1382 3090; x_wconf 59' lang='lat' dir='ltr'>Ode,</span> 
     </span>
     <span class='ocr_line' id='line_1_28' title="bbox 378 3098 1386 3174; baseline 0.003 -22"><span class='ocrx_word' id='word_1_176' title='bbox 378 3100 470 3153; x_wconf 79' lang='lat'>186</span> <span class='ocrx_word' id='word_1_177' title='bbox 488 3139 503 3165; x_wconf 91' lang='lat'>‚</span> <span class='ocrx_word' id='word_1_178' title='bbox 521 3098 711 3153; x_wconf 83' lang='lat' dir='ltr'>diserte</span> <span class='ocrx_word' id='word_1_179' title='bbox 731 3099 901 3167; x_wconf 90' lang='lat' dir='ltr'>addit,</span> <span class='ocrx_word' id='word_1_180' title='bbox 931 3101 1172 3174; x_wconf 80' lang='lat' dir='ltr'>Ulyssem</span> <span class='ocrx_word' id='word_1_181' title='bbox 1191 3103 1386 3156; x_wconf 89' lang='lat' dir='ltr'>iratum</span> 
     </span>
     <span class='ocr_line' id='line_1_29' title="bbox 374 3177 1389 3258; baseline 0.007 -27"><span class='ocrx_word' id='word_1_182' title='bbox 374 3177 573 3233; x_wconf 87' lang='lat' dir='ltr'>discum</span> <span class='ocrx_word' id='word_1_183' title='bbox 598 3181 793 3235; x_wconf 78' lang='lat' dir='ltr'>misisse</span> <span class='ocrx_word' id='word_1_184' title='bbox 819 3187 941 3255; x_wconf 74' lang='grc' dir='ltr'>αὐτῷ</span> <span class='ocrx_word' id='word_1_185' title='bbox 972 3185 1098 3258; x_wconf 59' lang='grc' dir='ltr'><strong><em>φάρει</em></strong></span> <span class='ocrx_word' id='word_1_186' title='bbox 1114 3224 1128 3250; x_wconf 90' lang='grc'><strong>,</strong></span> <span class='ocrx_word' id='word_1_187' title='bbox 1155 3204 1266 3236; x_wconf 88' lang='lat' dir='ltr'>non</span> <span class='ocrx_word' id='word_1_188' title='bbox 1291 3184 1389 3238; x_wconf 91' lang='lat' dir='ltr'>de-</span> 
     </span>
     <span class='ocr_line' id='line_1_30' title="bbox 374 3259 1391 3328; baseline 0.004 -18"><span class='ocrx_word' id='word_1_189' title='bbox 374 3259 535 3328; x_wconf 86' lang='lat' dir='ltr'>posita</span> <span class='ocrx_word' id='word_1_190' title='bbox 561 3259 701 3328; x_wconf 89' lang='lat' dir='ltr'>prius</span> <span class='ocrx_word' id='word_1_191' title='bbox 728 3270 883 3313; x_wconf 82' lang='lat' dir='ltr'>veste.</span> <span class='ocrx_word' id='word_1_192' title='bbox 909 3261 1193 3315; x_wconf 81' lang='lat' dir='ltr'>Unxeruut</span> <span class='ocrx_word' id='word_1_193' title='bbox 1213 3274 1391 3317; x_wconf 87' lang='lat' dir='ltr'>autem</span> 
     </span>
     <span class='ocr_line' id='line_1_31' title="bbox 374 3338 1389 3409; baseline 0.003 -19"><span class='ocrx_word' id='word_1_194' title='bbox 374 3354 561 3407; x_wconf 87' lang='lat' dir='ltr'>corpus</span> <span class='ocrx_word' id='word_1_195' title='bbox 577 3378 590 3403; x_wconf 92' lang='lat'>,</span> <span class='ocrx_word' id='word_1_196' title='bbox 607 3338 796 3408; x_wconf 81' lang='lat' dir='ltr'>partim</span> <span class='ocrx_word' id='word_1_197' title='bbox 811 3346 869 3391; x_wconf 90' lang='lat' dir='ltr'>ut</span> <span class='ocrx_word' id='word_1_198' title='bbox 887 3350 1027 3392; x_wconf 85' lang='lat' dir='ltr'>artus</span> <span class='ocrx_word' id='word_1_199' title='bbox 1038 3341 1389 3409; x_wconf 75' lang='lat' dir='ltr'>munirentur,</span> 
     </span>
     <span class='ocr_line' id='line_1_32' title="bbox 375 3418 1304 3489; baseline 0.002 -18"><span class='ocrx_word' id='word_1_200' title='bbox 375 3419 565 3487; x_wconf 83' lang='lat' dir='ltr'>partim</span> <span class='ocrx_word' id='word_1_201' title='bbox 588 3430 647 3471; x_wconf 88' lang='lat' dir='ltr'>ut</span> <span class='ocrx_word' id='word_1_202' title='bbox 667 3418 830 3472; x_wconf 88' lang='lat' dir='ltr'>sudor</span> <span class='ocrx_word' id='word_1_203' title='bbox 851 3419 1304 3489; x_wconf 87' lang='lat' dir='ltr'>comprimeretur.</span> 
     </span>
     <span class='ocr_line' id='line_1_33' title="bbox 444 3497 1393 3565; baseline 0.003 -18"><span class='ocrx_word' id='word_1_204' title='bbox 444 3515 548 3565; x_wconf 85' lang='lat'><strong>¹77·</strong></span> <span class='ocrx_word' id='word_1_205' title='bbox 592 3497 875 3549; x_wconf 77' lang='lat' dir='ltr'>Certamina</span> <span class='ocrx_word' id='word_1_206' title='bbox 910 3499 1057 3549; x_wconf 85' lang='lat' dir='ltr'>disci.</span> <span class='ocrx_word' id='word_1_207' title='bbox 1097 3497 1393 3551; x_wconf 86' lang='lat' dir='ltr'>Discobolia</span> 
     </span>
     <span class='ocr_line' id='line_1_34' title="bbox 375 3574 1394 3646; baseline 0.005 -19"><span class='ocrx_word' id='word_1_208' title='bbox 375 3574 472 3628; x_wconf 80' lang='lat' dir='ltr'>suit</span> <span class='ocrx_word' id='word_1_209' title='bbox 490 3576 629 3629; x_wconf 89' lang='lat' dir='ltr'>inter</span> <span class='ocrx_word' id='word_1_210' title='bbox 644 3574 999 3646; x_wconf 85' lang='lat' dir='ltr'>antiquissima</span> <span class='ocrx_word' id='word_1_211' title='bbox 1017 3578 1394 3632; x_wconf 84' lang='lat' dir='ltr'>exercitationis</span> 
     </span>
     <span class='ocr_line' id='line_1_35' title="bbox 376 3655 1392 3724; baseline 0.003 -18"><span class='ocrx_word' id='word_1_212' title='bbox 376 3670 567 3724; x_wconf 80' lang='lat' dir='ltr'>genera</span> <span class='ocrx_word' id='word_1_213' title='bbox 589 3694 603 3720; x_wconf 90' lang='lat'>,</span> <span class='ocrx_word' id='word_1_214' title='bbox 642 3655 792 3724; x_wconf 84' lang='lat' dir='ltr'>cujus</span> <span class='ocrx_word' id='word_1_215' title='bbox 821 3665 873 3708; x_wconf 84' lang='lat' dir='ltr'>et</span> <span class='ocrx_word' id='word_1_216' title='bbox 903 3656 1173 3709; x_wconf 86' lang='lat' dir='ltr'>Homerus</span> <span class='ocrx_word' id='word_1_217' title='bbox 1191 3694 1205 3720; x_wconf 91' lang='lat'>,</span> <span class='ocrx_word' id='word_1_218' title='bbox 1234 3656 1293 3710; x_wconf 90' lang='lat' dir='ltr'>ll.</span> <span class='ocrx_word' id='word_1_219' title='bbox 1318 3665 1392 3722; x_wconf 64' lang='lat' dir='ltr'>Y,</span> 
     </span>
     <span class='ocr_line' id='line_1_36' title="bbox 376 3732 1395 3802; baseline 0 -18"><span class='ocrx_word' id='word_1_220' title='bbox 376 3732 473 3784; x_wconf 76' lang='lat'>826</span> <span class='ocrx_word' id='word_1_221' title='bbox 503 3752 615 3802; x_wconf 88' lang='lat' dir='ltr'>sqq.</span> <span class='ocrx_word' id='word_1_222' title='bbox 653 3743 705 3786; x_wconf 90' lang='lat' dir='ltr'>et</span> <span class='ocrx_word' id='word_1_223' title='bbox 741 3732 848 3786; x_wconf 89' lang='lat' dir='ltr'>Od.</span> <span class='ocrx_word' id='word_1_224' title='bbox 874 3742 947 3798; x_wconf 82' lang='grc' dir='ltr'>Θ,</span> <span class='ocrx_word' id='word_1_225' title='bbox 989 3733 1107 3799; x_wconf 82' lang='lat'>186,</span> <span class='ocrx_word' id='word_1_226' title='bbox 1135 3732 1395 3786; x_wconf 89' lang='lat' dir='ltr'>meminit.</span> 
     </span>
     <span class='ocr_line' id='line_1_37' title="bbox 374 3812 1397 3882; baseline 0.003 -19"><span class='ocrx_word' id='word_1_227' title='bbox 374 3814 707 3866; x_wconf 86' lang='lat' dir='ltr'>Discimassa</span> <span class='ocrx_word' id='word_1_228' title='bbox 723 3816 834 3865; x_wconf 81' lang='lat' dir='ltr'>lata</span> <span class='ocrx_word' id='word_1_229' title='bbox 852 3812 1159 3882; x_wconf 86' lang='lat' dir='ltr'>plerumque</span> <span class='ocrx_word' id='word_1_230' title='bbox 1178 3813 1397 3866; x_wconf 87' lang='lat' dir='ltr'>etlentis</span> 
     </span>
     <span class='ocr_line' id='line_1_38' title="bbox 376 3888 1392 3960; baseline 0.004 -21"><span class='ocrx_word' id='word_1_231' title='bbox 376 3888 602 3941; x_wconf 85' lang='lat' dir='ltr'>sormam</span> <span class='ocrx_word' id='word_1_232' title='bbox 628 3890 876 3944; x_wconf 85' lang='lat' dir='ltr'>reserens.</span> <span class='ocrx_word' id='word_1_233' title='bbox 903 3890 1134 3960; x_wconf 88' lang='lat' dir='ltr'>Lipperti</span> <span class='ocrx_word' id='word_1_234' title='bbox 1160 3889 1308 3943; x_wconf 86' lang='lat' dir='ltr'>Dact.</span> <span class='ocrx_word' id='word_1_235' title='bbox 1334 3891 1356 3943; x_wconf 93' lang='lat' dir='ltr'>l</span> <span class='ocrx_word' id='word_1_236' title='bbox 1378 3930 1392 3955; x_wconf 90' lang='lat'>,</span> 
     </span>
     <span class='ocr_line' id='line_1_39' title="bbox 377 3965 1397 4038; baseline 0.003 -20"><span class='ocrx_word' id='word_1_237' title='bbox 377 3966 493 4018; x_wconf 77' lang='lat'>623.</span> <span class='ocrx_word' id='word_1_238' title='bbox 527 3965 605 4017; x_wconf 82' lang='lat' dir='ltr'>Ea</span> <span class='ocrx_word' id='word_1_239' title='bbox 634 3969 712 4020; x_wconf 78' lang='lat' dir='ltr'>vel</span> <span class='ocrx_word' id='word_1_240' title='bbox 750 3988 957 4022; x_wconf 80' lang='lat' dir='ltr'>sursum</span> <span class='ocrx_word' id='word_1_241' title='bbox 991 3968 1016 4038; x_wconf 92' lang='lat'>(</span> <span class='ocrx_word' id='word_1_242' title='bbox 1042 3979 1098 4021; x_wconf 86' lang='lat' dir='ltr'>ut</span> <span class='ocrx_word' id='word_1_243' title='bbox 1131 3967 1180 4019; x_wconf 86' lang='lat' dir='ltr'>h.</span> <span class='ocrx_word' id='word_1_244' title='bbox 1205 3967 1283 4033; x_wconf 89' lang='lat' dir='ltr'>l.)</span> <span class='ocrx_word' id='word_1_245' title='bbox 1314 3967 1397 4021; x_wconf 78' lang='lat' dir='ltr'>vel</span> 
     </span>
     <span class='ocr_line' id='line_1_40' title="bbox 375 4046 1396 4114; baseline 0.004 -19"><span class='ocrx_word' id='word_1_246' title='bbox 375 4059 621 4114; x_wconf 78' lang='lat' dir='ltr'>prorsum</span> <span class='ocrx_word' id='word_1_247' title='bbox 638 4046 957 4114; x_wconf 82' lang='lat' dir='ltr'>projicienda</span> <span class='ocrx_word' id='word_1_248' title='bbox 976 4047 1309 4101; x_wconf 87' lang='lat' dir='ltr'>brachiorum</span> <span class='ocrx_word' id='word_1_249' title='bbox 1328 4049 1396 4100; x_wconf 82' lang='lat' dir='ltr'>vi·</span> 
     </span>
     <span class='ocr_line' id='line_1_41' title="bbox 377 4122 1397 4190; baseline 0.004 -16"><span class='ocrx_word' id='word_1_250' title='bbox 377 4141 462 4174; x_wconf 88' lang='lat' dir='ltr'>res</span> <span class='ocrx_word' id='word_1_251' title='bbox 479 4122 819 4190; x_wconf 86' lang='lat' dir='ltr'>augebantur.</span> <span class='ocrx_word' id='word_1_252' title='bbox 837 4124 943 4178; x_wconf 89' lang='lat' dir='ltr'>Sed</span> <span class='ocrx_word' id='word_1_253' title='bbox 963 4126 1190 4178; x_wconf 87' lang='lat' dir='ltr'>multum</span> <span class='ocrx_word' id='word_1_254' title='bbox 1204 4130 1331 4177; x_wconf 76' lang='lat' dir='ltr'>artis</span> <span class='ocrx_word' id='word_1_255' title='bbox 1344 4128 1397 4178; x_wconf 88' lang='lat' dir='ltr'>et</span> 
     </span>
     <span class='ocr_line' id='line_1_42' title="bbox 377 4200 1399 4273; baseline 0.005 -23"><span class='ocrx_word' id='word_1_256' title='bbox 377 4203 560 4252; x_wconf 82' lang='lat' dir='ltr'>virium</span> <span class='ocrx_word' id='word_1_257' title='bbox 576 4200 658 4253; x_wconf 87' lang='lat' dir='ltr'>ille</span> <span class='ocrx_word' id='word_1_258' title='bbox 677 4200 827 4255; x_wconf 87' lang='lat' dir='ltr'>ludus</span> <span class='ocrx_word' id='word_1_259' title='bbox 841 4205 1399 4273; x_wconf 67' lang='lat' dir='ltr'>requirebat—Libra-</span> 
     </span>
     <span class='ocr_line' id='line_1_43' title="bbox 376 4280 1397 4351; baseline 0.004 -19"><span class='ocrx_word' id='word_1_260' title='bbox 376 4291 508 4344; x_wconf 79' lang='lat' dir='ltr'>!um,</span> <span class='ocrx_word' id='word_1_261' title='bbox 539 4280 790 4351; x_wconf 84' lang='lat' dir='ltr'>agitatum</span> <span class='ocrx_word' id='word_1_262' title='bbox 808 4322 822 4348; x_wconf 90' lang='lat'>,</span> <span class='ocrx_word' id='word_1_263' title='bbox 842 4294 1073 4338; x_wconf 87' lang='lat' dir='ltr'>rotatum</span> <span class='ocrx_word' id='word_1_264' title='bbox 1088 4323 1102 4348; x_wconf 89' lang='lat'>,</span> <span class='ocrx_word' id='word_1_265' title='bbox 1122 4294 1180 4336; x_wconf 91' lang='lat' dir='ltr'>ut</span> <span class='ocrx_word' id='word_1_266' title='bbox 1198 4283 1397 4351; x_wconf 81' lang='lat' dir='ltr'>majore</span> 
     </span>
     <span class='ocr_line' id='line_1_44' title="bbox 380 4358 1396 4429; baseline 0.005 -20"><span class='ocrx_word' id='word_1_267' title='bbox 380 4358 431 4409; x_wconf 77' lang='lat' dir='ltr'>vi</span> <span class='ocrx_word' id='word_1_268' title='bbox 457 4369 510 4412; x_wconf 88' lang='lat' dir='ltr'>et</span> <span class='ocrx_word' id='word_1_269' title='bbox 532 4359 796 4414; x_wconf 80' lang='lat' dir='ltr'>celeritate</span> <span class='ocrx_word' id='word_1_270' title='bbox 816 4359 1029 4416; x_wconf 79' lang='lat' dir='ltr'>volaret.</span> <span class='ocrx_word' id='word_1_271' title='bbox 1051 4361 1139 4417; x_wconf 85' lang='lat' dir='ltr'>Sic</span> <span class='ocrx_word' id='word_1_272' title='bbox 1155 4361 1240 4429; x_wconf 79' lang='lat'>11,</span> <span class='ocrx_word' id='word_1_273' title='bbox 1268 4360 1365 4414; x_wconf 81' lang='lat'>308</span> <span class='ocrx_word' id='word_1_274' title='bbox 1379 4399 1396 4429; x_wconf 84' lang='lat'><em>‚</em></span> 
     </span>
    </p>
   </div>
   <div class='ocr_carea' id='block_1_4' title="bbox 1474 1697 2581 4428">
    <p class='ocr_par' dir='ltr' id='par_1_4' title="bbox 1474 1697 2573 2782">
     <span class='ocr_line' id='line_1_45' title="bbox 1474 1697 2494 1767; baseline -0.001 -17"><span class='ocrx_word' id='word_1_275' title='bbox 1474 1698 1686 1767; x_wconf 86' lang='lat' dir='ltr'>Jupiter</span> <span class='ocrx_word' id='word_1_276' title='bbox 1709 1702 1907 1750; x_wconf 80' lang='lat' dir='ltr'>vibrata</span> <span class='ocrx_word' id='word_1_277' title='bbox 1922 1698 2152 1765; x_wconf 78' lang='lat' dir='ltr'>sulme‘na</span> <span class='ocrx_word' id='word_1_278' title='bbox 2172 1697 2352 1764; x_wconf 68' lang='lat' dir='ltr'>jaciat</span> <span class='ocrx_word' id='word_1_279' title='bbox 2364 1737 2377 1762; x_wconf 92' lang='lat'>,</span> <span class='ocrx_word' id='word_1_280' title='bbox 2406 1697 2494 1749; x_wconf 78' lang='lat' dir='ltr'>ubi</span> 
     </span>
     <span class='ocr_line' id='line_1_46' title="bbox 1474 1773 2496 1840; baseline 0.001 -13"><span class='ocrx_word' id='word_1_281' title='bbox 1474 1775 1590 1827; x_wconf 78' lang='lat' dir='ltr'>vide</span> <span class='ocrx_word' id='word_1_282' title='bbox 1615 1787 1824 1839; x_wconf 86' lang='lat' dir='ltr'>notam;</span> <span class='ocrx_word' id='word_1_283' title='bbox 1855 1777 2123 1828; x_wconf 80' lang='lat' dir='ltr'>Homerus</span> <span class='ocrx_word' id='word_1_284' title='bbox 2143 1814 2157 1840; x_wconf 90' lang='lat'>,</span> <span class='ocrx_word' id='word_1_285' title='bbox 2186 1773 2237 1825; x_wconf 89' lang='lat' dir='ltr'>d.</span> <span class='ocrx_word' id='word_1_286' title='bbox 2258 1773 2287 1825; x_wconf 91' lang='lat' dir='ltr'>l.</span> <span class='ocrx_word' id='word_1_287' title='bbox 2319 1780 2391 1835; x_wconf 62' lang='grc' dir='ltr'>ἧκε</span> <span class='ocrx_word' id='word_1_288' title='bbox 2419 1781 2496 1828; x_wconf 69' lang='grc' dir='ltr'>δι-</span> 
     </span>
     <span class='ocr_line' id='line_1_47' title="bbox 1474 1850 2493 1928; baseline 0.001 -23"><span class='ocrx_word' id='word_1_289' title='bbox 1474 1859 1616 1914; x_wconf 74' lang='grc' dir='ltr'>νῆσας</span> <span class='ocrx_word' id='word_1_290' title='bbox 1632 1862 1682 1905; x_wconf 74' lang='lat' dir='ltr'>el</span> <span class='ocrx_word' id='word_1_291' title='bbox 1701 1857 2024 1928; x_wconf 54' lang='grc' dir='ltr'>περιετμίψαςς</span> <span class='ocrx_word' id='word_1_292' title='bbox 2042 1850 2368 1920; x_wconf 77' lang='lat' dir='ltr'>Propertius,</span> <span class='ocrx_word' id='word_1_293' title='bbox 2387 1852 2493 1916; x_wconf 75' lang='lat'>111,</span> 
     </span>
     <span class='ocr_line' id='line_1_48' title="bbox 1477 1931 2493 1995; baseline -0.003 -13"><span class='ocrx_word' id='word_1_294' title='bbox 1477 1945 1558 1982; x_wconf 80' lang='grc' dir='ltr'>ΧΠ</span> <span class='ocrx_word' id='word_1_295' title='bbox 1573 1969 1586 1995; x_wconf 84' lang='grc'>,</span> <span class='ocrx_word' id='word_1_296' title='bbox 1616 1949 1673 1983; x_wconf 90' lang='grc' dir='ltr'>ιο</span> <span class='ocrx_word' id='word_1_297' title='bbox 1687 1970 1700 1995; x_wconf 82' lang='grc'><em>,</em></span> <span class='ocrx_word' id='word_1_298' title='bbox 1722 1931 1922 1982; x_wconf 70' lang='lat' dir='ltr'>,Mis-sile</span> <span class='ocrx_word' id='word_1_299' title='bbox 1939 1950 2070 1982; x_wconf 76' lang='lat' dir='ltr'>nuuc</span> <span class='ocrx_word' id='word_1_300' title='bbox 2086 1931 2426 1995; x_wconf 79' lang='lat' dir='ltr'>discipondus</span> <span class='ocrx_word' id='word_1_301' title='bbox 2439 1936 2493 1980; x_wconf 83' lang='lat' dir='ltr'>in</span> 
     </span>
     <span class='ocr_line' id='line_1_49' title="bbox 1475 2006 2493 2062; baseline -0.001 -3"><span class='ocrx_word' id='word_1_302' title='bbox 1475 2012 1591 2060; x_wconf 82' lang='lat' dir='ltr'>orbe</span> <span class='ocrx_word' id='word_1_303' title='bbox 1613 2017 1758 2062; x_wconf 82' lang='lat' dir='ltr'>rolat.</span> <span class='ocrx_word' id='word_1_304' title='bbox 1773 2013 2041 2061; x_wconf 79' lang='lat' dir='ltr'>—Aerias</span> <span class='ocrx_word' id='word_1_305' title='bbox 2070 2027 2223 2060; x_wconf 85' lang='lat' dir='ltr'>auras</span> <span class='ocrx_word' id='word_1_306' title='bbox 2245 2028 2260 2060; x_wconf 88' lang='lat'>.·</span> <span class='ocrx_word' id='word_1_307' title='bbox 2286 2007 2402 2059; x_wconf 77' lang='lat' dir='ltr'>vide</span> <span class='ocrx_word' id='word_1_308' title='bbox 2428 2006 2493 2059; x_wconf 87' lang='lat' dir='ltr'>ad</span> 
     </span>
     <span class='ocr_line' id='line_1_50' title="bbox 1478 2085 2496 2159; baseline -0.004 -19"><span class='ocrx_word' id='word_1_309' title='bbox 1478 2086 1556 2140; x_wconf 85' lang='lat' dir='ltr'>lx</span> <span class='ocrx_word' id='word_1_310' title='bbox 1580 2126 1595 2152; x_wconf 85' lang='lat'>,</span> <span class='ocrx_word' id='word_1_311' title='bbox 1626 2107 1738 2159; x_wconf 82' lang='lat'><strong>²¹9·</strong></span> <span class='ocrx_word' id='word_1_312' title='bbox 1768 2087 1954 2155; x_wconf 87' lang='lat' dir='ltr'>Neque</span> <span class='ocrx_word' id='word_1_313' title='bbox 1981 2092 2150 2139; x_wconf 81' lang='lat' dir='ltr'>aerias</span> <span class='ocrx_word' id='word_1_314' title='bbox 2178 2086 2328 2154; x_wconf 87' lang='lat' dir='ltr'>plane</span> <span class='ocrx_word' id='word_1_315' title='bbox 2360 2085 2496 2137; x_wconf 86' lang='lat' dir='ltr'>otio-</span> 
     </span>
     <span class='ocr_line' id='line_1_51' title="bbox 1476 2164 2499 2236; baseline -0.004 -17"><span class='ocrx_word' id='word_1_316' title='bbox 1476 2186 1592 2219; x_wconf 89' lang='lat' dir='ltr'>sum</span> <span class='ocrx_word' id='word_1_317' title='bbox 1631 2187 1738 2220; x_wconf 86' lang='lat' dir='ltr'>esse</span> <span class='ocrx_word' id='word_1_318' title='bbox 1779 2178 1962 2236; x_wconf 86' lang='lat' dir='ltr'>putem</span> <span class='ocrx_word' id='word_1_319' title='bbox 1990 2206 2005 2234; x_wconf 86' lang='lat'>,</span> <span class='ocrx_word' id='word_1_320' title='bbox 2048 2164 2137 2219; x_wconf 87' lang='lat' dir='ltr'>sed</span> <span class='ocrx_word' id='word_1_321' title='bbox 2176 2171 2329 2217; x_wconf 79' lang='lat' dir='ltr'>aeria·</span> <span class='ocrx_word' id='word_1_322' title='bbox 2365 2185 2499 2217; x_wconf 74' lang='lat' dir='ltr'>aurae</span> 
     </span>
     <span class='ocr_line' id='line_1_52' title="bbox 1477 2244 2573 2313; baseline -0.003 -17"><span class='ocrx_word' id='word_1_323' title='bbox 1477 2245 1612 2297; x_wconf 85' lang='lat' dir='ltr'>sorte</span> <span class='ocrx_word' id='word_1_324' title='bbox 1630 2246 1661 2298; x_wconf 89' lang='lat' dir='ltr'>i.</span> <span class='ocrx_word' id='word_1_325' title='bbox 1681 2265 1729 2313; x_wconf 85' lang='lat' dir='ltr'>q.</span> <span class='ocrx_word' id='word_1_326' title='bbox 1748 2255 1918 2296; x_wconf 81' lang='lat' dir='ltr'>tenues</span> <span class='ocrx_word' id='word_1_327' title='bbox 1936 2285 1948 2306; x_wconf 83' lang='grc'><strong>,</strong></span> <span class='ocrx_word' id='word_1_328' title='bbox 1977 2244 2177 2312; x_wconf 59' lang='grc' dir='ltr'>Ιῲιιιᾎο</span> <span class='ocrx_word' id='word_1_329' title='bbox 2191 2258 2356 2304; x_wconf 77' lang='lat' dir='ltr'>aura-,⁶</span> <span class='ocrx_word' id='word_1_330' title='bbox 2378 2261 2495 2310; x_wconf 84' lang='lat' dir='ltr'>opp.</span> <span class='ocrx_word' id='word_1_331' title='bbox 2570 2253 2573 2256; x_wconf 76' lang='grc'><em>’</em></span> 
     </span>
     <span class='ocr_line' id='line_1_53' title="bbox 1478 2320 2503 2384; baseline -0.006 -8"><span class='ocrx_word' id='word_1_332' title='bbox 1478 2322 1623 2376; x_wconf 82' lang='lat' dir='ltr'>enim</span> <span class='ocrx_word' id='word_1_333' title='bbox 1655 2341 1776 2374; x_wconf 84' lang='lat' dir='ltr'>mox</span> <span class='ocrx_word' id='word_1_334' title='bbox 1810 2325 1981 2373; x_wconf 83' lang='lat' dir='ltr'>solida</span> <span class='ocrx_word' id='word_1_335' title='bbox 2017 2331 2162 2374; x_wconf 79' lang='lat' dir='ltr'>term.</span> <span class='ocrx_word' id='word_1_336' title='bbox 2186 2349 2251 2359; x_wconf 90' lang='lat'>—</span> <span class='ocrx_word' id='word_1_337' title='bbox 2275 2320 2503 2384; x_wconf 66' lang='lat' dir='ltr'>Delcjecit</span> 
     </span>
     <span class='ocr_line' id='line_1_54' title="bbox 1479 2395 2498 2472; baseline -0.004 -19"><span class='ocrx_word' id='word_1_338' title='bbox 1479 2400 1685 2472; x_wconf 81' lang='lat' dir='ltr'>gravius</span> <span class='ocrx_word' id='word_1_339' title='bbox 1701 2440 1715 2466; x_wconf 88' lang='lat'>‚</span> <span class='ocrx_word' id='word_1_340' title='bbox 1747 2418 1905 2467; x_wconf 87' lang='lat' dir='ltr'>quam</span> <span class='ocrx_word' id='word_1_341' title='bbox 1931 2401 2104 2454; x_wconf 58' lang='lat' dir='ltr'>debirit</span> <span class='ocrx_word' id='word_1_342' title='bbox 2124 2439 2136 2459; x_wconf 92' lang='lat'>‚</span> <span class='ocrx_word' id='word_1_343' title='bbox 2176 2396 2317 2467; x_wconf 88' lang='lat' dir='ltr'>quod</span> <span class='ocrx_word' id='word_1_344' title='bbox 2342 2395 2498 2450; x_wconf 86' lang='lat' dir='ltr'>babet</span> 
     </span>
     <span class='ocr_line' id='line_1_55' title="bbox 1479 2475 2499 2543; baseline -0.004 -12"><span class='ocrx_word' id='word_1_345' title='bbox 1479 2497 1617 2532; x_wconf 90' lang='lat' dir='ltr'>unus</span> <span class='ocrx_word' id='word_1_346' title='bbox 1638 2476 1840 2530; x_wconf 75' lang='lat' dir='ltr'>lleinsii</span> <span class='ocrx_word' id='word_1_347' title='bbox 1859 2475 2270 2530; x_wconf 78' lang='lat' dir='ltr'>MS.—P0ndere</span> <span class='ocrx_word' id='word_1_348' title='bbox 2288 2494 2499 2543; x_wconf 83' lang='lat' dir='ltr'>suspec-</span> 
     </span>
     <span class='ocr_line' id='line_1_56' title="bbox 1480 2552 2496 2624; baseline -0.004 -14"><span class='ocrx_word' id='word_1_349' title='bbox 1480 2568 1596 2611; x_wconf 89' lang='lat' dir='ltr'>tum</span> <span class='ocrx_word' id='word_1_350' title='bbox 1621 2563 1699 2609; x_wconf 84' lang='lat' dir='ltr'>est</span> <span class='ocrx_word' id='word_1_351' title='bbox 1724 2556 2037 2609; x_wconf 87' lang='lat' dir='ltr'>Burmanno</span> <span class='ocrx_word' id='word_1_352' title='bbox 2058 2594 2072 2621; x_wconf 89' lang='lat'>,</span> <span class='ocrx_word' id='word_1_353' title='bbox 2103 2553 2223 2624; x_wconf 89' lang='lat' dir='ltr'>quia</span> <span class='ocrx_word' id='word_1_354' title='bbox 2258 2552 2314 2607; x_wconf 89' lang='lat' dir='ltr'>in</span> <span class='ocrx_word' id='word_1_355' title='bbox 2343 2572 2496 2607; x_wconf 86' lang='lat' dir='ltr'>versu</span> 
     </span>
     <span class='ocr_line' id='line_1_57' title="bbox 1486 2631 2498 2703; baseline -0.007 -15"><span class='ocrx_word' id='word_1_356' title='bbox 1486 2636 1571 2688; x_wconf 84' lang='lat'>181</span> <span class='ocrx_word' id='word_1_357' title='bbox 1614 2634 1871 2703; x_wconf 86' lang='lat' dir='ltr'>repetitur</span> <span class='ocrx_word' id='word_1_358' title='bbox 1911 2652 1922 2686; x_wconf 90' lang='lat'>:</span> <span class='ocrx_word' id='word_1_359' title='bbox 1958 2631 2168 2702; x_wconf 74' lang='lat' dir='ltr'>conjicit</span> <span class='ocrx_word' id='word_1_360' title='bbox 2207 2636 2416 2685; x_wconf 77' lang='lat' dir='ltr'>verbere.</span> <span class='ocrx_word' id='word_1_361' title='bbox 2433 2660 2498 2671; x_wconf 93' lang='lat'>—</span> 
     </span>
     <span class='ocr_line' id='line_1_58' title="bbox 1480 2711 2077 2782; baseline -0.005 -15"><span class='ocrx_word' id='word_1_362' title='bbox 1480 2712 1657 2768; x_wconf 89' lang='lat' dir='ltr'>Nostri</span> <span class='ocrx_word' id='word_1_363' title='bbox 1682 2711 1832 2782; x_wconf 80' lang='lat' dir='ltr'>Regii</span> <span class='ocrx_word' id='word_1_364' title='bbox 1845 2712 2077 2779; x_wconf 78' lang='lat' dir='ltr'>pondere.</span> 
     </span>
    </p>

    <p class='ocr_par' dir='ltr' id='par_1_5' title="bbox 1482 2788 2581 3409">
     <span class='ocr_line' id='line_1_59' title="bbox 1532 2788 2499 2858; baseline -0.004 -13"><span class='ocrx_word' id='word_1_365' title='bbox 1532 2813 1551 2845; x_wconf 87' lang='lat'>1</span> <span class='ocrx_word' id='word_1_366' title='bbox 1562 2792 1643 2844; x_wconf 89' lang='lat'>80.</span> <span class='ocrx_word' id='word_1_367' title='bbox 1658 2794 1876 2844; x_wconf 77' lang='lat' dir='ltr'>Recidit.</span> <span class='ocrx_word' id='word_1_368' title='bbox 1890 2788 2126 2858; x_wconf 84' lang='lat' dir='ltr'>Quidam</span> <span class='ocrx_word' id='word_1_369' title='bbox 2141 2790 2349 2842; x_wconf 81' lang='lat' dir='ltr'>Decidit</span> <span class='ocrx_word' id='word_1_370' title='bbox 2357 2788 2499 2858; x_wconf 86' lang='lat' dir='ltr'>quod</span> 
     </span>
     <span class='ocr_line' id='line_1_60' title="bbox 1482 2869 2505 2942; baseline -0.003 -18"><span class='ocrx_word' id='word_1_371' title='bbox 1482 2870 1715 2942; x_wconf 83' lang='lat' dir='ltr'>placebat</span> <span class='ocrx_word' id='word_1_372' title='bbox 1741 2869 2055 2922; x_wconf 88' lang='lat' dir='ltr'>Constantio</span> <span class='ocrx_word' id='word_1_373' title='bbox 2074 2870 2201 2922; x_wconf 86' lang='lat' dir='ltr'>Fan.</span> <span class='ocrx_word' id='word_1_374' title='bbox 2216 2898 2282 2910; x_wconf 91' lang='lat'><strong>—</strong></span> <span class='ocrx_word' id='word_1_375' title='bbox 2295 2872 2505 2922; x_wconf 77' lang='lat' dir='ltr'>Decidit</span> 
     </span>
     <span class='ocr_line' id='line_1_61' title="bbox 1484 2949 2502 3024; baseline -0.003 -18"><span class='ocrx_word' id='word_1_376' title='bbox 1484 2953 1624 3024; x_wconf 90' lang='lat' dir='ltr'>quod</span> <span class='ocrx_word' id='word_1_377' title='bbox 1643 2953 1799 3006; x_wconf 82' lang='lat' dir='ltr'>habet</span> <span class='ocrx_word' id='word_1_378' title='bbox 1812 2950 1995 3006; x_wconf 82' lang='lat' dir='ltr'>Codex</span> <span class='ocrx_word' id='word_1_379' title='bbox 2011 2962 2188 3005; x_wconf 85' lang='lat' dir='ltr'>noster</span> <span class='ocrx_word' id='word_1_380' title='bbox 2199 2952 2264 3018; x_wconf 90' lang='lat' dir='ltr'>B,</span> <span class='ocrx_word' id='word_1_381' title='bbox 2284 2949 2349 3004; x_wconf 87' lang='lat' dir='ltr'>de</span> <span class='ocrx_word' id='word_1_382' title='bbox 2369 2970 2502 3020; x_wconf 88' lang='lat' dir='ltr'>pon-</span> 
     </span>
     <span class='ocr_line' id='line_1_62' title="bbox 1484 3029 2501 3101; baseline -0.003 -17"><span class='ocrx_word' id='word_1_383' title='bbox 1484 3032 1609 3086; x_wconf 89' lang='lat' dir='ltr'>dere</span> <span class='ocrx_word' id='word_1_384' title='bbox 1635 3031 1866 3101; x_wconf 89' lang='lat' dir='ltr'>quolibet</span> <span class='ocrx_word' id='word_1_385' title='bbox 1890 3031 1944 3083; x_wconf 91' lang='lat' dir='ltr'>in</span> <span class='ocrx_word' id='word_1_386' title='bbox 1969 3041 2161 3083; x_wconf 89' lang='lat' dir='ltr'>terram</span> <span class='ocrx_word' id='word_1_387' title='bbox 2186 3029 2393 3083; x_wconf 86' lang='lat' dir='ltr'>cadenti</span> <span class='ocrx_word' id='word_1_388' title='bbox 2418 3029 2501 3082; x_wconf 89' lang='lat' dir='ltr'>di-</span> 
     </span>
     <span class='ocr_line' id='line_1_63' title="bbox 1483 3104 2503 3173; baseline -0.007 -11"><span class='ocrx_word' id='word_1_389' title='bbox 1483 3109 1645 3173; x_wconf 85' lang='lat' dir='ltr'>citnr,</span> <span class='ocrx_word' id='word_1_390' title='bbox 1663 3118 1716 3162; x_wconf 93' lang='lat' dir='ltr'>et</span> <span class='ocrx_word' id='word_1_391' title='bbox 1731 3119 1903 3161; x_wconf 87' lang='lat' dir='ltr'>metro</span> <span class='ocrx_word' id='word_1_392' title='bbox 1922 3106 2107 3162; x_wconf 87' lang='lat' dir='ltr'>melius</span> <span class='ocrx_word' id='word_1_393' title='bbox 2121 3106 2383 3159; x_wconf 81' lang='lat' dir='ltr'>convenit.</span> <span class='ocrx_word' id='word_1_394' title='bbox 2399 3104 2503 3158; x_wconf 80' lang='lat' dir='ltr'>Ed.</span> 
     </span>
     <span class='ocr_line' id='line_1_64' title="bbox 1484 3182 2581 3255; baseline -0.002 -18"><span class='ocrx_word' id='word_1_395' title='bbox 1484 3187 1818 3239; x_wconf 58' lang='lat' dir='ltr'>—Eaehibuia</span> <span class='ocrx_word' id='word_1_396' title='bbox 1834 3184 2113 3255; x_wconf 81' lang='lat' dir='ltr'>Specimen</span> <span class='ocrx_word' id='word_1_397' title='bbox 2130 3182 2366 3237; x_wconf 83' lang='lat' dir='ltr'>exhibuit</span> <span class='ocrx_word' id='word_1_398' title='bbox 2380 3184 2505 3237; x_wconf 84' lang='lat' dir='ltr'>artis</span> <span class='ocrx_word' id='word_1_399' title='bbox 2576 3234 2581 3245; x_wconf 72' lang='grc'>,</span> 
     </span>
     <span class='ocr_line' id='line_1_65' title="bbox 1489 3260 2503 3335; baseline -0.003 -17"><span class='ocrx_word' id='word_1_400' title='bbox 1489 3274 1542 3318; x_wconf 89' lang='lat' dir='ltr'>et</span> <span class='ocrx_word' id='word_1_401' title='bbox 1559 3265 1749 3317; x_wconf 82' lang='lat' dir='ltr'>virium</span> <span class='ocrx_word' id='word_1_402' title='bbox 1768 3265 2021 3335; x_wconf 75' lang='lat' dir='ltr'>Apollinis</span> <span class='ocrx_word' id='word_1_403' title='bbox 2037 3306 2050 3331; x_wconf 92' lang='lat'>,</span> <span class='ocrx_word' id='word_1_404' title='bbox 2068 3263 2251 3317; x_wconf 79' lang='lat' dir='ltr'>confer</span> <span class='ocrx_word' id='word_1_405' title='bbox 2263 3260 2390 3329; x_wconf 85' lang='lat' dir='ltr'>Vll,</span> <span class='ocrx_word' id='word_1_406' title='bbox 2411 3281 2503 3334; x_wconf 80' lang='lat'>29:</span> 
     </span>
     <span class='ocr_line' id='line_1_66' title="bbox 1487 3340 2199 3409; baseline 0.001 -15"><span class='ocrx_word' id='word_1_407' title='bbox 1487 3340 1559 3395; x_wconf 88' lang='lat' dir='ltr'>ita</span> <span class='ocrx_word' id='word_1_408' title='bbox 1583 3352 1637 3396; x_wconf 89' lang='lat' dir='ltr'>et</span> <span class='ocrx_word' id='word_1_409' title='bbox 1661 3340 1740 3396; x_wconf 82' lang='lat' dir='ltr'>VI</span> <span class='ocrx_word' id='word_1_410' title='bbox 1759 3382 1773 3408; x_wconf 94' lang='lat'>‚</span> <span class='ocrx_word' id='word_1_411' title='bbox 1804 3342 1898 3396; x_wconf 85' lang='lat'>213</span> <span class='ocrx_word' id='word_1_412' title='bbox 1915 3383 1930 3409; x_wconf 87' lang='lat'>,</span> <span class='ocrx_word' id='word_1_413' title='bbox 1953 3346 2199 3396; x_wconf 71' lang='lat' dir='ltr'>exhibere.</span> 
     </span>
    </p>

    <p class='ocr_par' dir='ltr' id='par_1_6' title="bbox 1488 3415 2516 4428">
     <span class='ocr_line' id='line_1_67' title="bbox 1559 3415 2509 3491; baseline -0.004 -17"><span class='ocrx_word' id='word_1_414' title='bbox 1559 3442 1579 3474; x_wconf 84' lang='lat'><em>1</em></span> <span class='ocrx_word' id='word_1_415' title='bbox 1587 3421 1666 3475; x_wconf 81' lang='lat'>82.</span> <span class='ocrx_word' id='word_1_416' title='bbox 1684 3424 1943 3491; x_wconf 79' lang='lat' dir='ltr'>Actusque</span> <span class='ocrx_word' id='word_1_417' title='bbox 1956 3424 2187 3491; x_wconf 81' lang='lat' dir='ltr'>cupidine</span> <span class='ocrx_word' id='word_1_418' title='bbox 2198 3424 2319 3472; x_wconf 81' lang='lat' dir='ltr'>ludi.</span> <span class='ocrx_word' id='word_1_419' title='bbox 2331 3415 2509 3487; x_wconf 78' lang='lat' dir='ltr'>Vulgo</span> 
     </span>
     <span class='ocr_line' id='line_1_68' title="bbox 1488 3496 2509 3570; baseline -0.005 -15"><span class='ocrx_word' id='word_1_420' title='bbox 1488 3505 1721 3570; x_wconf 79' lang='lat' dir='ltr'>cupidine</span> <span class='ocrx_word' id='word_1_421' title='bbox 1739 3507 1883 3555; x_wconf 81' lang='lat' dir='ltr'>lusus</span> <span class='ocrx_word' id='word_1_422' title='bbox 1900 3520 1917 3566; x_wconf 87' lang='lat'>,·</span> <span class='ocrx_word' id='word_1_423' title='bbox 1940 3501 2279 3554; x_wconf 87' lang='lat' dir='ltr'>Burmannus</span> <span class='ocrx_word' id='word_1_424' title='bbox 2295 3496 2509 3566; x_wconf 77' lang='lat' dir='ltr'>conjicit</span> 
     </span>
     <span class='ocr_line' id='line_1_69' title="bbox 1490 3576 2509 3648; baseline -0.005 -15"><span class='ocrx_word' id='word_1_425' title='bbox 1490 3581 1723 3646; x_wconf 78' lang='lat' dir='ltr'>cupidine</span> <span class='ocrx_word' id='word_1_426' title='bbox 1744 3583 1913 3633; x_wconf 81' lang='lat' dir='ltr'>laudis</span> <span class='ocrx_word' id='word_1_427' title='bbox 1935 3601 1950 3631; x_wconf 86' lang='lat'>.·</span> <span class='ocrx_word' id='word_1_428' title='bbox 1971 3599 2067 3648; x_wconf 90' lang='lat' dir='ltr'>pro</span> <span class='ocrx_word' id='word_1_429' title='bbox 2089 3589 2234 3631; x_wconf 80' lang='lat' dir='ltr'><em>actus</em></span> <span class='ocrx_word' id='word_1_430' title='bbox 2245 3618 2258 3642; x_wconf 88' lang='lat'><em>,</em></span> <span class='ocrx_word' id='word_1_431' title='bbox 2287 3576 2369 3630; x_wconf 82' lang='lat' dir='ltr'>alii</span> <span class='ocrx_word' id='word_1_432' title='bbox 2394 3585 2509 3629; x_wconf 82' lang='lat' dir='ltr'><em>lac-</em></span> 
     </span>
     <span class='ocr_line' id='line_1_70' title="bbox 1490 3661 2507 3724; baseline -0.005 -14"><span class='ocrx_word' id='word_1_433' title='bbox 1490 3666 1598 3720; x_wconf 77' lang='lat' dir='ltr'>tus,</span> <span class='ocrx_word' id='word_1_434' title='bbox 1622 3668 1818 3723; x_wconf 78' lang='lat' dir='ltr'>raptus,</span> <span class='ocrx_word' id='word_1_435' title='bbox 1848 3666 2052 3724; x_wconf 77' lang='lat' dir='ltr'>captus,</span> <span class='ocrx_word' id='word_1_436' title='bbox 2076 3661 2241 3719; x_wconf 75' lang='lat' dir='ltr'>latus,</span> <span class='ocrx_word' id='word_1_437' title='bbox 2268 3665 2365 3709; x_wconf 85' lang='lat' dir='ltr'>etc.</span> <span class='ocrx_word' id='word_1_438' title='bbox 2391 3672 2507 3724; x_wconf 76' lang='lat' dir='ltr'>quae</span> 
     </span>
     <span class='ocr_line' id='line_1_71' title="bbox 1494 3732 2510 3805; baseline -0.002 -19"><span class='ocrx_word' id='word_1_439' title='bbox 1494 3736 1671 3787; x_wconf 87' lang='lat' dir='ltr'>omnia</span> <span class='ocrx_word' id='word_1_440' title='bbox 1683 3732 2386 3805; x_wconf 84' lang='lat' dir='ltr'>desendipossunt.—Codex</span> <span class='ocrx_word' id='word_1_441' title='bbox 2402 3732 2510 3785; x_wconf 87' lang='lat' dir='ltr'>Re-</span> 
     </span>
     <span class='ocr_line' id='line_1_72' title="bbox 1495 3809 2511 3884; baseline -0.004 -19"><span class='ocrx_word' id='word_1_442' title='bbox 1495 3813 1606 3884; x_wconf 77' lang='lat' dir='ltr'>gius</span> <span class='ocrx_word' id='word_1_443' title='bbox 1624 3813 1665 3865; x_wconf 83' lang='grc' dir='ltr'>Α</span> <span class='ocrx_word' id='word_1_444' title='bbox 1685 3853 1698 3880; x_wconf 84' lang='grc'><strong><em>,</em></strong></span> <span class='ocrx_word' id='word_1_445' title='bbox 1711 3824 1950 3883; x_wconf 80' lang='lat' dir='ltr'>actusque</span> <span class='ocrx_word' id='word_1_446' title='bbox 1960 3817 2196 3882; x_wconf 81' lang='lat' dir='ltr'>cupidine</span> <span class='ocrx_word' id='word_1_447' title='bbox 2209 3816 2372 3876; x_wconf 80' lang='lat' dir='ltr'>lusus,·</span> <span class='ocrx_word' id='word_1_448' title='bbox 2398 3809 2511 3862; x_wconf 90' lang='lat' dir='ltr'>Co-</span> 
     </span>
     <span class='ocr_line' id='line_1_73' title="bbox 1495 3891 2500 3962; baseline -0.003 -19"><span class='ocrx_word' id='word_1_449' title='bbox 1495 3891 1591 3943; x_wconf 87' lang='lat' dir='ltr'>dex</span> <span class='ocrx_word' id='word_1_450' title='bbox 1608 3891 1653 3943; x_wconf 86' lang='lat' dir='ltr'><strong>B</strong></span> <span class='ocrx_word' id='word_1_451' title='bbox 1676 3912 1737 3944; x_wconf 89' lang='lat' dir='ltr'>au</span> <span class='ocrx_word' id='word_1_452' title='bbox 1746 3903 1850 3944; x_wconf 90' lang='lat' dir='ltr'>tem</span> <span class='ocrx_word' id='word_1_453' title='bbox 1868 3898 2088 3962; x_wconf 77' lang='lat' dir='ltr'>artisque</span> <span class='ocrx_word' id='word_1_454' title='bbox 2099 3894 2331 3959; x_wconf 75' lang='lat' dir='ltr'>cupidine</span> <span class='ocrx_word' id='word_1_455' title='bbox 2341 3894 2500 3949; x_wconf 79' lang='lat' dir='ltr'>lusus,</span> 
     </span>
     <span class='ocr_line' id='line_1_74' title="bbox 1493 3961 2510 4039; baseline -0.003 -20"><span class='ocrx_word' id='word_1_456' title='bbox 1493 3967 1545 4019; x_wconf 90' lang='lat' dir='ltr'>id</span> <span class='ocrx_word' id='word_1_457' title='bbox 1572 3979 1680 4033; x_wconf 86' lang='lat' dir='ltr'>est,</span> <span class='ocrx_word' id='word_1_458' title='bbox 1708 3968 1955 4038; x_wconf 87' lang='lat' dir='ltr'>deceptus</span> <span class='ocrx_word' id='word_1_459' title='bbox 1975 3970 2218 4039; x_wconf 87' lang='lat' dir='ltr'>cupidine</span> <span class='ocrx_word' id='word_1_460' title='bbox 2242 3967 2391 4029; x_wconf 86' lang='lat' dir='ltr'>artis;</span> <span class='ocrx_word' id='word_1_461' title='bbox 2417 3961 2510 4017; x_wconf 86' lang='lat' dir='ltr'>sed</span> 
     </span>
     <span class='ocr_line' id='line_1_75' title="bbox 1494 4042 2510 4115; baseline -0.002 -19"><span class='ocrx_word' id='word_1_462' title='bbox 1494 4042 1657 4096; x_wconf 85' lang='lat' dir='ltr'>modo</span> <span class='ocrx_word' id='word_1_463' title='bbox 1670 4056 1826 4099; x_wconf 83' lang='lat' dir='ltr'>artem</span> <span class='ocrx_word' id='word_1_464' title='bbox 1837 4048 2147 4115; x_wconf 81' lang='lat' dir='ltr'>praecessisse</span> <span class='ocrx_word' id='word_1_465' title='bbox 2162 4044 2400 4097; x_wconf 82' lang='lat' dir='ltr'>vidimus.</span> <span class='ocrx_word' id='word_1_466' title='bbox 2412 4043 2510 4095; x_wconf 74' lang='lat' dir='ltr'>Ed.</span> 
     </span>
     <span class='ocr_line' id='line_1_76' title="bbox 1494 4120 2516 4176; baseline -0.002 -1"><span class='ocrx_word' id='word_1_467' title='bbox 1494 4151 1560 4162; x_wconf 92' lang='lat'>—</span> <span class='ocrx_word' id='word_1_468' title='bbox 1575 4120 1718 4175; x_wconf 85' lang='lat' dir='ltr'>Nihil</span> <span class='ocrx_word' id='word_1_469' title='bbox 1742 4124 2058 4176; x_wconf 87' lang='lat' dir='ltr'>mutandum</span> <span class='ocrx_word' id='word_1_470' title='bbox 2079 4125 2132 4176; x_wconf 89' lang='lat' dir='ltr'>in</span> <span class='ocrx_word' id='word_1_471' title='bbox 2153 4122 2203 4175; x_wconf 87' lang='lat' dir='ltr'>h.</span> <span class='ocrx_word' id='word_1_472' title='bbox 2227 4142 2355 4174; x_wconf 87' lang='lat' dir='ltr'>vers.</span> <span class='ocrx_word' id='word_1_473' title='bbox 2373 4120 2516 4174; x_wconf 88' lang='lat' dir='ltr'>Des-</span> 
     </span>
     <span class='ocr_line' id='line_1_77' title="bbox 1494 4200 2512 4270; baseline -0.001 -16"><span class='ocrx_word' id='word_1_474' title='bbox 1494 4201 1713 4254; x_wconf 88' lang='lat' dir='ltr'>cribitur</span> <span class='ocrx_word' id='word_1_475' title='bbox 1741 4202 1968 4255; x_wconf 82' lang='lat' dir='ltr'>fervidus</span> <span class='ocrx_word' id='word_1_476' title='bbox 2000 4202 2205 4270; x_wconf 76' lang='lat' dir='ltr'>juvenis</span> <span class='ocrx_word' id='word_1_477' title='bbox 2235 4210 2287 4254; x_wconf 91' lang='lat' dir='ltr'>et</span> <span class='ocrx_word' id='word_1_478' title='bbox 2324 4200 2512 4254; x_wconf 89' lang='lat' dir='ltr'>ardens</span> 
     </span>
     <span class='ocr_line' id='line_1_78' title="bbox 1495 4278 2510 4349; baseline -0.002 -16"><span class='ocrx_word' id='word_1_479' title='bbox 1495 4279 1760 4348; x_wconf 87' lang='lat' dir='ltr'>cupidine,</span> <span class='ocrx_word' id='word_1_480' title='bbox 1778 4299 1888 4332; x_wconf 93' lang='lat' dir='ltr'>non</span> <span class='ocrx_word' id='word_1_481' title='bbox 1904 4280 2088 4348; x_wconf 85' lang='lat' dir='ltr'>laudis,</span> <span class='ocrx_word' id='word_1_482' title='bbox 2105 4280 2193 4334; x_wconf 88' lang='lat' dir='ltr'>sed</span> <span class='ocrx_word' id='word_1_483' title='bbox 2209 4278 2366 4349; x_wconf 81' lang='lat' dir='ltr'>hujus</span> <span class='ocrx_word' id='word_1_484' title='bbox 2379 4279 2510 4345; x_wconf 84' lang='lat' dir='ltr'>ludi,</span> 
     </span>
     <span class='ocr_line' id='line_1_79' title="bbox 1497 4357 2515 4428; baseline -0.001 -18"><span class='ocrx_word' id='word_1_485' title='bbox 1497 4359 1586 4428; x_wconf 88' lang='lat' dir='ltr'>qui</span> <span class='ocrx_word' id='word_1_486' title='bbox 1600 4358 1683 4410; x_wconf 78' lang='lat' dir='ltr'>vix</span> <span class='ocrx_word' id='word_1_487' title='bbox 1698 4367 1989 4427; x_wconf 82' lang='lat' dir='ltr'>exspectare</span> <span class='ocrx_word' id='word_1_488' title='bbox 2005 4368 2205 4428; x_wconf 88' lang='lat' dir='ltr'>potest,</span> <span class='ocrx_word' id='word_1_489' title='bbox 2224 4357 2393 4411; x_wconf 89' lang='lat' dir='ltr'>donec</span> <span class='ocrx_word' id='word_1_490' title='bbox 2408 4357 2515 4409; x_wconf 86' lang='lat' dir='ltr'>dis-</span> 
     </span>
    </p>
   </div>
  </div>
 </body>
</html>
