3185 5138
626 507 1660 590 METAMORPHOSEON
1715 509 1909 576 LIB.
1967 509 2185 579 XIV.

358 654 558 727 Hunc
586 647 865 727 miratur
893 653 1078 726 Abas
1104 681 1121 741 ;
1159 668 1229 727 et
1258 650 1418 726 dum
1448 647 1775 726 mirantur
1794 706 1813 738 ‚
1850 650 2143 724 eamdem

356 765 718 867 Accipiunt
746 765 979 840 faciem
1010 797 1025 839 :
1056 793 1506 866 numerusque
1543 793 1621 839 ex
1661 765 1917 859 agmine
1948 763 2161 864 major

361 880 722 969 subvolat,
759 900 825 955 et
855 910 1072 955 remos
1107 880 1359 982 plausis
1395 881 1842 954 circumsonat
1870 878 2012 953 alis.

360 997 432 1069 Si
468 996 809 1072 volucrum
844 1026 990 1099 quae
1025 997 1111 1071 sit
1145 997 1514 1071 subitarum
1548 996 1762 1070 sorma
1787 995 2109 1097 requiris;

358 1115 457 1189 Ut
486 1142 625 1186 non
660 1142 1053 1215 cycnorum,
1093 1114 1186 1187 sic
1217 1112 1386 1187 albis
1423 1114 1720 1215 proxima
1755 1113 2000 1214 cycnis.

359 1230 490 1304 Vix
527 1231 829 1332 equidem
857 1231 978 1305 has
1011 1231 1201 1305 sedes
1227 1286 1246 1318 ‚
1282 1247 1352 1305 et
1386 1230 1653 1331 Iapygis
1681 1230 1864 1303 arida
1898 1228 2123 1303 Dauni

2397 1247 2495 1299 510

355 1350 533 1424 Arva
571 1377 771 1445 gener
800 1367 993 1424 teneo
1018 1406 1037 1436 ‚
1073 1349 1341 1423 minima
1374 1375 1523 1422 cum
1556 1365 1743 1448 parte
1771 1375 2084 1421 meorum.
2123 1379 2160 1412 »

453 1469 536 1538 V.
579 1469 916 1544 Hactenus
953 1467 1250 1542 OEnides
1284 1497 1297 1540 :
1327 1464 1630 1541 Venulus
1667 1464 2035 1566 Calydonia
2065 1493 2297 1562 regna,

358 1587 835 1688 Peucetiosque
873 1588 1096 1673 sium,
1134 1585 1602 1686 Messapiaque
1635 1589 1787 1658 arva
1814 1583 2151 1686 relinquit.

355 1701 440 1774 In
474 1701 724 1802 quibus
755 1719 943 1776 antra
970 1700 1152 1774 videt
1171 1756 1190 1788 ,
1230 1728 1375 1801 quae
1405 1698 1616 1778 multa
1647 1698 1881 1774 nubila
1918 1698 2078 1774 silva
2100 1755 2119 1787 ‚

426 1875 539 1928 505.
561 1875 711 1928 Hunc
732 1880 942 1928 uebatur
957 1875 1012 1928 A
1014 1876 1108 1928 bas
1124 1874 1275 1945 Regii
1291 1893 1378 1928 co-

359 1949 497 2005 dices
514 1950 707 2005 habent
724 1990 740 2018 ,
766 1964 825 2006 ut
847 1972 1033 2006 omnes
1051 1951 1164 2019 alii,
1188 1963 1379 2021 praeter

358 2026 649 2080 secundum
676 2028 913 2082 vatican.
946 2039 1000 2082 et
1036 2027 1279 2083 Francos.
1315 2046 1376 2080 ex

360 2104 547 2172 quibus
562 2105 812 2159 Heinsius
828 2105 1270 2175 Burmannusque
1288 2114 1377 2170 ¹‘et

358 2194 475 2251 post
496 2203 584 2237 eos
612 2183 873 2254 Gierigius
892 2223 906 2250 ,
944 2183 1078 2236 male
1104 2185 1377 2237 ediderant

361 2263 510 2315 Hunc
529 2267 772 2315 mirantur
790 2258 940 2314 Abas
957 2302 971 2322 ‚
1015 2272 1073 2314 ut
1095 2260 1220 2313 illud
1249 2280 1377 2313 ver-

358 2338 486 2391 bum
515 2338 578 2390 ad
603 2338 948 2406 praecedentia
976 2339 1193 2392 nomina
1220 2338 1375 2391 simul

359 2415 668 2482 referretur,
687 2416 819 2468 sicut
833 2414 1113 2468 referenda
1129 2426 1252 2468 sunt
1269 2415 1376 2467 duo

355 2490 626 2560 seque'ntia
653 2493 810 2545 verba
849 2498 1095 2544 meh-antur
1119 2532 1132 2544 .
1158 2533 1169 2546 .
1194 2530 1207 2543 .
1234 2498 1378 2545 acci-

348 2576 531 2637 perant:
547 2569 638 2623 sed
655 2569 934 2624 maluimus
948 2589 1069 2623 cum
1089 2572 1256 2623 Abale
1269 2581 1376 2622 tan-

358 2650 804 2719 tumconjungere
819 2650 1037 2702 verbum
1056 2647 1194 2717 quod
1213 2648 1376 2716 proxi·

354 2746 505 2780 mum
533 2727 795 2782 antecedit
815 2768 830 2795 ,
865 2727 1112 2797 idemque
1154 2727 1374 2779 verbum

354 2825 476 2859 cum
488 2805 702 2876 singulis
719 2806 828 2860 aliis
845 2805 1259 2877 precedentibus
1274 2824 1377 2857 no-

360 2885 590 2939 minibus
628 2886 1015 2956 subintelligere
1040 2924 1057 2953 ,
1084 2885 1373 2954 explicare-

355 2983 457 3033 que
473 2964 570 3018 hoc
586 2966 744 3020 modo
763 2985 775 3019 :
795 2965 936 3019 hunc
950 2965 1172 3018 miratur
1186 2965 1372 3036 Lycus,

353 3041 496 3097 hunc
519 3044 743 3097 miratur
765 3043 882 3097 Idas
903 3082 917 3109 ,
941 3041 1084 3096 hune.
1101 3043 1248 3095 Abas
1269 3043 1375 3094 mi-

353 3132 514 3174 ratur.
532 3121 692 3175 Unde
713 3121 990 3175 lectionem
1009 3120 1249 3173 codicum
1276 3139 1374 3172 re-

354 3198 664 3252 vocavimus.
680 3202 778 3252 Ed.
800 3227 866 3240 —
884 3199 1028 3267 Quia
1044 3199 1204 3252 modo
1227 3217 1375 3268 pre-

354 3277 504 3330 cessit
535 3296 731 3344 pennas
759 3282 1016 3344 acceptant
1040 3318 1055 3340 ,
1097 3287 1376 3347 propterea

355 3355 540 3409 Burm.
560 3374 683 3408 cum
707 3357 870 3409 tribus
904 3356 1106 3424 legeret·
1120 3364 1382 3409 traxerunt

341 3432 538 3501 faciem
555 3473 567 3493 ,
590 3443 649 3485 ut
668 3433 694 3485 Ι
708 3473 723 3501 ,
751 3436 846 3499 4¹²
867 3451 1035 3494 3unus
1058 3432 1264 3486 Heinsii
1279 3452 1372 3486 as-

355 3514 508 3563 sumit
499 3508 775 3575 sace‘em,ut
786 3509 911 3574 ΧΠ,
923 3529 940 3561 ι
951 3512 1381 3562 .—C1‘1rumsona!

364 3598 504 3643 recte
521 3606 583 3641 ex
598 3607 698 3641 sec.
713 3588 953 3641 Palatino
975 3588 1171 3658 recepit
1189 3588 1375 3640 Hein-

366 3668 472 3722 sius
491 3685 587 3736 pro
609 3667 1018 3722 ce'rcumoolat.-
1034 3665 1186 3734 Regii
1209 3664 1376 3717 nostri

368 3747 565 3800 habent
594 3746 752 3799 etiam
784 3748 1125 3807 circumvolat,
1151 3745 1241 3798 sed
1266 3746 1373 3814 jam

369 3826 426 3881 in
446 3824 635 3878 eodem
657 3842 810 3877 versu
831 3824 1086 3892 praecessit
1114 3826 1375 3888 subvolat,-

369 3904 490 3958 ideo
508 3903 776 3976 probanda
799 3900 1111 3957 emendatio.
1135 3904 1234 3955 Ed.

434 3987 546 4038 508.
569 3988 830 4039 Volucrum
848 3988 1138 4038 subitarum.
1150 3982 1374 4037 Codices

363 4064 550 4134 Regii,
569 4073 630 4116 ut
651 4061 862 4132 plurimi
883 4101 898 4128 ,
924 4065 1177 4115 volucrum
1190 4064 1373 4115 dubia-

355 4164 462 4198 rum
487 4161 507 4210 ,·
543 4142 645 4197 hoc
674 4144 811 4196 bene
851 4141 1049 4194 refutat
1088 4140 1368 4207 Heinsius,

356 4242 521 4294 quum
547 4222 759 4276 Venulo
789 4221 899 4275 illas
933 4240 1050 4274 aves
1075 4260 1098 4287 r
1137 4220 1372 4292 quamvis

357 4301 509 4375 cycni
532 4319 641 4356 non
663 4309 864 4367 essent,
884 4315 1170 4372 cycnorum
1194 4307 1370 4351 tamen

1475 1873 1819 1929 albitudinem
1848 1873 2050 1927 referre
2076 1869 2338 1943 ignoranti
2359 1910 2374 1935 ‚
2397 1873 2498 1924 du-

1473 1954 1609 2004 bium
1630 1951 1769 2005 nasci
1795 1950 2036 2004 nondum
2058 1960 2314 2019 potuerat.
2326 1950 2492 2001 Ed.-

1475 2028 1652 2102 Etiam
1677 2026 1935 2102 Lycophr.
1960 2027 2010 2081 d.
2032 2027 2066 2079 l.
2090 2027 2182 2081 has
2210 2046 2328 2080 aves
2357 2024 2495 2078 Dio-

1473 2105 1718 2173 medeas,
1758 2106 1996 2158 anatibus
2029 2105 2183 2173 paulo
2204 2103 2494 2171 'ampliores

1474 2184 1722 2252 diemque
1751 2181 2000 2253 piscando
2022 2182 2075 2233 in
2107 2180 2283 2234 medio
2309 2180 2491 2249 pelago

1469 2260 1733 2329 exigentes
1749 2299 1764 2326 ,
1805 2278 1928 2315 cum
1968 2258 2142 2332 cycnis
2182 2268 2451 2327 comparat
2471 2279 2485 2321 ;

1469 2339 1672 2392 Plinius
1696 2357 1821 2391 vero
1838 2377 1853 2402 ‚
1879 2339 1929 2390 Χ
1949 2376 1963 2402 ,
1989 2339 2052 2402 44
2071 2375 2085 2397 ,
2121 2335 2397 2390 fulicarum
2431 2335 2493 2389 si·

1467 2416 1618 2468 miles
1635 2435 1743 2469 esse
1759 2414 1983 2484 judicat;
2006 2413 2316 2466 reseruntur
2334 2412 2489 2465 hodie

1467 2498 1609 2550 inter
1626 2514 1833 2549 anseres
1849 2493 2179 2564 procellarios
2193 2504 2490 2546 :versantur

1467 2574 1611 2643 iux-ta
1634 2573 1824 2626 insulas
1855 2571 2207 2637 Diomedeas,
2245 2571 2489 2641 Apuliam

1467 2664 1651 2707 contra
1671 2675 1684 2716 ς
1712 2653 1914 2707 Plinius
1934 2652 1984 2706 d.
2005 2653 2038 2706 1.
2058 2673 2085 2698 «
2104 2651 2299 2704 AEdem
2318 2651 2490 2717 (Dio-

1470 2753 1499 2779 n
1521 2733 1716 2797 medes)
1736 2730 1966 2801 quotidie
1982 2731 2141 2800 pleno
2159 2741 2368 2800 gutture
2383 2748 2491 2781 ma·

1471 2829 1499 2855 ι·
1531 2808 1775 2862 dentibus
1815 2808 2000 2878 pennis
2038 2807 2289 2878 perluunt
2332 2818 2488 2875 atque

1471 2912 1499 2937 ι»
1524 2887 1849 2958 purificant-t
1888 2887 2031 2941 unde
2071 2887 2220 2957 origo
2256 2886 2445 2940 fabule
2472 2925 2487 2952 ,

1470 2988 1497 3013 ω
1525 2965 1800 3019 Diomedis
1822 2965 1986 3020 socios
2006 2967 2061 3019 in
2084 2985 2268 3019 earum
2287 2964 2490 3036 effigies

1470 3062 1499 3089 κ
1528 3053 1768 3096 mutatos.
1788 3065 1817 3090 ι·

1536 3126 1649 3175 5ιο.
1672 3123 1842 3174 Arida
1867 3123 2054 3175 Dauni
2078 3141 2231 3184 aron,
2263 3122 2455 3192 Apulia
2470 3161 2487 3187 ,

1468 3218 1724 3272 aquarum
1754 3202 1905 3271 inops
1935 3220 1948 3254 :
1979 3201 2103 3255 hinc
2126 3221 2323 3271 pauper
2348 3222 2491 3269 aquo

1468 3283 1689 3333 Daunus
1710 3280 1895 3333 Horat.
1926 3281 2046 3345 111,
2079 3279 2185 3335 Od.
2221 3297 2323 3331 xxx
2343 3319 2357 3346 ,
2399 3301 2487 3334 n:

1468 3368 1530 3411 et
1545 3359 1683 3411 male
1708 3357 1807 3410 hoc
1833 3357 1950 3411 loco
1980 3360 2145 3410 ardua
2170 3360 2488 3412 vanniano

1466 3437 1523 3489 in
1547 3447 1666 3490 octo
1690 3434 1854 3488 MSS.

1535 3514 1784 3567 512-526.
1820 3513 2055 3578 Appulus
2087 3520 2265 3582 pastor
2303 3512 2488 3584 Nym-

1467 3591 1581 3662 phis
1610 3590 1925 3643 maledicens
1943 3627 1957 3653 ,
1992 3598 2229 3642 mutatur
2250 3589 2305 3643 in
2331 3591 2486 3643 olea-

1466 3669 1957 3730 strum.—OEm‘des‚
1988 3666 2279 3723 Diomedes
2301 3669 2365 3723 ab
2390 3689 2487 3722 avo

1472 3749 1654 3802 OEneo
1680 3786 1695 3813 ,
1730 3747 1939 3800 AEtoliae
1976 3766 2098 3817 rege
2120 3786 2134 3813 ,
2176 3748 2324 3817 cujus
2361 3749 2485 3803 urbs

1471 3827 1724 3896 Calydon,
1754 3824 1875 3879 hinc
1896 3825 2107 3878 Daunia
2126 3826 2286 3878 etiam
2307 3865 2322 3892 ,
2349 3845 2487 3879 nova

1466 3902 1616 3957 sedes
1628 3901 1919 3968 Diomedis,
1935 3922 2031 3971 per
2044 3905 2325 3972 Calydonia
2334 3922 2488 3970 tegna

1468 3980 1774 4034 declaratur.
1799 4008 1865 4021 —
1889 3981 1996 4034 Pro
2038 3983 2300 4034 Peuce-lobs
2336 3981 2483 4036 MSS

1464 4062 1580 4115 fere
1597 4080 1684 4113 om
1692 4080 1784 4114 nes
1799 4061 1998 4114 diversa
2019 4061 2303 4114 lectionum
2326 4081 2486 4115 mon-

1465 4151 1570 4194 stra
1586 4139 1832 4193 exhibent
1853 4160 1867 4203 ;
1888 4139 1979 4193 sed
2004 4158 2181 4192 veram
2199 4141 2481 4195 restituisse

1465 4216 1676 4270 videtur
1697 4217 2036 4271 Burmannus
2068 4236 2080 4270 ε
2103 4237 2295 4287 nempe
2323 4217 2482 4271 Dau-

1465 4294 1567 4351 niis
1579 4294 1737 4351 vicini
1745 4298 2034 4351 Peucetiiet
2046 4298 2325 4365 mmm,-
2338 4315 2460 4351 nam
2468 4326 2481 4334 -
