3185 5138
1177 473 1612 590 1NDEX.⁶

568 691 818 745 LIBER
861 692 1036 747 XIII.

293 848 423 921 Ajax
446 848 502 900 in
526 847 856 921 hyacinthum
882 845 1075 900 florem.

294 928 569 979 Armorum
596 925 805 979 Achillis
829 926 1088 998 judicium.

294 1004 465 1076 Aiacis
489 1004 666 1056 oratio.

296 1081 727 1138 Artificiosissima
745 1081 925 1156 Ulyxis
951 1081 1125 1134 oratio.

297 1161 509 1212 Hecuba
533 1161 586 1213 in
611 1180 802 1213 canem.

299 1242 546 1316 Polydori
567 1244 739 1297 caedes.

300 1320 578 1393 Polyxena
604 1320 899 1374 immolatio.

301 1398 661 1488 Polymestoris
700 1400 930 1453 Thraciae
980 1401 1112 1473 regis
1162 1418 1329 1454 excae-

371 1490 515 1531 catto.

304 1556 598 1610 Memnonis
622 1556 811 1608 cineres
834 1556 889 1608 in
915 1576 1044 1610 aves.

305 1635 493 1686 AEneae
519 1634 574 1686 in
598 1634 798 1686 Latium
827 1635 1101 1708 navigatio.

308 1714 434 1767 Anii
458 1714 577 1768 filie
596 1752 613 1780 ,
648 1716 823 1768 omnia
852 1736 943 1768 suo
973 1727 1105 1769 tactu
1135 1717 1190 1769 in
1218 1719 1337 1769 sru-

372 1806 601 1847 mentum
616 1833 631 1860 ,
650 1795 829 1847 vinum
843 1833 858 1860 ,
881 1797 1110 1851 oleumve
1126 1817 1337 1851 conver-

377 1885 531 1925 tentes
550 1911 566 1938 ,
595 1873 652 1924 in
682 1875 952 1929 columbas.

311 1951 433 2003 Duo
460 1951 664 2024 juvenes
691 1973 749 2004 ex
767 1953 879 2027 rogi
902 1953 1089 2007 favilla.

315 2030 471 2081 Index
495 2030 551 2081 in
574 2050 764 2084 saxum.

318 2106 508 2160 Siciliae
532 2108 808 2182 descriptio.

319 2187 492 2260 Scylla
515 2187 570 2239 in
592 2199 888 2239 monstrum.

319 2264 439 2316 Acis
466 2264 521 2315 in
545 2262 775 2316 fluvium.

319 2342 620 2415 Polyphemi
647 2342 909 2394 cantilena.

323 2421 543 2474 Glaucus
568 2420 624 2472 in
650 2422 819 2472 Deum
843 2420 1111 2472 marinum.

603 2575 848 2628 LIBER
896 2576 1056 2629 XIV.

327 2734 513 2808 Scyllae
537 2735 753 2807 inguina
779 2734 836 2786 in
860 2754 1020 2788 canes.

326 2814 572 2887 Cer-copes
598 2814 655 2866 in
680 2812 866 2866 simias.

327 2895 527 2966 Sibylla
549 2895 605 2946 in
628 2914 820 2947 vocem.

328 2975 469 3028 Socii
494 2973 669 3048 Ulyxis
694 2976 749 3027 in
778 2995 967 3048 porcos.

329 3053 472 3106 Socii
500 3053 678 3126 Ulyxis
700 3054 756 3105 in
780 3054 1041 3126 pristinam
1066 3052 1296 3105 formam.

328 3132 477 3184 Picus
501 3132 556 3183 in
585 3152 744 3186 avem.

330 3208 441 3260 Pici
464 3210 667 3261 comites
691 3210 746 3260 in
772 3210 912 3263 feras.

333 3288 535 3340 Canens
559 3288 671 3340 Pici
693 3309 819 3340 uxor
836 3290 937 3342 loci
966 3311 1169 3344 nomen.

331 3366 600 3419 Diomedis
623 3367 748 3419 socii
772 3368 827 3418 in
853 3388 981 3421 aves.

334 3445 562 3518 Appulus
585 3456 749 3517 pastor
775 3445 830 3496 in
854 3445 1135 3498 oleastmm.

334 3524 522 3577 AEneae
546 3543 696 3575 naves
721 3524 777 3576 in
802 3523 1063 3598 nymphas.

336 3603 495 3656 Navis
519 3603 575 3654 in
600 3603 877 3674 scopulum.

337 3685 508 3736 Ardea
530 3685 585 3736 in
608 3704 766 3736 avem.

334 3763 529 3817 AEneas
556 3763 611 3815 in
630 3763 803 3815 Deum
830 3762 1122 3834 indigetem.

337 3842 527 3894 Albani
549 3862 707 3916 reges.

337 3922 647 3973 Vertumnus
673 3921 729 3972 in
752 3920 915 3972 varias
944 3916 1143 3992 figuras.

336 3996 644 4050 Vertumnus
668 3998 725 4049 in
749 3998 987 4050 vetulam.

337 4074 618 4127 Anaxarete
645 4075 812 4149 puella
836 4077 890 4128 in
912 4095 1100 4130 saxum.

338 4153 490 4206 Urbis
511 4153 687 4206 Romae
714 4156 1014 4209 conditores.

342 4234 505 4303 Aquae
527 4232 730 4305 frigidae
754 4233 809 4285 in
835 4234 1034 4287 calidas.

342 4311 585 4365 Romulus
609 4310 663 4362 in
690 4312 874 4366 Deum.

588 4414 731 4485 IV.

2302 522 2423 588 561

1412 686 1630 739 Hersilia
1655 723 1670 750 ,
1711 685 1919 738 Romuli
1961 689 2087 740 uxor
2111 725 2126 752 ,
2174 688 2230 740 in
2273 689 2438 743 Deam

1478 767 1686 818 Horam.

1710 870 1958 923 LIBER
1990 871 2123 925 XV.

1419 1003 1615 1057 Calculi
1639 1004 1739 1056 albi
1763 1005 1816 1056 in
1843 1004 2032 1076 nigros.

1421 1084 1594 1134 Numa
1618 1083 1682 1135 ad
1708 1082 2066 1155 Pythagoram.

1420 1159 1724 1233 Pythagoroe
1751 1161 2000 1233 dogmata.

1422 1241 1728 1314 Pythagorae
1749 1261 1928 1294 sermo.

1425 1320 1728 1394 Pythagorae
1751 1320 2205 1394 metempsychosis.

1426 1397 1740 1471 Pythagoras
1765 1398 1820 1449 in
1845 1400 2192 1470 Euphorbum.

1430 1479 1679 1531 Omnium
1698 1499 1865 1530 rerum
1887 1480 2283 1535 vicissitudinem
2305 1504 2421 1540 esse.

1428 1558 1610 1608 Annus
1636 1557 1692 1608 in
1712 1570 1924 1628 quatuor
1950 1573 2124 1631 partes.

1434 1635 1664 1702 Quatuor
1685 1633 1907 1687 hominis
1935 1649 2117 1690 aetates.

1435 1713 1647 1785 Sperma
1672 1712 1892 1765 hominis
1918 1713 1972 1765 in
1997 1709 2289 1771 hominem.-

1433 1793 1508 1845 Ex
1535 1804 1748 1864 quatuor
1772 1793 2029 1847 elementis
2050 1796 2221 1848 omnia
2247 1794 2372 1853 fieri.

1436 1872 1630 1925 Omnia
1656 1872 1709 1924 in
1730 1887 1942 1943 quatuor
1967 1875 2212 1930 elementa
2232 1880 2427 1934 resolvi.

1435 1952 1591 2004 Terra
1618 1951 1673 2003 in
1699 1971 1852 2006 mare.

1436 2033 1584 2084 Mare
1610 2031 1664 2082 in
1690 2044 1885 2083 terram.

1437 2109 1574 2160 Mira
1603 2110 1726 2179 Lyci
1755 2105 1980 2161 fluminis
2005 2120 2196 2165 natura.

1439 2186 1683 2238 Erasinus
1709 2183 1912 2240 fluvius.

1440 2263 1623 2315 Caicus
1648 2260 1848 2317 fluvius.

1441 2343 1722 2393 Amasenus
1747 2338 1946 2395 fluvius.

1442 2420 1666 2491 Anigrus
1690 2418 1891 2471 fluvius.

1443 2498 1673 2571 Hypanis
1697 2496 1897 2550 fluvius.

1443 2576 1629 2628 Insulae
1656 2576 1710 2627 in
1735 2576 2091 2630 continentem.

1444 2656 1521 2707 Ex
1546 2656 1825 2708 continenti
1851 2656 2045 2711 insulae.

1445 2734 1618 2786 Helice
1643 2735 1877 2805 Bur-aque
1901 2736 2047 2789 urbes
2073 2737 2355 2794 submersae.

1448 2816 1523 2867 Ex
1546 2813 1755 2886 planitie
1776 2827 1986 2868 montes.

1446 2893 1583 2945 Mira
1611 2912 1854 2963 aquarum
1883 2906 2076 2948 natura.

1453 2972 1650 3026 Crathis
1676 2985 1722 3025 et
1744 2973 1952 3044 Sybaris
1978 2971 2138 3029 fluvii.

1451 3052 1752 3105 Salmacidis
1778 3052 1929 3104 fontis
1953 3066 2145 3107 natura.

1449 3130 1732 3205 AEthiopiae
1758 3132 1907 3185 lacus.

1458 3210 1658 3263 Clitorii
1683 3209 1830 3262 fluvii
1856 3223 2048 3262 natura.

1454 3291 1725 3361 Lyncestus
1749 3286 1947 3341 fluvius.

1456 3367 1685 3420 Arcadiae
1709 3366 1859 3418 lacus.

1456 3449 1672 3521 Ortygia
1694 3447 1858 3498 insula
1874 3467 1930 3497 ex
1951 3445 2129 3498 mobili
2152 3444 2444 3497 immobilis.
2511 3450 2518 3457 ”

1458 3526 1821 3600 Symplegades
1847 3525 2025 3577 insulae
2053 3525 2177 3577 olim
2208 3525 2479 3578 instabiles.

1455 3606 1640 3659 AEtnae,
1657 3603 1842 3655 montis
1868 3602 2175 3655 incendium.

1455 3681 1703 3734 Homines
1728 3680 1783 3732 in
1806 3700 1934 3734 aves.

1459 3760 1710 3832 Scythica:
1738 3758 1968 3811 mulieres
1993 3758 2048 3809 in
2075 3778 2203 3812 aves.

1457 3841 1590 3910 Apes
1619 3857 1678 3889 ex
1699 3837 1885 3889 vitulis.

1459 3917 1743 3969 Crabrones
1767 3937 1823 3968 ex
1847 3917 2002 3988 equis.

1462 3996 1701 4068 Scorpius
1727 4015 1785 4046 ex
1810 4014 2005 4047 cancro.

1460 4076 1637 4129 Tineoe
1663 4088 1874 4149 agrestes
1899 4077 1954 4128 in
1977 4075 2266 4151 papiliones.

1463 4155 1639 4207 Limus
1669 4155 1724 4205 in
1748 4175 1909 4208 ranas.

1463 4233 1702 4285 Informis
1728 4252 1843 4286 caro
1869 4234 1924 4285 in
1945 4252 2133 4287 ursum.
2183 4272 2188 4279 -

1466 4314 1600 4386 Apes
1624 4311 1732 4367 sine
1756 4311 1980 4385 pedibus.

2122 4410 2207 4479 36
