3185 5138
751 575 881 663 458

1288 579 1369 644 P.
1434 577 1808 646 0v1D11
1862 577 2333 650 NASONIS

754 718 890 789 Ore
925 742 1084 802 suo,
1117 714 1551 817 volucresque
1582 745 1778 811 vagas
1812 718 2089 792 retinere
2127 719 2404 794 solebat.

753 831 922 926 Quae
954 829 1108 903 dum
1148 829 1425 904 feminea
1454 829 1837 904 modulatur
1871 831 2157 906 carmina
2189 862 2347 908 voce
2366 891 2385 922 ‚

749 944 1015 1017 Exierat
1048 960 1222 1018 tecto
1258 947 1622 1019 Laurentes
1658 943 1858 1019 Picus
1888 945 1956 1019 in
1991 975 2222 1042 agros,

746 1061 1092 1156 Indigenas
1127 1061 1377 1136 fixurus
1410 1089 1649 1163 apros;
1691 1080 2079 1163 tergumque
2113 1066 2455 1166 premebat

741 1181 938 1254 Acris
970 1181 1162 1280 equi,
1201 1179 1487 1281 laevaque
1523 1179 1785 1254 hastilia
1818 1182 1981 1255 bina
2020 1182 2311 1272 ferebat,

747 1296 1112 1370 Poeniceam
1146 1294 1331 1369 fulvo
1370 1295 1778 1396 chlamydem
1814 1312 2193 1370 contractus
2219 1298 2305 1371 ab
2343 1326 2527 1373 auro.

2761 1324 2873 1392 ³⁴⁵

747 1411 1035 1485 Venerat
1065 1409 1131 1485 in
1166 1411 1363 1485 silvas
1398 1430 1466 1486 et
1493 1411 1631 1486 filia
1660 1409 1836 1485 Solis
1868 1408 2126 1484 easdem
2156 1440 2173 1483 ε

745 1526 972 1626 thue
1005 1554 1209 1601 novas
1236 1525 1483 1621 legeret
1507 1526 1808 1601 fecundis
1838 1524 2123 1600 collibus
2154 1525 2398 1600 herbas
2417 1583 2436 1614 ‚

745 1642 1026 1716 Nomine
1060 1642 1231 1716 dicta
1270 1670 1396 1716 suo
1417 1699 1436 1730 ‚
1477 1644 1720 1718 Circaea
1752 1642 2119 1744 reliquerat
2152 1671 2320 1718 arva.

749 1757 919 1852 Quae
956 1756 1151 1831 simul
1188 1785 1262 1829 ae
1291 1758 1592 1857 juvenem
1614 1815 1632 1846 ,
1670 1755 1974 1853 virgultis
2002 1758 2265 1845 abdita,
2298 1757 2505 1846 vidit,

750 1868 1124 1970 Obstupuit
1152 1899 1167 1943 :
1199 1870 1482 1946 cecidere
1514 1899 1751 1959 manu,
1789 1900 1956 1973 quas
1989 1870 2238 1967 legerat
2259 1929 2278 1960 ‚
2309 1871 2564 1962 herbae;

2777 1897 2879 1949 350

631 2039 634 2044 -
745 1986 1166 2088 Flammaque
1198 2017 1320 2090 per
1355 2007 1531 2063 totas
1561 1990 1696 2064 visa
1733 2008 1835 2064 est
1862 2017 2076 2064 errare
2105 1987 2447 2065 medullas.

679 2131 692 2137 ·
746 2105 846 2175 Ut
875 2104 1163 2204 primum
1194 2104 1409 2179 valido
1444 2124 1731 2180 mentem
1764 2105 2029 2202 collegit
2056 2103 2142 2178 ab
2173 2121 2377 2194 aestu3

747 2217 937 2315 Quid
970 2237 1278 2323 cuperet,
1315 2221 1566 2307 fassura
1602 2222 1731 2295 suit
1759 2252 1776 2294 ε
1804 2250 1891 2295 ne
1922 2239 2154 2323 posset
2179 2221 2395 2310 adire,

750 2332 1003 2446 Cursus
1036 2335 1188 2435 equi
1224 2335 1381 2409 fecit
1400 2393 1419 2424 ‚
1447 2337 2020 2439 circumfususque
2053 2337 2332 2412 satelles.

810 2525 924 2592 342.
949 2526 1283 2580 laurentinus
1312 2546 1437 2596 ager
1468 2527 1765 2582 abundabat

743 2611 915 2674 aputu·
937 2607 1079 2660 unde
1101 2626 1235 2677 soepe
1254 2609 1480 2661 Laurens
1493 2625 1645 2676 aper-,⁶
1662 2608 1765 2661 vid.

746 2686 923 2740 Bentl.
949 2686 1013 2739 ad
1038 2687 1172 2740 Hor.
1202 2687 1371 2756 Epod.
1393 2707 1446 2751 ν,
1477 2686 1768 2741 28.—0b-

744 2776 914 2819 servat
947 2766 1146 2820 Rodius
1162 2805 1177 2832 ,
1202 2769 1414 2819 hastilia
1435 2765 1594 2819 fuisse
1624 2767 1766 2819 insi-

748 2841 870 2909 gnia
900 2841 1054 2909 regite
1086 2842 1349 2911 dignitatis
1388 2854 1626 2911 tempore
1656 2842 1766 2895 he-

747 2919 906 2969 roico.
925 2916 1013 2970 Sic
1030 2917 1312 2987 Cephalus,
1329 2920 1462 2973 Met.
1474 2921 1583 2974 vli
1598 2959 1614 2984 ‚
1631 2919 1730 2989 673
1746 2957 1762 2985 ‚

733 2997 970 3064 jaculum
996 2996 1239 3065 gestabat.
1263 2995 1371 3049 Sed
1393 2997 1546 3050 Picus
1563 2997 1765 3050 hastilia

748 3083 964 3127 venatus
985 3092 1135 3128 causa
1147 3086 1418 3129 sumserat.
1433 3075 1594 3130 Notat
1610 3076 1768 3130 Dou-

746 3170 804 3203 za
823 3190 838 3216 ‚
862 3154 1126 3218 r‘nde'pm
1142 3152 1366 3205 Martial.
1385 3154 1411 3207 1
1429 3192 1445 3218 ,
1472 3170 1502 3205 1.
1517 3192 1533 3220 ‚
1562 3156 1652 3220 24,
1669 3172 1764 3206 vo-

745 3249 883 3285 casse
915 3249 1095 3284 ternas
1115 3251 1280 3299 apros.

814 3308 926 3375 34⁵.
949 3311 1260 3364 Contractus.
1287 3309 1477 3379 Quum
1505 3309 1651 3364 MSS
1681 3310 1764 3365 hic

745 3386 893 3440 valde
929 3388 1164 3454 varient,
1194 3388 1355 3443 etalii
1391 3388 1617 3441 habeant
1639 3408 1765 3440 con-

744 3474 961 3528 tmctaes,
990 3465 1074 3519 alii
1098 3473 1364 3520 contactus
1377 3507 1389 3529 ,
1415 3485 1758 3533 comprensus,

745 3548 1038 3597 cont-evectas
1065 3585 1078 3606 ,
1131 3553 1387 3599 contortus
1400 3583 1414 3605 .
1463 3553 1719 3599 contectus
1744 3585 1759 3607 ‚

747 3640 1053 3688 compressus
1093 3633 1190 3677 etc.
1235 3623 1485 3677 Heinsius
1532 3622 1759 3689 fatetur,

746 3716 800 3751 se
837 3718 1015 3752 veram
1052 3700 1330 3755 lectionem
1375 3701 1607 3772 reperire
1652 3720 1759 3754 non

744 3793 892 3846 posse
910 3797 923 3839 3
949 3778 1190 3847 suspicari
1211 3789 1387 3832 tamen
1404 3798 1457 3832 se
1475 3818 1491 3844 ,
1509 3779 1762 3847 scriptum

746 3853 1012 3923 reliquisse
1036 3855 1193 3909 ovid.
1217 3875 1524 3924 conspersus.
1553 3855 1763 3910 Videa-

745 3951 866 3986 mus
889 3933 1046 4002 igitur
1061 3973 1076 4000 ,
1099 3952 1165 3987 an
1191 3934 1384 3988 certius
1405 3934 1597 4003 aliquid
1622 3953 1763 3989 con-

745 4010 888 4063 stitui
907 4012 1080 4080 possit.
1107 4012 1153 4065 E
1178 4031 1252 4065 vs.
1278 4014 1374 4083 394
1400 4023 1569 4082 patet,
1602 4012 1763 4067 fibula

743 4088 1075 4142 constrictam
1087 4088 1419 4162 chlmydem
1431 4090 1667 4144 habuisse
1680 4091 1763 4143 Pi·

748 4182 904 4226 cum;
941 4165 1150 4221 aliunde
1179 4186 1338 4233 vero,
1366 4188 1415 4220 v,
1448 4187 1491 4221 c.
1526 4187 1556 4222 e
1582 4169 1762 4223 statuis

745 4251 800 4293 et
818 4239 1248 4313 descriptionibus
1264 4246 1451 4300 Dianae
1472 4246 1762 4318 Nympha-

743 4335 969 4388 rumque
997 4322 1338 4376 venatricium
1360 4361 1375 4391 ,
1408 4323 1599 4379 scimus
1621 4362 1637 4390 ‚
1672 4341 1761 4377 ve·

1860 2539 2049 2583 nantes
2072 2527 2312 2582 breviore
2341 2536 2483 2582 veste
2516 2546 2633 2582 usos
2663 2547 2791 2583 esse.
2818 2528 2876 2584 Si

1862 2607 2037 2678 itaque
2061 2629 2157 2679 per
2179 2629 2354 2663 aurum
2378 2629 2522 2663 nunc
2545 2610 2760 2665 fibulam
2782 2631 2877 2664 au-

1863 2706 2011 2740 ream
2058 2686 2394 2755 intelligimus
2424 2725 2438 2752 ‚
2487 2698 2541 2740 ct
2585 2699 2875 2741 contractus

1860 2764 2173 2833 chlamydem
2212 2762 2412 2815 dictum
2451 2773 2697 2832 putamus
2739 2782 2833 2833 pro
2856 2804 2873 2831 ,

1863 2849 2185 2893 contractam
2242 2838 2575 2911 chlamydem
2634 2841 2829 2895 habens
2853 2880 2869 2907 ,

1861 2937 2042 2973 sensus
2064 2918 2234 2970 oritur
2260 2919 2575 2987 optimus.—-
2588 2922 2877 2974 Coaelmctns

1862 2997 2172 3067 eblanydem
2199 2994 2460 3063 optimum
2490 3014 2705 3049 sensum
2734 3014 2875 3065 pre-

1863 3072 1954 3127 bet
1977 3110 1992 3137 ,
2033 3073 2104 3125 ait
2144 3070 2407 3140 Gierigius
2432 3111 2447 3138 ,
2489 3082 2545 3125 et
2578 3072 2722 3126 idem
2750 3071 2873 3125 illud

1866 3150 2081 3219 rejecit,
2108 3147 2249 3218 quod
2274 3159 2581 3218 receperant
2622 3152 2877 3204 Variana

1859 3226 2033 3281 editor
2055 3236 2111 3280 et
2136 3227 2506 3289 Burmannus3
2533 3244 2631 3279 nos
2653 3245 2683 3278 e
2700 3236 2873 3278 ποσὰ-ο

1857 3301 2034 3356 codice
2053 3304 2099 3357 B
2124 3303 2477 3357 revocavimus
2493 3324 2507 3364 ;
2538 3302 2701 3357 codex
2717 3303 2766 3356 A
2782 3302 2873 3356 ha-

1859 3380 1948 3435 bet
1984 3401 2315 3449 comprensus.
2347 3382 2446 3437 Ed.
2487 3410 2556 3423 -·
2589 3385 2677 3436 As
2707 3401 2830 3435 am
2849 3421 2865 3442 ,

1858 3476 1987 3512 auro
2010 3477 2023 3511 :
2045 3464 2114 3512 ab
2136 3477 2268 3529 sepe
2294 3460 2710 3514 instrumentum
2739 3457 2874 3512 indi-

1862 3545 1947 3591 cat
1964 3576 1979 3603 ,
2012 3554 2118 3606 quo
2142 3536 2335 3607 aliquid
2361 3537 2438 3591 fn.

1922 3619 2034 3685 348.
2066 3620 2258 3673 Circaea
2280 3622 2546 3687 aliquem!
2565 3636 2705 3670 arva.
2749 3615 2871 3669 Ple-

1858 3693 2008 3763 rique
2032 3705 2086 3748 et
2106 3696 2327 3764 optimi(
2348 3707 2404 3748 et
2423 3696 2551 3765 Reg.
2576 3695 2627 3747 A
2651 3690 2870 3759 noster)

1863 3774 2053 3827 circeo
2072 3777 2341 3842 reliquerat
2350 3784 2581 3827 antra.—
2586 3773 2873 3839 Obstupuit.-

1858 3854 2076 3905 oece'dere
2099 3871 2251 3905 nm
2266 3862 2363 3907 ete.
2390 3852 2472 3906 De
2499 3851 2585 3905 tali
2608 3851 2758 3920 signo
2778 3849 2873 3901 ob-

1855 3928 2131 3999 stupefacti
2157 3930 2317 3983 animi
2341 3929 2529 3984 confer
2554 3928 2661 3994 lv,
2694 3933 2873 3999 175.—

1856 4010 1968 4063 Pro
1989 4012 2180 4068 herba.
2217 4010 2371 4064 multi
2390 4013 2411 4078 (
2430 4019 2482 4063 et
2501 4008 2618 4063 cod.
2640 4008 2771 4077 Reg.
2785 4008 2869 4073 A)

1858 4090 2052 4141 herbas.
2079 4114 2145 4127 —
2178 4088 2241 4142 ln
2272 4094 2390 4142 sinu
2414 4087 2608 4141 servari
2639 4085 2873 4140 solebant

1856 4163 2059 4219 collecti
2074 4164 2233 4219 flores
2251 4188 2264 4230 ;
2286 4166 2357 4231 V,
2372 4169 2496 4239 499:
2516 4164 2595 4220 IV
2608 4165 2746 4219 Fast.
2760 4165 2872 4230 4⁵¹·

1860 4242 2043 4312 ltaque
2059 4250 2177 4297 sinu
2195 4243 2374 4314 utique
2393 4254 2603 4313 prestat
2620 4253 2685 4316 τῷ
2698 4260 2875 4303 mm,

1863 4323 2002 4392 quod
2041 4336 2164 4379 ante
2204 4326 2487 4380 Heinsium
2524 4326 2791 4379 edebatur.
2810 4349 2879 4364 —
