3185 5138
662 558 1681 629 METAMORPHOSEON
1728 560 1921 627 LIB.
1973 560 2209 627 VIII.
2388 561 2467 652 73

345 703 466 776 vis
497 718 715 775 tamen
748 699 861 773 illa
893 699 1049 774 mali
1078 716 1439 802 postquam
1471 717 1923 773 consumserat
1959 727 2218 773 omnem

2374 720 2473 791 875

349 817 695 892 Materiam
716 873 734 904 ,
771 815 1167 917 dederatque
1200 816 1377 911 gravi
1414 844 1584 889 nova
1622 814 1868 918 pabula
1899 817 2139 890 morbo
2162 873 2180 907 ,

347 940 500 1039 lpse
534 963 694 1008 suos
717 950 900 1007 artus
936 932 1152 1007 lacero
1181 924 1485 1007 divellere
1520 961 1748 1007 morsu

354 1051 572 1151 Coepit
593 1107 612 1138 ,
650 1067 719 1123 et
749 1047 977 1122 infelix
1010 1048 1370 1122 minuendo
1404 1077 1648 1149 eorpus
1684 1048 1921 1123 alebat.

448 1165 639 1264 Quid
670 1193 899 1239 moror
930 1164 1270 1238 externis?
1301 1164 1496 1247 etiam
1525 1163 1691 1237 mihi
1725 1192 1894 1264 saepe
1923 1165 2212 1238 novandi

355 1282 677 1383 Corporis
699 1337 718 1369 ‚
757 1309 798 1353 o
821 1280 1091 1380 juvenes
1117 1337 1136 1370 ‚
1170 1309 1450 1354 numero
1479 1279 1665 1354 finita
1699 1298 2013 1382 potestas.

2380 1305 2480 1357 880

350 1399 519 1472 Nam
534 1397 761 1486 modo,
784 1396 965 1499 quod
977 1426 1156 1472 nunc
1179 1425 1347 1487 sum,
1362 1396 1611 1486 videor3
1624 1395 1830 1470 modo
1842 1395 2150 1470 flectorin
2165 1425 2441 1492 anguem
2461 1428 2479 1483 ς

349 1516 655 1591 Armenti
689 1514 890 1589 modo
922 1516 1056 1589 dux
1089 1514 1260 1605 vires
1292 1515 1363 1587 in
1397 1542 1649 1588 cornua
1678 1542 1868 1588 sumo
1899 1542 1916 1602 ;

354 1632 621 1706 Cornua
641 1688 660 1720 ‚
697 1630 857 1705 dum
887 1631 1122 1733 potui;
1154 1659 1334 1704 nunc
1366 1658 1518 1732 pars
1552 1647 1730 1704 earet
1755 1628 1954 1703 altera
1986 1627 2122 1702 telo

352 1746 619 1820 Frontis
639 1802 658 1834 ‚
691 1763 772 1820 ut
801 1745 943 1847 ipse
974 1745 1197 1819 vides:
1233 1744 1518 1842 gemitus
1551 1761 1712 1818 sunt
1737 1744 1935 1817 verba
1969 1742 2196 1818 secuti.
2231 1776 2265 1808 n
2345 1746 2349 1751 ’

351 1940 450 1996 hoc
474 1951 687 2012 accepto
708 1959 803 1994 ove
821 1981 837 2010 ,
860 1942 994 1996 bove
1020 1941 1084 1995 ab
1111 1941 1240 2007 alio,
1270 1941 1369 1994 alia

351 2021 416 2075 ab
434 2021 542 2074 aliis
563 2018 808 2073 mercede
825 2059 840 2087 ,
865 2030 919 2073 et
941 2039 1048 2074 sun
1064 2029 1116 2073 et
1137 2030 1369 2093 paterne

349 2099 594 2153 subvenit
616 2096 806 2152 inedie
827 2116 841 2151 ε
862 2092 1021 2167 'atque
1043 2097 1166 2150 hinc
1188 2108 1369 2151 natam

350 2177 580 2232 fabulam
619 2176 803 2231 dicunt
839 2175 1051 2246 quidam
1072 2216 1087 2245 ‚
1123 2176 1264 2246 quod
1289 2187 1368 2231 est

350 2255 802 2309 verisimillimum.
820 2257 919 2306 Ed.

415 2334 528 2402 876.
551 2336 821 2386 Materiam
837 2372 851 2395 ,
878 2351 1002 2403 opes
1018 2372 1033 2400 ,
1063 2352 1177 2386 rem
1201 2331 1366 2385 sami-

350 2411 629 2466 liarem.1n
646 2412 984 2480 sequentibus
996 2411 1190 2465 haesere
1207 2411 1365 2463 inter-

352 2500 539 2560 pretes.
560 2489 891 2543 Schirachius
907 2492 1030 2543 dare
1042 2492 1368 2557 norapabula

351 2575 519 2623 morbo
528 2568 765 2639 explicat,
778 2589 969 2640 augere
981 2568 1244 2624 morbum.
1258 2567 1367 2622 Sed

353 2647 625 2701 vit-doctus
635 2665 745 2700 non
759 2649 972 2702 curabat
985 2658 1149 2702 totam
1161 2657 1369 2701 senten-

352 2727 500 2792 tiam,
516 2745 680 2796 quum
698 2725 808 2780 haec
821 2727 1153 2780 scriberet.—
1162 2729 1253 2779 Vis·
1266 2746 1369 2779 ma-

354 2809 413 2868 li,
431 2804 484 2858 id
498 2815 595 2872 est,
613 2805 829 2859 morbus
842 2805 927 2858 ille
946 2807 1131 2876 gravis,
1148 2806 1369 2875 augebat

354 2884 617 2936 morbum.
633 2881 844 2936 —Vere
870 2882 1009 2936 haud
1035 2882 1191 2937 dubie
1216 2884 1368 2936 Bur-

351 2980 578 3014 mannus
620 2961 833 3027 coniicit
885 2963 1183 3031 deeranlque
1227 2966 1377 3030 gran·

353 3062 484 3094 nara
490 3043 686 3109 pabula
702 3043 869 3092 morbo
884 3043 1051 3092 lacero
1060 3078 1075 3101 ‚
1093 3039 1198 3092 lace
1203 3049 1371 3094 rante.

354 3119 606 3172 Lacerari
630 3137 794 3170 morsu
813 3156 828 3181 ‚
868 3115 921 3171 id
959 3127 1035 3170 est
1050 3158 1065 3180 ,
1100 3116 1333 3170 morderi
1350 3157 1367 3185 ‚

355 3196 485 3250 dixit
508 3194 796 3263 Phoedrus,
825 3195 914 3262 11,
941 3212 1012 3248 111
1031 3234 1048 3262 ,
1081 3215 1122 3249 1.

421 3276 534 3331 880.
575 3277 624 3329 0
633 3276 859 3344 juvenes.
883 3275 1152 3329 Theseum
1175 3284 1229 3329 et
1255 3275 1371 3329 Le-

356 3352 471 3424 lega
494 3352 774 3422 alloquitur
800 3352 1075 3408 Achelous.
1094 3354 1372 3406 Eat—Nu-

357 3437 649 3504 merofim'la
668 3473 683 3498 ‚
712 3433 833 3504 quia
855 3435 911 3488 in
934 3445 1146 3488 taurum
1164 3444 1371 3488 tantum

358 3522 412 3566 et
444 3531 675 3583 anguem
710 3512 903 3566 mutari
940 3523 1175 3583 poterat,
1205 3530 1372 3582 quum

1465 1941 1663 1995 Proteo
1679 1940 1734 1994 in
1749 1940 1927 1994 omnia
1946 1941 2168 1995 transire
2188 1942 2384 1995 liceret.
2414 1969 2480 1982 —

1463 2021 1692 2079 nector,
1727 2029 1933 2085 mutor,
1959 2017 2051 2072 sed
2086 2017 2476 2072 accommodate

1466 2096 1528 2150 ad
1545 2108 1788 2151 naturam
1807 2097 2073 2167 anguium.
2092 2098 2146 2151 11
2160 2136 2174 2162 ,
2204 2097 2480 2151 138.-V1·-

1462 2194 1542 2228 res
1563 2181 1619 2227 in
1641 2195 1830 2229 cornua
1849 2194 1990 2228 sumo
2006 2214 2020 2237 ‚
2045 2175 2288 2228 cornibus
2314 2175 2478 2228 valeo.

1530 2256 1642 2309 883.
1671 2258 1867 2309 Cornua
1879 2297 1892 2318 ‚
1914 2258 2193 2321 dumpotue‘.
2207 2254 2442 2324 Quidam
2461 2295 2477 2320 ,

1465 2344 1592 2387 teste
1622 2334 1844 2387 Heinsio
1866 2373 1881 2401 ,
1925 2335 2123 2385 Cornua
2145 2335 2263 2385 dum
2286 2338 2451 2385 sumi
2464 2353 2479 2383 .·

1462 2411 1554 2466 sed
1574 2411 1854 2465 lectionem
1875 2420 2138 2479 receptam
2156 2410 2480 2481 elegantem-

1465 2510 1567 2560 que
1592 2490 1791 2543 habent
1816 2490 1950 2542 bene
1977 2489 2129 2558 Regii
2152 2489 2316 2541 nostri
2339 2527 2353 2554 ,
2378 2489 2483 2541 Ju-

1464 2568 1564 2622 reti
1582 2579 1844 2638 excerpta,
1860 2566 2197 2621 Florentinus
2215 2565 2271 2620 S.
2289 2565 2480 2631 Marci,

1467 2647 1840 2717 Neapolitanus
1862 2686 1879 2712 ,
1916 2644 2176 2700 secundus
2208 2644 2482 2698 Mediceus

1466 2734 1519 2778 et
1537 2734 1764 2795 quatuor
1778 2725 1860 2778 alii
1877 2744 1999 2777 cum
2013 2722 2405 2785 Arundelian03
2423 2733 2482 2775 ut

1466 2808 1516 2858 τῦ
1530 2802 2139 2873 sumse'subintelligatur:
2158 2802 2341 2855 tertius
2357 2800 2483 2853 Me-

1466 2881 1643 2938 diceus
1673 2893 1728 2937 et
1759 2881 2018 2937 secundus
2047 2881 2330 2935 Vaticanus
2365 2882 2482 2933 dum

1461 2967 1614 3029 gessi.
1648 2961 1928 3032 Virgilius,
1965 2959 2179 3014 AEneid.
2205 2960 2316 3022 xl,
2352 2959 2480 3022 823,

1466 3042 1728 3096 Hactenus
1741 3082 1755 3105 ‚
1785 3043 1933 3095 Acca
1956 3061 2114 3108 soror,
2131 3043 2313 3108 patah·
2351 3058 2484 3092 nunc

1466 3124 1649 3174 vulnus
1680 3125 1911 3174 acerbum
1941 3122 2188 3191 Corfic1’15
2219 3117 2309 3171 ubi
2343 3116 2483 3170 Ser-

1466 3197 1580 3250 vius
1603 3217 1619 3250 :
1646 3219 1674 3244 «ι
1699 3197 1929 3251 absolute
1958 3237 1973 3265 ,
2013 3197 2094 3250 vel
2130 3214 2364 3266 pugnare
2401 3194 2482 3246 vel

1470 3297 1498 3323 υ
1523 3275 1698 3328 vivere
1727 3296 1741 3339 ;
1775 3275 2063 3329 necessaria
2103 3274 2247 3328 enim
2287 3271 2485 3341 eclipsis

1471 3373 1498 3398 »
1524 3352 1581 3404 in
1610 3351 1904 3407 desectione
1935 3392 1950 3420 ,
1983 3372 2086 3423 qua
2123 3371 2185 3406 ex
2225 3362 2334 3404 arte
2372 3368 2482 3402 non

1471 3451 1499 3478 κ
1523 3431 1685 3484 semel
1710 3432 1873 3501 posita
1898 3442 2008 3495 est;
2037 3454 2063 3478 ›-
2091 3430 2180 3483 ubi
2202 3433 2485 3484 necessat-tia

1466 3516 1600 3564 enim
1619 3515 1814 3581 ellipsis
1837 3511 2189 3566 scribendum.
2215 3513 2314 3564 Ed.
