3185 5138
615 524 1641 593 METAMORPHOSEON
1697 527 1892 594 LIB.
1942 530 2181 596 XIII.

2343 529 2474 624 367

342 666 706 740 Conveniet
743 664 1020 753 timidae,
1048 682 1217 739 natae
1230 693 1358 766 que
1393 665 1480 738 ad
1514 665 1691 741 furta
1726 667 2027 743 sinistrae.

339 780 862 855 Debilitaturum
899 780 1060 882 quid
1089 798 1150 855 te
1186 781 1393 881 petis,
1425 781 1763 883 improbe,
1797 784 2090 858 munus?
2120 786 2127 790 ’

342 895 547 993 Quod
583 895 705 968 tibi
738 895 793 968 si
824 895 1057 997 populi
1096 894 1440 971 donaverit
1472 926 1654 971 error
1685 897 1968 986 Achivi,

345 1012 485 1084 Cur
518 1008 864 1111 spolieri3‚
904 1011 1066 1098 erit,
1102 1038 1237 1084 non
1259 1068 1277 1100 ‚
1316 1040 1435 1085 cur
1463 1013 1780 1087 metuaris
1814 1014 1900 1088 ab
1934 1014 2166 1089 hoste:

341 1130 433 1200 Et
462 1126 617 1222 fuga
638 1182 657 1214 ,
698 1155 828 1228 qua
864 1126 1003 1202 sola
1039 1146 1317 1203 cunctos
1338 1185 1356 1217 ‚
1398 1128 1851 1219 timidissime,
1887 1130 2135 1221 vincis,

2386 1154 2479 1208 115

339 1242 559 1316 Tarda
591 1244 816 1318 futura
852 1245 977 1319 tibi
1012 1263 1112 1320 est
1135 1302 1153 1334 ‚
1186 1246 1546 1342 gestamina
1582 1263 1767 1319 tanta
1799 1246 2102 1322 trahenti.

343 1358 573 1446 Adde,
615 1361 797 1461 quod
830 1360 950 1436 iste
985 1380 1180 1450 tuus,
1219 1380 1353 1435 tam
1387 1390 1538 1436 raro
1571 1361 1791 1464 praelia
1826 1390 2098 1465 passus,

341 1480 608 1574 Integer
642 1497 741 1552 est
774 1479 1043 1581 clypeus
1072 1510 1087 1553 z
1116 1497 1351 1555 nostro
1371 1537 1389 1567 ,
1429 1481 1546 1582 qui
1583 1479 1709 1554 tela
1743 1480 2013 1556 ferendo

343 1592 533 1667 Mille
568 1611 752 1696 patet
777 1594 1032 1695 plagis,
1069 1624 1284 1671 novus
1320 1615 1423 1671 est
1456 1624 1800 1670 successor
1828 1596 2198 1672 habendus.

343 1709 688 1810 Denique,
729 1708 892 1811 quid
927 1709 1145 1784 verbis
1177 1740 1348 1814 opus
1387 1714 1538 1786 est?
1572 1730 1947 1814 spectemur
1977 1714 2231 1810 agendo
2262 1744 2279 1788 :
2386 1751 2478 1788 120

343 1829 546 1900 Arma
578 1826 702 1900 viri
732 1827 929 1900 sortis
959 1828 1215 1901 medios
1246 1829 1602 1903 mittantur
1635 1828 1708 1901 in
1740 1828 2008 1915 hostes;

344 1938 507 2031 Inde
539 1939 760 2039 jubete
792 1940 967 2041 peti,
1007 1958 1074 2014 et
1102 1941 1487 2016 referentem
1522 1959 1752 2016 ornate
1784 1940 2029 2016 relatis.
2071 1977 2104 2008 »

441 2058 735 2131 finierat
765 2058 1122 2134 Telamone
1156 2079 1379 2149 satus,
1416 2059 1734 2161 vulgique
1771 2076 2072 2133 secutum

346 2170 595 2244 Ultima
629 2201 930 2247 murmur
961 2193 1100 2248 erat
1133 2204 1148 2246 :
1191 2174 1399 2248 donec
1430 2174 1735 2247 Laertius
1768 2174 1967 2246 heros

348 2289 665 2380 Adstitit,
702 2309 899 2393 atque
937 2292 1167 2366 oculos
1202 2290 1477 2394 paulum
1513 2289 1747 2364 tellure
1782 2307 2075 2363 moratos
2302 2285 2309 2299 ’
2390 2312 2479 2362 125

346 2403 633 2477 Sustulit
666 2404 747 2478 ad
785 2432 1090 2506 proceres
1109 2461 1128 2493 ,
1170 2421 1680 2506 exspectatoque
1716 2402 1989 2478 resolvit

345 2592 518 2642 pressa
543 2583 710 2626 erant.
742 2572 826 2626 De
854 2575 1015 2627 verbo
1037 2579 1217 2628 celare
1240 2574 1361 2628 vide

344 2649 409 2701 ad
437 2649 492 2702 11
512 2689 525 2714 ,
551 2649 598 2701 6.
617 2677 683 2688 —
697 2653 841 2703 Nata
857 2651 1116 2720 adsueta,
1151 2651 1270 2705 vide
1294 2651 1362 2704 ad

347 2727 476 2791 XV,
507 2728 599 2780 116
622 2738 675 2781 et
704 2748 812 2781 120.

414 2806 522 2858 116.
563 2807 777 2860 Trahere
809 2806 1074 2876 eleganter
1109 2804 1174 2860 de
1211 2826 1360 2876 pon-

347 2882 472 2936 dere
494 2924 509 2949 ,
548 2884 689 2953 quod
730 2883 899 2937 tardat
936 2884 1270 2938 incedentem
1306 2896 1361 2938 et

343 2960 665 3030 stigientem3
703 2962 983 3033 Virgilius,
1012 2963 1205 3033 Georg.
1239 2966 1322 3018 IV
1341 3005 1357 3032 ,

345 3040 412 3109 94
425 3077 439 3104 ,
465 3038 531 3092 de
558 3040 716 3094 obeso
734 3080 750 3106 ,
773 3044 932 3094 latam
957 3043 1160 3094 trahens
1191 3045 1362 3109 buglo-

341 3122 449 3167 n'us
460 3117 891 3171 alvum—Prelio
898 3138 1089 3185 passus
1104 3136 1123 3184 ‚⁶
1145 3119 1359 3189 quidam
1392 3139 1402 3146 ·

347 3198 552 3247 vulnera
585 3217 792 3266 passus;
821 3217 955 3268 saepe
985 3202 1193 3252 vulnera
1210 3206 1356 3267 pali:

345 3273 434 3326 sed
455 3275 792 3330 Burmannus
809 3289 947 3332 recte
968 3279 1362 3348 praesertpraeleb

346 3353 526 3422 (quod
553 3355 746 3409 habent
767 3357 916 3427 Regii
939 3358 1215 3427 codices),
1240 3361 1362 3429 quia

343 3434 383 3485 si
410 3451 530 3483 raro
541 3433 757 3486 vulnera
780 3446 913 3488 esset
929 3455 1103 3503 passus
1115 3437 1323 3507 clypeus
1342 3477 1358 3504 ,

347 3511 517 3578 aliqua
561 3521 738 3565 tamen
782 3514 999 3567 haberet
1031 3555 1046 3582 ,
1092 3536 1192 3571 nec
1225 3529 1362 3571 esset

345 3591 565 3658 integer.

419 3692 526 3725 121.
553 3671 716 3723 Arma
735 3671 992 3738 w're'sorte’s·
1009 3682 1105 3725 etc.
1127 3672 1357 3738 Seneca,

356 3749 708 3814 Controv.11,
734 3768 811 3814 ιι,
833 3748 897 3802 de
912 3747 1108 3802 Ovidio
1126 3770 1139 3803 ε
1159 3773 1185 3795 κ
1209 3750 1361 3804 Adeo

355 3851 381 3874 υ
396 3839 572 3881 autem
592 3826 817 3880 studiose
833 3827 1117 3880 Latronem
1132 3828 1329 3882 audivit
1342 3868 1357 3894 ,

354 3931 379 3954 υ
398 3919 455 3961 ut
472 3906 661 3959 multas
682 3906 794 3974 eius
814 3908 1098 3960 sententias
1113 3906 1167 3960 in
1181 3927 1360 3961 versus

350 4010 376 4032 υ
396 4006 514 4040 suos
532 3987 870 4040 transtulerit.
896 3988 961 4041 ln
982 4007 1249 4040 armorum
1273 3990 1361 4055 iu-

349 4090 375 4114 »
401 4066 535 4120 dicio
553 4066 750 4119 dixerat
766 4066 924 4121 Latro
947 4086 960 4120 t
986 4067 1263 4121 Mittamus
1278 4087 1361 4120 ar-

351 4169 377 4192 ι»
403 4163 488 4199 ma
511 4145 565 4198 in
589 4145 763 4199 hostes
788 4185 803 4211 ,
850 4157 901 4199 et
934 4157 1184 4215 petamus.
1220 4147 1359 4199 Naso

351 4248 377 4271 ι»
402 4226 528 4279 dixit
554 4243 567 4276 :
596 4226 759 4277 Arma
781 4226 879 4277 viri
903 4225 1049 4278 sortis
1077 4236 1172 4278 etc.
1201 4247 1228 4271 »v
1260 4224 1358 4278 Si-

348 4305 468 4358 mile
490 4304 614 4374 quid
635 4303 707 4372 Q.
725 4302 907 4357 Calah.
930 4305 1026 4357 218
1042 4322 1136 4373 sqq
1152 4342 1166 4371 ,
1187 4303 1356 4356 habet.

1531 2575 1641 2627 123.
1665 2577 1893 2627 Finierat
1914 2573 2238 2638 orationem,
2266 2591 2482 2643 perora-

1458 2662 1606 2704 verat
1640 2669 1849 2704 causam
1885 2669 2050 2702 suam.
2081 2676 2147 2690 -··
2170 2651 2400 2703 Mamur
2426 2664 2481 2705 et

1459 2728 1580 2781 alias
1580 2729 1826 2797 fremitus
1837 2769 1850 2790 ‚
1872 2747 2047 2782 sermo
2063 2728 2349 2782 multorum
2365 2749 2482 2799 pro—

1457 2809 1654 2861 miscue
1680 2808 2343 2877 loquentium.-Adste'ti!,
2363 2831 2481 2864 sur-

1457 2888 1586 2939 rexit
1608 2887 1670 2940 ad
1693 2907 1873 2941 eos.—
1888 2890 2074 2942 Oculos
2091 2927 2104 2939 .
2118 2928 2131 2940 .
2147 2930 2160 2942 .
2178 2898 2396 2942 moratos
2419 2911 2480 2943 ex

1459 2964 1685 3018 Homer.
1703 2967 1761 3020 Il.
1776 2974 1812 3019 Γ
1829 3006 1843 3031 ,
1872 2987 1926 3019 αι
1940 2988 1964 3037 7
1981 2986 2074 3036 sqq
2091 3006 2106 3032 ,
2134 2969 2222 3020 ubi
2245 2967 2340 3020 hoc
2363 2987 2479 3022 mo·

1457 3042 1527 3095 ris
1552 3043 1725 3115 Ulyssi
1754 3044 1908 3096 fuisse
1933 3044 2157 3096 traditur
2174 3083 2189 3111 ,
2213 3055 2304 3108 ut,
2328 3057 2481 3096 ante-

1459 3139 1618 3189 quam
1640 3121 1796 3174 verba
1820 3120 1987 3174 facere
2012 3121 2294 3190 inciperet,
2320 3131 2479 3173 staret

1457 3199 1618 3251 oculis
1636 3200 1687 3251 in
1707 3210 1901 3251 terram
1920 3198 2098 3252 defixis
2117 3238 2132 3264 ,
2149 3200 2475 3265 immotoque

1456 3287 1676 3346 sceptro,
1697 3275 1922 3330 Causam
1944 3315 1959 3341 ,
1986 3296 2082 3329 cur
2098 3275 2196 3328 hoc
2223 3277 2291 3328 ita
2312 3275 2479 3326 finxe—

1456 3357 1526 3408 rit
1551 3358 1851 3422 Homerus,
1882 3356 2056 3409 reddit
2081 3355 2443 3423 Quintilianus
2462 3394 2475 3418 ,

1460 3435 1585 3487 Inst.
1615 3435 1689 3488 xl
1713 3475 1729 3501 ‚
1758 3451 1826 3486 111
1846 3475 1861 3500 ‚
1894 3439 1985 3487 158
2011 3454 2023 3486 :
2049 3456 2075 3480 n
2100 3436 2240 3486 Mire
2266 3432 2481 3484 auditu-—

1461 3536 1488 3560 ι»
1517 3534 1636 3566 rum
1664 3514 1853 3567 dicturi
1876 3533 2000 3566 cura
2025 3511 2277 3575 delectat,
2306 3522 2357 3563 et
2383 3511 2477 3578 ju·—

1460 3614 1487 3639 n
1518 3593 1615 3645 dex
1630 3614 1683 3645 se
1699 3594 1805 3662 ipse
1816 3592 2102 3661 componit.
2113 3591 2232 3644 Hoc
2245 3592 2476 3660 precipit

1460 3693 1487 3716 κ
1517 3671 1786 3724 Homerus
1817 3671 1983 3723 Ulixis
2007 3669 2245 3738 exemplo
2267 3708 2281 3735 ,
2312 3688 2471 3738 quem

1459 3774 1487 3798 ι·
1515 3754 1716 3806 stetisse
1753 3755 1913 3807 oculis
1942 3755 1997 3805 in
2032 3764 2226 3806 terram
2263 3752 2472 3818 defixis,

1460 3853 1487 3877 n
1513 3832 1840 3900 immotoque
1877 3841 2083 3900 sceptro
2109 3871 2123 3897 ,
2169 3833 2475 3901 priusquam

1459 3930 1487 3954 ²»
1513 3909 1653 3962 illam
1671 3909 1983 3978 eloquentiae
1998 3910 2278 3978 procellam
2296 3907 2475 3962 effun-

1460 4010 1486 4032 ι»
1517 3986 1664 4040 deret
1683 4026 1696 4052 ,
1712 3987 1851 4040 dicit.
1867 4011 1892 4034 »ι
1913 3988 1990 4040 Ut
2004 3988 2162 4056 igitur
2174 3988 2304 4055 Aiax
2323 3999 2473 4040 torvo

1455 4064 1603 4117 vultu
1620 4063 1982 4133 indignitatem
2010 4066 2086 4118 rei
2106 4065 2469 4134 profitebatur,

1455 4144 1525 4198 sic
1554 4144 1764 4215 Ulysses
1784 4144 2052 4198 modestiae
2074 4144 2233 4212 gratia
2260 4142 2471 4196 auditu-

1455 4222 1525 4274 ris
1552 4241 1607 4275 se
1640 4222 2467 4289 commendabat—Exspectata.

1456 4301 1576 4369 quia
1601 4312 1727 4355 nota
1751 4302 1994 4356 omnibus
2011 4304 2125 4372 ejus
2144 4302 2469 4355 facundia.—
