3185 5138
554 529 1664 598 METAMORPHOSEON
1725 533 1926 599 LIB.
1986 535 2225 601 XIII.

2338 534 2463 618 431

329 672 500 769 Quae
534 688 890 771 postquam
920 669 1155 759 rediit,
1190 670 1393 744 alium
1425 700 1529 744 me
1565 699 1843 772 corpore
1878 689 2023 746 toto
2044 730 2063 763 ,

328 788 430 861 Ac
463 786 718 860 fueram
751 814 969 888 nuper
990 843 1008 874 ‚
1044 815 1163 861 nec
1197 786 1499 861 eumdem
1536 806 1794 878 mente,
1827 791 2064 891 recepi.

332 906 521 977 Hanc
552 932 677 999 ego
715 922 856 977 tum
888 904 1179 1005 primum
1207 905 1481 979 viridem
1512 904 1844 1002 ferrugine
1878 905 2154 980 barbam
2175 964 2194 996 ,

2373 933 2476 1002 9⁶0

332 1021 809 1121 Caesariemque
843 1050 1055 1095 meam
1077 1078 1097 1110 ‚
1136 1051 1334 1123 quam
1368 1021 1569 1117 longa
1606 1052 1726 1123 per
1758 1052 2024 1123 aequora
2055 1053 2243 1098 verro
2267 1082 2285 1115 ,

328 1137 777 1235 Ingentesque
811 1134 1160 1222 humeroS‚
1200 1153 1266 1210 et
1301 1134 1534 1210 eaerula
1569 1136 1839 1210 brachia
1868 1137 2038 1226 vidi,

335 1253 677 1351 Cruraque
712 1250 1065 1351 pinnigero
1100 1269 1365 1325 curvata
1394 1252 1755 1327 novissima
1787 1252 1986 1354 pisce.

334 1366 529 1465 Quid
570 1384 787 1439 tamen
821 1368 959 1441 haee
994 1368 1244 1469 species
1265 1425 1284 1458 ,
1322 1369 1485 1469 quid
1519 1372 1647 1444 Dis
1678 1369 2005 1471 placuisse
2040 1372 2309 1447 marinis
2332 1430 2350 1462 ,

335 1480 522 1580 Quid
549 1481 734 1581 juvat
768 1510 904 1556 esse
943 1482 1199 1572 Deum,
1239 1483 1297 1557 si
1331 1501 1405 1557 tu
1431 1513 1567 1557 uon
1605 1485 1892 1580 tangeris
1926 1485 2126 1558 istis?
2160 1520 2197 1551 »

2373 1507 2475 1578 965

428 1597 616 1672 Talia
649 1598 977 1673 dicentem
1000 1598 1389 1687 ,dicturum
1423 1598 1651 1701 plura,
1683 1600 1955 1701 reliquit

336 1714 552 1818 Scylla
588 1701 807 1791 licum
841 1748 864 1791 :2
894 1717 1057 1792 furit
1091 1716 1201 1792 ille
1227 1776 1246 1808 ,
1282 1718 1707 1820 irritatusque
1735 1719 1996 1820 repulsa
2017 1777 2036 1810 ,

336 1833 736 1931 Prodigiosa
762 1835 932 1935 petit
962 1835 1317 1911 Titanidos
1351 1837 1515 1910 atria
1551 1837 1794 1912 Circes·

336 2011 466 2062 Mox
482 2050 495 2072 ‚
534 2013 630 2063 ubi
648 2028 789 2062 mens
818 2013 999 2074 redii&
1029 2009 1359 2079 improbante

336 2087 664 2142 But-manno,
682 2089 789 2141 Pro
804 2092 1127 2141 memoranda
1144 2086 1324 2155 teser-re
1339 2127 1356 2150 ,

336 2168 488 2221 multi
515 2172 748 2220 miranda
775 2166 969 2235 referre.
994 2195 1061 2209 —·
1085 2170 1258 2220 Alium
1285 2187 1364 2222 me

335 2251 504 2314 recepe·
520 2247 725 2316 egregie
750 2245 814 2299 de
838 2245 1226 2299 transformato.

403 2324 519 2396 950.
547 2327 765 2376 Vir-idem
776 2321 1035 2390 ferrugine
1048 2326 1257 2375 barbam
1279 2342 1364 2374 re-

336 2401 474 2469 cepit
507 2400 758 2453 Heinsius
782 2418 810 2451 e
841 2399 1018 2452 muitis
1044 2439 1058 2465 ,
1087 2418 1190 2467 ,pro
1214 2402 1368 2452 viridi

321 2477 583 2546 ferrugine
597 2481 802 2530 barbam
827 2497 844 2529 .·
868 2486 922 2530 et
948 2476 1093 2528 idem
1117 2477 1171 2528 in
1202 2476 1364 2545 prin-

336 2556 473 2626 cipio
490 2575 667 2609 versus
686 2554 831 2608 malit
855 2557 954 2608 bac
978 2574 1074 2623 pro
1096 2557 1246 2607 banc.
1271 2556 1365 2607 Vt-

336 2639 494 2688 ridem
503 2633 789 2702 ferrugine,
820 2632 1098 2687 eaeruleam
1124 2652 1137 2684 z
1154 2632 1365 2701 ferrugo

340 2723 421 2766 est
443 2712 572 2766 ferri
596 2712 744 2783 politi
767 2722 820 2765 et
838 2710 1029 2765 alento
1048 2710 1220 2764 calore
1235 2719 1366 2764 tem·

342 2792 507 2861 perati
534 2790 693 2845 color.
731 2791 877 2844 Hinc
914 2790 1055 2844 Non.
1081 2789 1215 2843 XVI
1243 2828 1259 2855 ‚
1303 2810 1329 2858 7
1348 2796 1376 2858 ,⁷

352 2874 476 2925 Vere
485 2870 804 2941 ferrugineus
840 2874 981 2924 color
1011 2874 1248 2923 ceruleus
1273 2879 1366 2925 est.

341 2951 648 3012 —Vertere,
673 2962 732 3003 ut
750 2954 985 3006 oei9v'eem
1001 2988 1016 3015 ,
1041 2948 1106 3001 (le
1124 2947 1366 3001 fluitante

345 3038 496 3081 motu
521 3028 826 3099 capillorum
848 3049 862 3094 ;
903 3026 1256 3094 Claudianus,
1282 3028 1331 3080 X
1349 3066 1365 3094 ,

354 3111 443 3177 145
466 3149 481 3175 ,
520 3110 584 3163 de
609 3109 833 3163 Tritone
853 3148 868 3174 ,
895 3112 1084 3162 undosi
1108 3110 1373 3161 verrebant

348 3191 556 3241 brachia
579 3193 756 3244 crines.
778 3187 998 3258 Proprie
1016 3193 1248 3242 cesarees
1265 3204 1367 3238 ver*

1456 2013 1526 2061 ri!
1538 2028 1738 2078 equom
1752 2050 1764 2067 .
1791 2007 1881 2061 sed
1901 2007 1950 2061 h.
1970 2007 2001 2061 l.
2018 2029 2166 2077 quam
2186 2027 2350 2069 verro.
2368 2031 2481 2064 ver·

1457 2088 1629 2141 rendo
1650 2088 1802 2141 traho
1817 2108 1939 2154 ,per
1955 2106 2187 2155 aquaram
2214 2089 2394 2142 confer
2414 2089 2480 2142 ad

1457 2187 1529 2220 vs.
1547 2168 1661 2237 492.
1675 2194 1742 2206 —
1756 2167 1989 2232 Ingentes
2005 2169 2222 2224 humeri,
2252 2178 2304 2218 et
2324 2168 2479 2233 xlv,

1458 2246 1724 2309 &magna
1748 2261 1953 2302 manus,
1981 2242 2223 2310 quiajam
2248 2244 2392 2296 Deus
2408 2244 2483 2297 sa·

1460 2329 1573 2372 ctus
1594 2341 1606 2383 ς
1629 2319 1783 2388 paulo
1800 2330 1921 2371 ante
1939 2339 2010 2371 vs.
2034 2321 2130 2391 895
2149 2359 2162 2385 ,
2188 2320 2307 2373 Acis
2319 2322 2487 2387 major

1457 2396 1972 2465 factus.—P1'tme‘5em
1988 2403 2147 2466 pisce.
2162 2397 2480 2464 Gronovius,

1462 2477 1592 2532 Obs.
1617 2480 1642 2534 I
1664 2518 1678 2544 ,
1725 2481 1814 2545 18,
1852 2477 1975 2547 legit
2004 2484 2481 2548 Pe‘nntssreraprelrle,·

1462 2555 1580 2610 vide
1605 2576 1762 2627 supra
1784 2555 1847 2609 ad
1874 2578 2004 2611 vers.
2028 2560 2143 2630 915.

1526 2635 1643 2707 968.
1656 2638 1958 2702 Prodigiosa
1979 2641 2147 2702 atria,·
2172 2635 2308 2690 aedes
2326 2656 2484 2691 mon-

1464 2722 1695 2766 strorum
1719 2713 2263 2783 plenas—Titanidos
2285 2717 2474 2781 Circes,

1464 2790 1584 2845 filiae
1609 2790 1772 2857 Solis,
1797 2791 1929 2859 quie
1953 2792 2206 2846 Titanum
2220 2793 2413 2847 familia
2432 2806 2486 2848 et

1464 2891 1693 2924 numero
1719 2882 1844 2925 erat.
1880 2871 2100 2925 Veteres
2126 2873 2337 2941 magicae
2364 2875 2487 2928 artis

1471 2949 1663 3019 peritas
1686 2968 1872 3003 omnes
1896 2949 2031 3003 Solis
2060 2950 2187 3004 filias
2209 2949 2451 3003 dicebant
2471 2973 2485 3017 ;

1465 3026 1590 3080 hinc
1615 3038 1669 3080 et
1694 3025 1848 3081 Circe
1870 3028 1984 3081 talis
2010 3028 2228 3098 fingitur
2245 3070 2259 3096 ‚
2293 3029 2489 3082 Medea

1467 3116 1520 3159 et
1547 3106 1673 3159 aliae.
1700 3108 1799 3159 Ed.
1825 3135 1892 3147 -
1916 3106 2000 3161 De
2028 3110 2172 3162 Circe
2195 3106 2312 3160 vide
2338 3108 2489 3176 plura

1468 3184 1533 3238 ad
1568 3186 1720 3252 XIV,
1759 3208 1833 3239 ιο.
