3185 5138
687 580 1761 650 METAMORPHOSEON
1821 584 2016 649 Lm.
2075 585 2259 651 ΧΠ.
2401 583 2528 667 343

414 717 737 793 Cominus
773 717 1188 815 adgreditur,
1225 718 1542 821 laterique
1574 719 1927 795 recondere
1962 721 2129 796 duro

413 836 735 910 Luctatur
768 834 1058 931 gladium
1091 864 1107 908 τ
1140 833 1360 929 gladio
1396 835 1540 910 loca
1575 837 1795 938 pervia
1827 866 1965 910 nou
2002 855 2176 911 sunt.

422 986 458 1017 «
496 954 692 1027 Haud
730 972 947 1028 tamen
977 946 1296 1048 effugies&
1334 954 1553 1026 medio
1583 954 1992 1053 jugulaberis
2021 984 2175 1030 ense
2200 1013 2219 1046 ‚

418 1067 975 1167 Quandoquidem
997 1094 1224 1140 mucro
1241 1085 1342 1141 est
1359 1066 1566 1141 hebes
1586 1095 1602 1155 ;
1632 1101 1667 1133 »
1689 1068 1908 1168 inquit
1928 1097 1943 1141 :
1964 1086 2028 1142 et
2051 1068 2312 1144 inlatus
2337 1098 2553 1145 ensem

424 1183 790 1283 Obliquat,
827 1181 1158 1281 longaque
1193 1181 1614 1282 amplectitur
1645 1183 1757 1257 ilia
1792 1184 2035 1259 dextra.
2442 1208 2541 1275 486

416 1301 622 1395 Plaga
651 1298 808 1372 facit
841 1299 1160 1394 gemitus,
1199 1326 1318 1373 ceu
1354 1326 1636 1398 corpore
1663 1301 2005 1374 marmoris
2039 1300 2152 1373 icti
2172 1356 2192 1388 ‚

415 1422 779 1519 Fractaque
816 1415 1106 1491 dissiluit
1134 1443 1451 1516 percusso
1487 1414 1726 1489 lamina
1759 1414 1950 1489 collo.

419 1537 517 1607 Ut
547 1533 709 1606 satis
743 1530 980 1605 illoesos
1013 1529 1278 1604 miranti
1308 1530 1597 1631 praebuit
1628 1548 1811 1605 artus
1830 1587 1850 1619 ,

425 1683 461 1715 «
501 1651 696 1722 Nunc
725 1646 881 1742 age,
914 1646 1010 1719 ait
1042 1645 1318 1720 Caeneus
1342 1703 1360 1734 ‚
1393 1663 1628 1721 nostro
1667 1664 1780 1719 tua
1813 1675 2095 1748 corpora
2127 1646 2303 1722 ferro
2445 1666 2551 1743 49³

427 1802 463 1834 2>
503 1768 863 1840 Tentemus
893 1792 908 1836 ε
947 1796 981 1828 »ι
1016 1762 1387 1865 capuloque
1422 1779 1613 1837 tenus
1647 1762 1910 1837 demisit
1940 1765 2010 1837 in
2043 1792 2258 1840 armos

420 1889 664 1960 Ensem
698 1881 1026 1956 fatiferum
1048 1938 1067 1967 ‚
1105 1906 1469 1981 caecamque
1500 1881 1571 1953 in
1606 1880 1850 1955 viscera
1881 1880 2125 1969 movit,

423 2001 854 2100 Versavitque
878 2026 1144 2071 manum
1166 2054 1184 2083 ‚
1223 1998 1594 2097 vulnusque
1628 1997 1699 2069 in
1731 1995 1998 2070 vulnere
2032 1997 2204 2071 fecit.

423 2118 593 2188 Ecce
628 2129 834 2187 ruunt
867 2128 1052 2187 vasto
1087 2111 1305 2184 rabidi
1341 2111 1624 2186 clamore
1658 2112 2090 2196 bimembres,

425 2231 715 2331 Telaque
745 2228 813 2300 in
849 2228 1025 2301 hune
1063 2253 1291 2300 omnes
1321 2254 1528 2301 unum
1560 2227 2001 2326 mittuntque,
2034 2226 2405 2325 feruntque.
2450 2246 2548 2315 495

426 2345 587 2419 Tela
617 2363 836 2419 retusa
871 2342 1117 2417 cadunt
1145 2372 1161 2415 ε
1190 2359 1410 2415 manet
1444 2342 1873 2441 imperfossus
1904 2341 1987 2415 ab
2023 2342 2201 2413 omni

424 2462 636 2558 Inque
671 2472 1051 2531 cruentatus
1081 2457 1355 2530 Caeneus
1390 2455 1682 2529 Elateius
1717 2455 1872 2527 ictu.

428 2577 697 2648 Fecerat
728 2572 1073 2646 adtonitos
1107 2601 1278 2645 nova
1309 2601 1431 2646 res.
1470 2605 1504 2636 «
1537 2572 1725 2644 Heus
1759 2567 2039 2644 dedecus
2066 2571 2327 2666 ingens!

431 2723 468 2755 »
505 2687 886 2789 Monychus
920 2686 1233 2762 exclamat
1262 2716 1277 2759 ε
1314 2684 1607 2787 populus
1643 2712 2029 2786 superamur
2063 2686 2146 2760 ab
2181 2716 2352 2775 uno,
2451 2710 2551 2781 499

428 2855 654 2910 sormam
677 2857 883 2928 ·patinae
907 2897 922 2923 ,
967 2857 1152 2925 quibus
1190 2855 1333 2925 pellis
1370 2855 1439 2908 ita
1534 2884 1603 2899 —-
1633 2856 1825 2909 Vulnus
1855 2859 1912 2908 in
1943 2859 2143 2911 vulnere
2157 2856 2327 2925 ficit,
2366 2859 2551 2913 abusus

428 2934 831 3002 intendebatur,
863 2944 921 2987 ut
943 2933 1094 3003 lapilli
1118 2934 1171 2985 in
1194 2951 1309 2985 earn
1334 2932 1437 2984 im·
1537 2934 1751 3004 ingenii.

430 3013 570 3067 missi
609 3012 867 3066 resilirent
892 3034 905 3076 ;
944 3011 1060 3064 vide
1101 3011 1339 3065 Perizon.
1377 3008 1439 3062 ad
1604 3014 1716 3084 494.
1758 3009 1979 3077 liuhidi,-
2010 3011 2092 3065 alii
2128 3016 2300 3079 mpt'di
2322 3024 2411 3067 aut
2442 3025 2550 3070 lee-

433 3090 782 3144 AEtianivar.
810 3089 944 3143 Hist.
974 3088 1080 3155 lx,
1098 3089 1144 3141 8.
1531 3092 1679 3158 pha,-
1719 3088 1969 3143 Heinsius
2002 3090 2250 3144 suadebat
2292 3097 2467 3147 rabidae'
2490 3099 2555 3149 de

501 3167 613 3232 486.
645 3170 832 3220 Ensem
859 3173 913 3220 e‘u
940 3171 1077 3220 latus
1101 3170 1352 3235 obliquam
1381 3165 1445 3218 ab
1539 3183 1702 3230 mom·
1724 3165 1811 3220 sed
1830 3165 1944 3220 vide
1963 3167 2351 3222 Burmannum.
2368 3171 2554 3225 Ruunt

433 3244 588 3297 initio
612 3245 848 3313 punctim
872 3244 1269 3310 verberaverat,
1303 3261 1447 3295 nunc
1540 3263 1726 3297 omnes
1748 3245 1802 3297 in
1822 3243 2044 3309 Caenea,
2069 3257 2127 3298 ut
2144 3246 2216 3311 V,
2245 3250 2332 3316 ¹⁵7
2349 3268 2444 3316 sqq
2460 3288 2475 3313 ‚
2496 3250 2552 3303 in

438 3321 611 3372 casim
633 3336 647 3369 ε
670 3322 884 3389 obliquo
911 3339 1035 3374 ense
1061 3320 1184 3373 ferit
1213 3320 1358 3373 latus.
1381 3348 1448 3359 -
1542 3322 2360 3383 Persea.—Vasto‚·13urmannus
2383 3324 2554 3378 laudat

447 3399 673 3450 Gemitus
709 3398 773 3451 de
813 3398 958 3450 omni
980 3417 1112 3451 sono
1129 3438 1143 3464 ,
1174 3397 1331 3450 etiarn
1357 3417 1445 3450 re-
1541 3411 1739 3470 vastum
1760 3401 1996 3451 latratum
2015 3417 2044 3452 e
2063 3398 2383 3466 Columella,
2406 3403 2520 3457 vlt
2539 3443 2553 3468 ,

438 3494 560 3527 rum
580 3476 985 3529 inanimatarum
1007 3496 1020 3538 ;
1042 3474 1160 3528 vide
1183 3475 1449 3527 Burman-
1550 3500 1607 3532 12
1629 3501 1642 3542 ς
1677 3476 1817 3529 idem
1834 3516 1851 3542 ,
1879 3477 1936 3542 1,
1972 3496 2005 3548 9
2023 3515 2039 3541 ,
2075 3482 2361 3529 vastitatem
2381 3486 2554 3546 voc1’53

440 3572 573 3606 num
606 3552 670 3606 ad
698 3554 777 3606 lv
797 3591 812 3619 ,
839 3554 935 3625 449
952 3592 967 3618 ,
995 3563 1048 3606 et
1075 3553 1353 3605 Heinsium
1384 3552 1447 3604 ad
1548 3553 1739 3608 Cicero
1761 3564 1815 3606 et
1837 3553 1918 3605 alii
1939 3591 1953 3616 ,
1978 3561 2122 3605 vaste
2142 3556 2319 3605 dicem
2340 3557 2561 3609 —M't-

446 3633 607 3698 XIV,
627 3632 752 3703 739:
773 3650 927 3701 supra
947 3634 997 3682 V
1010 3672 1026 3698 ,
1045 3632 1138 3697 204
1150 3671 1165 3697 ,
1182 3632 1247 3683 de
1265 3631 1450 3684 eadem
1546 3642 1771 3699 tuaique,
1781 3628 2079 3696 feruntque,·
2100 3631 2345 3697 permulti
2361 3637 2564 3686 nilum!

447 3731 505 3764 re
521 3751 535 3778 ‚
558 3716 729 3764 sonuit
746 3713 1009 3762 {mnitibus
1029 3715 1165 3762 cresis
1188 3715 1369 3762 acuttk.
1534 3709 1854 3777 fenkmlquq
1881 3704 2083 3759 codices
2105 3707 2256 3777 Regii
2258 3709 2560 3779 serzimtque.

511 3793 625 3863 49²·
646 3790 918 3856 Fatfferum
933 3829 946 3849 ‚
983 3788 1242 3842 letiferum
1258 3817 1322 3829 -
1335 3792 1452 3842 Ce-
1617 3790 1727 3862 496.
1750 3790 1870 3840 Tela
1883 3797 2050 3840 retusa
2062 3791 2263 3841 cadunt.
2282 3789 2431 3846 Novo
2444 3810 2562 3844 mo-

447 3888 583 3930 cam,
609 3868 732 3938 quia
751 3866 1048 3921 abscondita
1071 3878 1181 3919 erat
1201 3867 1254 3920 in
1284 3868 1456 3919 visce-
1551 3857 1623 3919 'do
1648 3864 2079 3918 invulnerabilem
2105 3865 2364 3919 describit.
2384 3871 2563 3921 -In-

448 3947 592 4000 ribus
608 3986 623 4012 ,
650 3966 823 4016 neque
848 3947 1173 4000 cernebatur.
1189 3974 1256 3985 —
1277 3947 1383 3999 Pro
1403 3952 1460 3999 e’n
1552 3952 1861 4000 cruentatus,
1894 3941 2036 4010 quod
2060 3962 2156 4011 per
2182 3942 2371 3996 tmesin
2396 3943 2567 3997 divul-

450 4030 647 4078 w'scera
671 4023 921 4078 Heinsius
946 4023 1123 4088 malit,
1157 4028 1211 4076 in
1241 4030 1459 4089 υιὶτεειη
1554 4035 1672 4071 sum
1702 4057 1715 4082 ,
1754 4033 1851 4088 pro
1884 4022 2168 4072 incruentus
2203 4020 2402 4088 primus
2442 4019 2570 4074 dixit

452 4123 590 4158 unus
603 4104 887 4157 Vaticanus
906 4112 960 4157 et
975 4122 1111 4156 unus
1125 4101 1429 4156 Basileensis
1444 4142 1458 4169 ‚
1557 4094 1800 4149 Ovidius.
2341 4093 2354 4105 ⁸

450 4200 724 4248 caecamque
742 4185 798 4232 in
817 4185 1012 4233 viscera
1030 4184 1226 4241 condit,
1255 4189 1313 4231 ut
1328 4179 1460 4245 XV,
1627 4177 1738 4247 499.
1768 4173 2052 4246 Monychus
2068 4215 2082 4236 ,
2114 4176 2374 4243 μονῶνυχος
2393 4216 2408 4241 ,
2439 4175 2573 4230 soli-

451 4263 608 4314 88.-
621 4259 770 4330 Regii
793 4258 996 4312 codices
1014 4263 1067 4310 e'n
1085 4263 1278 4310 viscem
1298 4260 1464 4310 movit.
1559 4251 1822 4321 dungalus
1840 4291 1855 4318 ,
1883 4250 2213 4316 Centaurus;
2240 4252 2307 4307 de
2330 4272 2436 4323 quo
2459 4254 2494 4306 J
2499 4273 2571 4306 u-

457 4336 621 4406 Quod
655 4335 719 4390 ad
747 4353 923 4391 casum
942 4375 959 4404 ,
992 4333 1121 4389 nihi!
1146 4344 1331 4388 mutes.
1364 4334 1466 4385 Ed.
1561 4331 1755 4386 venalis
1771 4370 1788 4399 ,
1804 4341 2021 4401 quaatas
2025 4331 2285 4402 jaculetur
2294 4334 2577 4406 Monychus
