3185 5138
685 568 814 658 372

1238 566 1317 630 P.
1375 564 1728 632 OVIDII
1790 563 2243 632 NASONIS

685 708 908 805 Atque
943 703 1009 776 in
1048 731 1200 798 rege
1235 720 1450 778 tamen
1489 722 1679 804 pater
1713 722 1813 779 est
1846 734 1861 777 ε
1897 734 2026 800 ego
2056 706 2213 780 mite
2244 706 2535 807 parentis

684 822 1033 916 Ingenium
1064 821 1284 894 verbis
1320 821 1402 894 ad
1434 820 1706 921 publica
1737 822 2084 895 commoda
2116 824 2314 896 verti:

679 938 876 1010 Nunc
913 938 1212 1039 equidem
1248 937 1487 1024 fateor,
1522 929 1827 1039 fassoque
1861 940 2163 1035 ignoscat
2197 938 2465 1014 Atrides
2488 996 2508 1025 ,

679 1052 1029 1127 Difficilem
1070 1055 1252 1127 tenui
1290 1054 1415 1130 sub
1454 1054 1690 1156 iniquo
1722 1056 1938 1154 judice
1973 1086 2252 1130 causam.

2716 1093 2807 1147 190

680 1170 877 1243 Hunc
911 1188 1128 1243 tamen
1163 1168 1417 1243 utilitas
1447 1168 1715 1271 populi,
1753 1169 2106 1271 fratrisque
2129 1225 2147 1256 ,
2187 1169 2451 1269 datique

671 1287 939 1360 Summa
969 1303 1189 1359 movet
1220 1286 1498 1387 sceptri,
1541 1285 1798 1360 laudem
1830 1305 1908 1360 ut
1945 1316 2093 1361 cum
2129 1288 2445 1382 sanguine
2480 1303 2734 1389 penset.

675 1403 923 1475 Mittor
960 1420 1025 1475 et
1061 1401 1141 1475 ad
1174 1421 1445 1475 matrem
1470 1459 1490 1490 ‚
1533 1430 1677 1503 qnae
1710 1430 1848 1474 non
1882 1401 2245 1489 hortanda,
2280 1401 2394 1475 sed
2420 1419 2567 1475 astu

675 1517 1086 1617 Decipienda
1121 1517 1292 1590 fuit:
1327 1546 1462 1618 quo
1500 1518 1555 1591 si
1594 1516 2021 1591 Telamonius
2059 1522 2259 1606 isset,

676 1633 865 1708 Orba
903 1633 1040 1707 suis
1080 1648 1300 1705 essent
1332 1633 1690 1705 etiamnum
1726 1632 1926 1705 lintea
1962 1634 2194 1707 ventis.

2713 1656 2806 1722 ¹95

669 1748 912 1821 Mittor
944 1763 1009 1819 et
1042 1745 1275 1819 Iliacas
1309 1746 1523 1819 audax
1558 1764 1788 1819 orator
1820 1747 1903 1819 ad
1936 1775 2155 1821 arces·
2140 1804 2157 1832 ‚

671 1863 1002 1963 Visaque,
1040 1880 1107 1936 et
1139 1861 1380 1934 intrata
1413 1879 1515 1936 est
1551 1861 1697 1935 altae
1729 1863 1894 1935 mihi
1930 1863 2106 1937 curia
2140 1862 2402 1962 Trojae.

667 1978 1008 2079 Plenaque
1042 1977 1261 2051 adhuc
1299 1995 1439 2051 erat
1472 1976 1587 2051 illa
1618 1978 1821 2052 viris:
1857 1978 2201 2052 interritus
2233 1978 2369 2072 egi,

667 2173 733 2186 ·-
754 2147 818 2198 In
838 2164 951 2213 rege
973 2154 1137 2197 tamen
1154 2153 1307 2211 pater
1337 2153 1446 2209 est‚·
1478 2144 1595 2197 vide
1620 2144 1685 2198 ad

669 2224 778 2277 ΧΠ
795 2264 810 2289 ,
839 2244 918 2296 ²9·
947 2251 1014 2263 —
1045 2224 1159 2290 Ego
1177 2227 1323 2275 mite.
1343 2262 1354 2274 .
1373 2228 1554 2286 metti,
1587 2241 1688 2292 ego

668 2306 866 2365 verbis,
904 2300 1146 2355 facundia
1180 2320 1299 2355 mea
1323 2341 1338 2368 ,
1370 2302 1562 2371 perfeci
1581 2341 1597 2368 ,
1627 2312 1688 2355 ut

665 2400 776 2447 rex,
799 2378 1033 2449 deposito
1048 2376 1235 2433 affectu
1251 2389 1492 2449 paterno,
1510 2378 1688 2432 mallet

668 2458 960 2515 commodis
983 2458 1198 2528 publicis
1220 2457 1525 2512 satisfacere.
1553 2460 1689 2510 Ver-

663 2549 768 2598 tere
785 2557 908 2593 cum
922 2537 1286 2608 praepositione
1306 2539 1402 2600 ad,
1424 2535 1687 2590 mutatio-

667 2638 795 2673 nem
819 2615 1049 2682 consilii,
1085 2613 1296 2669 affectus
1327 2624 1424 2668 etc.
1455 2612 1686 2675 indicat;

665 2694 784 2749 vide
804 2695 991 2748 Burm.
1016 2692 1079 2744 ad
1101 2691 1385 2747 Phaedrum
1401 2731 1417 2758 ,
1444 2692 1499 2755 1,
1521 2705 1653 2743 xxxr
1668 2727 1685 2755 ,

669 2777 715 2826 5.
744 2770 981 2826 Conatus
1001 2790 1120 2824 suos
1145 2782 1198 2823 et
1222 2779 1436 2838 propter
1461 2766 1689 2822 difficul-

664 2862 828 2906 tatem
845 2892 861 2919 ,
875 2862 928 2905 et
943 2852 1064 2920 quia
1080 2850 1377 2920 eloquentia
1394 2867 1526 2918 opus
1540 2860 1654 2902 erat
1670 2889 1685 2916 ,

664 2951 786 2987 cum
823 2948 984 2984 causa
1023 2928 1222 2983 forensi
1254 2937 1521 2997 comparat
1547 2969 1560 2994 ,
1600 2928 1685 2981 cui

663 3018 852 3080 praeest
876 3012 1076 3076 iniquus
1088 3009 1252 3072 judea·
1266 3047 1280 3070 ,
1315 3006 1405 3075 qui
1431 3004 1685 3058 adversa-

664 3098 755 3140 tur
776 3085 990 3156 petenti.
1004 3111 1070 3125 -
1094 3086 1278 3136 Tenem
1295 3102 1502 3138 causam
1525 3083 1683 3135 etiam

665 3163 803 3234 apud
830 3162 1146 3217 Ciceronem
1166 3180 1262 3230 pro
1283 3200 1299 3228 ,
1329 3161 1536 3214 vincere
1555 3199 1570 3226 ,
1597 3160 1684 3212 ob-

665 3243 834 3296 tinere
859 3258 1084 3294 causam.

734 3341 843 3393 ¹9¹·
870 3322 1187 3387 Fratrisque,·
1211 3315 1367 3387 vulgo
1384 3354 1400 3381 ,
1425 3317 1551 3370 etin
1577 3318 1688 3371 Re-

662 3397 757 3470 giis
773 3396 1034 3450 codicibus
1047 3396 1325 3463 ,staretque
1345 3413 1489 3463 aeque
1509 3395 1646 3448 bene
1665 3415 1678 3458 3

662 3488 717 3531 et
740 3477 998 3530 revocavit
1016 3474 1682 3529 Mitscherlichius.—-Sum-

662 3575 747 3607 ma
765 3564 925 3607 movet
940 3557 1151 3621 scepta}
1171 3552 1323 3605 multi
1346 3554 1480 3604 Cura
1492 3559 1676 3613 movet,

662 3651 778 3701 quae
792 3632 1010 3684 varietas
1023 3630 1181 3683 etiarn
1204 3632 1252 3681 V
1269 3629 1406 3683 Fast.
1423 3647 1484 3697 7²
1504 3650 1518 3691 ;
1541 3630 1681 3683 Bur-

661 3728 892 3763 mannus
916 3707 1061 3761 addit
1083 3709 1154 3761 ita
1179 3726 1349 3761 curam
1375 3725 1472 3775 pro
1495 3707 1678 3776 impe-

658 3788 740 3841 rio
764 3787 949 3840 millies
973 3787 1114 3855 poni.
1137 3788 1338 3838 Summa
1364 3789 1552 3852 sceptri
1565 3788 1686 3837 dati

659 3867 874 3937 intellig.
902 3884 1107 3920 summa
1131 3864 1336 3933 imperii
1364 3867 1384 3930 (
1405 3874 1463 3917 ut
1486 3863 1677 3918 Cicero

657 3943 958 4015 loquitur),
973 3962 1241 3999 summum
1263 3944 1542 4011 imperium
1557 3983 1572 4008 ,
1591 3963 1678 3996 cu·

658 4026 742 4094 jus
763 4026 974 4095 signum
998 4035 1075 4078 est
1100 4034 1362 4094 sceptrum
1381 4062 1397 4090 ,
1428 4022 1475 4076 ei
1503 4022 1677 4075 credi-

657 4112 790 4154 tum.
819 4102 1187 4171 Agamemnon
1224 4110 1504 4167 σκηκτοῦχος
1535 4097 1674 4168 apud

655 4177 995 4245 Homerum,

652 4276 766 4311 cum
796 4262 1042 4347 sanguine
1070 4275 1320 4323 pensare,
1362 4254 1580 4324 gloriam
1620 4264 1674 4307 et

650 4334 960 4404 sanguinem
985 4333 1135 4389 filiae
1121 4352 1177 4387 m
1192 4332 1391 4391 trutina
1406 4332 1675 4401 pondera-

1032 4179 1089 4232 ll.
1115 4187 1186 4245 A,
1223 4198 1334 4250 ²¹79·
1357 4180 1707 4229 —Laudenr

1781 2164 1873 2212 re,
1892 2144 1943 2197 h.
1966 2164 2012 2198 e.
2032 2163 2145 2197 non
2160 2142 2332 2196 solum
2350 2140 2539 2196 affectu
2557 2153 2796 2212 paterno,

1782 2184 1873 2276 sed
1897 2223 2072 2292 glorie
2094 2222 2254 2275 etiam
2274 2220 2445 2275 studio
2469 2220 2604 2274 duci.

1857 2305 1965 2376 ¹9³·
1980 2303 2159 2356 stlt'tlor
2167 2313 2219 2356 et
2232 2305 2520 2354 'admaloem
2535 2299 2615 2353 vel
2630 2299 2764 2353 solus
2780 2339 2796 2364 ,

1783 2382 1865 2435 vel
1879 2381 2140 2434 Diomede
2154 2380 2343 2433 comite
2359 2418 2373 2444 ,
2391 2378 2453 2430 ad
2473 2377 2797 2447 Iphigeniam

1783 2457 2160 2514 arcessendam.
2174 2485 2241 2499 -
2259 2460 2380 2524 ραι
2394 2475 2493 2509 non
2515 2458 2761 2508 honanda
2773 2472 2796 2517 ‚-

1786 2547 2011 2608 quatuor
2024 2539 2230 2591 oranda.
2245 2534 2440 2604 Regius
2452 2532 2613 2588 codex
2629 2533 2678 2586 A
2690 2535 2802 2586 hor*-

1784 2619 1974 2682 tanda5
1990 2615 2151 2669 codex
2170 2615 2214 2667 B
2228 2616 2474 2677 artaud&
2492 2612 2575 2665 hic
2591 2622 2650 2665 ut
2665 2630 2799 2682 saepe

1785 2696 1906 2750 alias
1922 2737 1937 2763 ,
1965 2707 2017 2749 et
2034 2706 2094 2749 ut
2111 2694 2193 2746 alii
2207 2693 2323 2746 libri
2342 2732 2357 2755 ,
2377 2692 2580 2746 literam
2594 2696 2628 2744 h
2644 2693 2800 2745 omit—

1784 2776 1847 2829 tit
1868 2796 1881 2837 ;
1923 2773 2063 2828 unde
2099 2772 2223 2825 oriri
2264 2771 2434 2841 potuit
2471 2771 2624 2824 lectio
2662 2768 2798 2822 mala

1781 2854 1990 2906 oranda.
2020 2852 2118 2904 Ed.
2144 2877 2208 2888 —
2233 2848 2469 2902 Matrem
2500 2857 2618 2900 astu
2650 2850 2800 2899 dece·

1772 2935 1878 2997 pit,
1896 2928 2160 2981 mentiens
2173 2967 2187 2993 ,
2206 2924 2366 2979 filiam
2384 2936 2670 2995 nupturam
2687 2945 2795 2977 esse

1783 3006 1989 3060 Achilli.
2007 3005 2094 3059 Sic
2116 3006 2274 3058 etiam
2295 3003 2479 3075 Dictys
2496 3001 2763 3056 Cretensis
2779 3044 2795 3067 ,

1781 3086 1868 3141 lib.
1894 3088 1951 3153 1,
1975 3096 2028 3140 et
2053 3087 2326 3158 Hyginus,
2355 3084 2456 3137 sab.
2482 3088 2562 3157 98.
2591 3086 2793 3137 Verum

1783 3161 1920 3233 apud
1946 3162 2257 3232 Euripidem
2274 3201 2290 3227 ,
2317 3160 2432 3230 Iph.
2458 3159 2578 3215 Aut.
2602 3159 2795 3213 Mene-

1769 3241 1890 3294 laus
1912 3241 2069 3294 vertit
2091 3242 2328 3294 animum
2351 3238 2527 3292 fratris
2542 3277 2558 3304 ,
2584 3238 2794 3309 Iphige—

1780 3319 1867 3371 nia
1891 3330 2067 3371 autem
2085 3337 2205 3371 cum
2220 3316 2621 3389 Clytaemnestra
2638 3317 2794 3386 ipsius

1781 3396 2195 3467 Agamemnonis
2229 3395 2390 3449 literis
2430 3397 2701 3449 arcessitur
2737 3394 2792 3448 in
2884 3448 2885 3451 ,

1779 3485 1959 3527 castra.
1976 3500 2042 3516 —-
2059 3475 2178 3527 Suis
2194 3514 2208 3538 ‚
2239 3472 2334 3526 sibi
2355 3472 2646 3526 faventibus
2662 3513 2677 3539 ,
2698 3493 2793 3526 se-

1778 3550 2265 3615 cundis—linteas·
2292 3548 2505 3619 quidam
2528 3554 2763 3604 carbasa.

1850 3629 1957 3701 196.
1980 3631 2161 3682 Mittor
2175 3638 2230 3682 e!
2250 3631 2444 3681 Iliacas
2465 3639 2560 3681 etc.
2584 3627 2797 3700 Ulysses

1775 3726 1898 3763 cum
1934 3707 2183 3761 Menelao
2223 3718 2344 3761 ante
2380 3708 2574 3761 bellum
2608 3728 2793 3763 susce-

1775 3797 1925 3857 ptum
1939 3787 2092 3840 uium
2106 3786 2290 3840 missus
2300 3798 2412 3839 erat
2421 3785 2482 3839 ad
2496 3787 2790 3853 Priamum,

1776 3876 1835 3919 ut
1860 3865 2121 3919 Helenam
2153 3874 2449 3934 repeteret;
2491 3865 2550 3917 ll.
2577 3873 2613 3919 Γ
2632 3903 2648 3930 ,
2677 3870 2793 3919 205.

1777 3944 1840 3997 ln
1865 3942 1962 3996 hac
1986 3942 2289 3995 narratione
2310 3942 2510 4010 singula
2535 3942 2710 3995 valent
2727 3939 2791 3994 ad

1774 4025 2071 4083 audaciam,
2116 4040 2217 4088 qua
2256 4039 2387 4089 opus
2416 4019 2574 4073 fuerit
2610 4021 2664 4072 in
2697 4020 2793 4073 hac

1769 4098 2051 4167 legatione,
2066 4096 2678 4150 declarandum—Arcu
2693 4112 2790 4165 pro

1770 4176 2018 4245 singulari
2037 4195 2124 4228 arx
2139 4214 2154 4241 ,
2175 4176 2493 4245 Pergamus:
2516 4173 2634 4226 vide
2658 4191 2788 4226 vers.

1771 4255 2085 4321 344.-Alla
2104 4254 2272 4320 Troja‚
2297 4250 2411 4312 Ῑλιος
2428 4259 2604 4315 αἰπεινὴ
2620 4290 2636 4317 ‚
2653 4251 2709 4303 ll.
2724 4258 2784 4314 N,

1774 4332 1867 4401 773
1889 4353 1903 4398 ;
1932 4343 1994 4385 ut
2016 4337 2193 4397 αἰπεινὴ
2218 4337 2473 4399 reviers«,
2499 4332 2559 4385 Il.
2582 4340 2616 4384 B
2635 4370 2650 4397 ,
2676 4328 2783 4392 573.
