3185 5138
663 521 747 585 33

1827 286 1852 319 N

1229 518 1307 581 P.
1364 515 1712 583 0V1D11
1761 514 2215 582 NASONIS

658 635 1140 734 victricemque
1168 651 1405 734 petunt
1435 633 1678 707 dextrae
1710 632 2106 729 conjungere
2140 632 2474 721 dextram;

660 753 1146 849 Immanemque
1177 748 1386 822 serum
1409 804 1428 836 ,
1463 746 1674 822 multa
1708 743 1939 819 tellure
1969 746 2289 843 jacentem
2309 804 2328 833 ,

663 866 981 940 Mirantes
1016 882 1316 966 spectant
1343 895 1359 937 ε
1390 891 1606 963 neque
1640 861 1855 935 adhuc
1886 862 2264 957 contingere
2300 880 2516 937 tutum

660 984 822 1054 Esse
855 999 1092 1082 putant
1119 1011 1136 1066 ;
1167 980 1280 1053 aed
1318 978 1447 1054 tela
1478 996 1692 1052 tamen
1726 990 1862 1050 sua
1881 976 2161 1077 quisque
2192 998 2555 1054 cruentant.

657 1098 806 1196 Ipse
838 1096 1002 1196 pede
1035 1096 1353 1197 imposito
1374 1150 1393 1180 ,
1427 1110 1624 1195 caput
1655 1091 1985 1167 exitiabile
2021 1094 2299 1207 pressit3

2683 1117 2782 1186 4⁶25

610 1236 617 1243 ·
656 1213 882 1311 Atque
912 1212 1050 1286 ita:
1089 1244 1122 1277 α
1163 1211 1362 1284 Sume
1389 1212 1516 1284 mei
1554 1207 1883 1310 spolium,
1918 1210 2287 1297 Nonacria,
2321 1210 2524 1308 juria,

665 1360 701 1390 n
738 1327 965 1412 Dixin
1002 1345 1066 1400 et
1100 1327 1166 1400 in
1199 1345 1449 1428 partem
1481 1327 1698 1400 veniat
1730 1324 1895 1399 mihi
1931 1320 2144 1419 gloria
2177 1343 2411 1400 tecum.
2451 1361 2486 1391 v»

660 1441 978 1514 Protinus
1009 1442 1270 1516 exuvias
1291 1497 1310 1529 ,
1344 1441 1575 1537 rigidis
1605 1439 1943 1513 horrentia
1976 1440 2133 1512 setis

659 1557 873 1650 Terga
908 1554 1060 1642 dat,
1097 1571 1163 1629 et
1188 1556 1443 1649 magnis
1476 1555 1764 1650 insignia
1803 1553 2285 1661 dentibus-ora.

661 1668 769 1742 Illi
803 1669 1041 1744 laetitiae
1072 1687 1174 1744 est
1207 1698 1355 1743 cum
1388 1698 1660 1745 munere
1690 1669 1983 1744 muneris
2020 1686 2269 1743 auctor.

2688 1692 2788 1761 430

659 1785 958 1860 Invidere
993 1784 1140 1872 alii;
1179 1802 1458 1886 totoque
1492 1804 1632 1860 erat
1662 1785 1920 1881 agmine
1954 1813 2268 1857 murmur.

659 1904 717 1974 E
752 1901 1035 2000 quibuS,
1071 1902 1322 1998 ingenti
1358 1902 1700 1976 tendentes
1734 1901 2002 1975 brachia
2037 1928 2235 1988 voce,

665 2051 697 2079 «
741 2018 924 2090 Pone
961 2045 1111 2112 age,
1145 2046 1265 2092 nec
1298 2019 1530 2092 titulos
1561 2018 1921 2117 intercipe,
1959 2016 2234 2105 semina,
2271 2034 2577 2104 nostroS,

662 2253 828 2288 versos
842 2276 855 2295 ,
887 2253 1018 2303 quos
1047 2234 1162 2303 quis
1187 2234 1282 2288 sibi
1307 2236 1569 2304 oppositos
1590 2254 1678 2304 pe·

662 2316 739 2368 tit.
776 2314 930 2384 Apud
952 2314 1334 2384 Apollodorum
1352 2315 1595 2368 vulnerat
1609 2315 1679 2367 se·

660 2412 778 2445 rum
810 2400 873 2452 ele
897 2398 970 2447 τᾶν
989 2403 1178 2446 mudum
1194 2432 1209 2459 ,
1235 2392 1289 2445 in
1315 2392 1412 2445 ilia.

722 2477 831 2541 421.
873 2474 1211 2541 Consurgere,
1247 2482 1304 2525 ut
1327 2472 1674 2542 coniungant.

655 2579 721 2591 --
753 2553 875 2603 Tela
897 2561 1160 2603 cruentant
1178 2591 1191 2612 ‚
1234 2549 1348 2604 telis
1382 2558 1628 2620 pungunt
1657 2588 1673 2615 ,

656 2628 739 2681 vel
761 2628 1045 2680 insultandi
1067 2647 1218 2681 causa
1236 2667 1251 2694 ,
1273 2629 1424 2681 velut
1445 2667 1459 2692 ,
1479 2628 1519 2681 si
1537 2628 1677 2679 vivat

658 2704 829 2758 adhuc
850 2744 864 2770 ,
897 2704 1103 2772 penitus
1126 2704 1461 2757 interficiant.
1480 2706 1679 2770 —Ipse

659 2783 931 2848 Meleager
944 2784 1121 2847 pedem
1144 2787 1357 2849 imponit
1378 2824 1389 2842 ,
1422 2801 1568 2834 more
1596 2801 1678 2833 ve·

662 2867 835 2911 terum
858 2858 1100 2924 heroum,
1117 2859 1207 2926 qui
1223 2877 1353 2911 caeso
1368 2859 1503 2911 hosti
1526 2858 1677 2911 dictis

663 2950 717 2991 et
734 2939 877 2992 sactis
892 2939 1142 2991 insultare
1160 2979 1173 3004 ,
1192 2956 1420 3006 eumque
1439 2936 1569 3007 pede
1582 2938 1680 2990 im·

662 3018 831 3088 posito
846 3036 1086 3086 premere
1102 3017 1353 3071 solebant.
1376 3016 1587 3070 AEneid.
1606 3017 1675 3084 X,

663 3099 795 3169 495ς
836 3095 946 3149 ΧΠ
972 3136 986 3162 ,
1027 3095 1141 3148 356.

730 3173 843 3239 426.
864 3175 1110 3240 spolium.
1146 3171 1288 3242 pellis
1303 3171 1532 3227 detracta
1546 3214 1560 3240 ,
1583 3178 1688 3226 mei

650 3252 789 3319 juris
805 3293 816 3311 .
846 3269 964 3319 quc
991 3248 1116 3302 mihi
1142 3249 1378 3303 debetur.
1402 3251 1678 3319 Ejusmodi

664 3330 871 3382 exuvias
928 3328 1242 3398 appetebant
1292 3348 1400 3382 non
1455 3331 1631 3384 minus
1660 3372 1675 3399 ,

664 3425 822 3477 quam
845 3425 991 3460 arma
1010 3406 1241 3460 hostibus
1270 3409 1444 3462 occisis
1473 3408 1680 3464 detrae-

664 3497 713 3539 ta
732 3524 746 3549 ,
773 3486 936 3554 iisque
958 3484 1322 3538 fortitudinem
1340 3505 1485 3539 suam
1510 3497 1681 3540 osten-

662 3566 857 3618 tabant.
882 3565 968 3617 Sic
1000 3564 1257 3618 Hercules
1289 3566 1452 3619 leonis
1476 3566 1677 3620 Nemaei

660 3640 823 3712 spolio
848 3643 1093 3694 utebatur
1116 3659 1213 3712 pro
1232 3643 1479 3712 tegmine.
1503 3643 1677 3712 Atque

660 3722 821 3774 etiam
859 3740 1003 3773 nunc
1043 3733 1407 3790 pugnaverant
1453 3723 1518 3777 de
1565 3723 1675 3794 apri

660 3807 827 3877 xtfoelj
851 3807 933 3853 καὶ
962 3804 1152 3873 deppam-e
1185 3805 1426 3867 λαχνῆιντι
1455 3802 1676 3855 Homer.

661 3896 813 3931 versu
836 3878 947 3942 544.
960 3904 1025 3919 -·-
1042 3877 1310 3929 Nonacria.
1325 3877 1474 3948 Regii
1489 3880 1675 3946 nostri,

664 3956 946 4020 Nonam-ea,
968 3953 1224 4007 Atalanta.
1239 3953 1511 4020 Nonacris,
1524 3974 1679 4010 mons

670 4034 905 4088 Arcadiae
922 4032 1250 4105 frigidissima
1265 4032 1438 4106 Stygis
1453 4054 1583 4104 aqua
1600 4036 1679 4089 sa-

668 4127 860 4163 mosus.
884 4114 982 4165 Ed.
1005 4138 1071 4153 --
1103 4114 1290 4164 Venia!
1311 4155 1322 4172 ,
1355 4112 1640 4181 elegantius
1660 4155 1675 4183 ,

664 4205 823 4256 quam
842 4227 857 4253 ,
880 4190 1161 4258 contingat.
1188 4189 1326 4243 Vide
1355 4190 1418 4242 ad
1447 4192 1499 4244 11
1522 4232 1537 4258 ,
1564 4194 1676 4246 862.

663 4265 837 4318 Attius
852 4264 907 4317 in
924 4266 1192 4336 Meleagro
1214 4287 1227 4320 :
1250 4270 1497 4321 Remanct
1510 4273 1677 4337 gloria

1773 2239 1917 2303 apul
1928 2255 2006 2288 mc
2017 2277 2031 2298 ‚
2066 2242 2275 2290 πενίη
2294 2240 2509 2305 dignari
2529 2239 2790 2292 Atalante

1774 2319 1908 2369 dare.
1933 2315 2039 2369 Sed
2070 2316 2205 2386 apud
2237 2319 2492 2371 Nostrum
2518 2317 2686 2370 multo
2710 2329 2790 2372 est

1772 2394 2023 2446 urbanior
2041 2434 2055 2460 ,
2103 2404 2156 2447 et
2196 2405 2400 2464 partem
2441 2404 2649 2447 tantum
2692 2395 2787 2448 sibi

1774 2473 1949 2541 glorie
1987 2472 2194 2541 expetit.
2234 2474 2345 2525 Nec
2378 2473 2485 2526 scio
2508 2513 2522 2539 ,
2572 2492 2637 2525 an
2677 2492 2786 2526 non

1773 2561 1978 2621 prestet
2007 2571 2066 2605 ex
2090 2569 2198 2603 uno
2221 2550 2341 2605 MS.
2366 2551 2617 2618 misul-125,
2644 2550 2790 2620 quod

1773 2640 1828 2682 et
1854 2628 2076 2682 Heinsio
2100 2626 2365 2698 placebat,
2406 2639 2462 2681 ut
2490 2629 2600 2698 apri
2625 2630 2793 2681 inter-

1776 2706 1897 2758 secti
1921 2706 2137 2774 gloriam
2162 2706 2232 2758 illi
2256 2705 2405 2759 cedat
2427 2745 2441 2771 ,
2480 2725 2597 2774 quae
2621 2706 2791 2774 prima

1773 2786 1939 2837 seram
1968 2785 2345 2838 vulneraverat.
2390 2783 2550 2838 Certe
2575 2804 2603 2838 a
2626 2783 2793 2837 Calli-

1773 2863 1961 2915 macho
1985 2863 2227 2916 Atalanta
2265 2871 2481 2915 vocatur
2515 2868 2742 2922 συοκτᾶνος
2772 2902 2786 2928 ,

1775 2940 2164 3010 apricida.—Illi
2182 2944 2358 2994 dentes
2374 2940 2512 3009 apud
2533 2942 2791 3010 Tegeates

1771 3019 1958 3073 servati
1981 3020 2044 3071 ab
2071 3019 2307 3088 Augusto
2323 3019 2551 3071 Romam
2566 3029 2690 3072 sunt
2704 3018 2790 3070 de·

1773 3097 1876 3150 lati.
1896 3097 2193 3162 Pausanias,
2218 3096 2404 3149 Aread.
2424 3117 2472 3165 p.
2492 3097 2605 3168 694.
2631 3096 2790 3164 Apud

1773 3172 1989 3226 eosdem
2013 3173 2268 3242 Tegeatas
2307 3173 2455 3242 pellis
2483 3171 2640 3240 hujus
2678 3172 2790 3241 apri

1774 3269 1879 3320 prae
1900 3250 2047 3304 senio
2069 3250 2174 3318 iam
2196 3261 2500 3319 putrescens
2516 3251 2790 3304 Pausania

1774 3329 1944 3383 adhuc
1963 3339 2111 3383 aetate
2135 3328 2512 3383 ostendebatur
2537 3369 2551 3395 ,
2598 3349 2646 3397 p.
2671 3329 2789 3400 695.

1774 3410 1837 3462 In
1863 3408 2097 3461 nummis
2122 3408 2254 3460 adeo
2277 3408 2329 3460 hi
2353 3408 2537 3461 dentes
2553 3425 2674 3460 cum
2698 3425 2792 3458 ve-

1769 3487 1962 3540 nabulo
1986 3486 2241 3556 Meleagri
2263 3487 2620 3556 repraesentati
2643 3496 2784 3539 sunt.

1774 3565 1910 3618 Vide
1937 3565 2224 3633 spanhem.
2249 3564 2315 3618 ad
2342 3563 2649 3618 Callimachi
2667 3563 2791 3616 dic-
2851 3593 2856 3598 ·

1774 3653 1889 3697 tum
1929 3645 2122 3698 locum.

1837 3725 1948 3790 432.
2003 3725 2277 3775 Tendenles
2321 3724 2573 3782 brachia:
2616 3728 2791 3786 gestus

1773 3801 2168 3872 indignabunde
2192 3802 2584 3873 imperantis.—
2597 3800 2762 3849 Tituli
2774 3841 2787 3862 ,

1773 3879 2054 3949 gloriosum
2095 3881 2370 3949 premium
2393 3917 2407 3943 ,
2447 3885 2538 3929 aut
2576 3875 2792 3943 signum

1771 3957 2013 4010 facinoris
2037 3958 2245 4026 egregii.
2266 3985 2331 3997 -
2349 3955 2429 4007 De
2451 3952 2616 4006 verbo
2631 3959 2793 4006 imeeb

1773 4038 1946 4101 cipere,
1971 4035 2035 4088 ad
2055 4053 2262 4089 versum
2281 4034 2683 4104 292.--Nostms.
2700 4033 2787 4101 qui

1771 4113 1921 4166 nobis
1948 4114 2210 4169 debentur
2232 4122 2346 4164 tum
2376 4130 2568 4181 genere
2612 4110 2788 4181 proxi-

1772 4212 1860 4247 me
1885 4193 2260 4262 attingentibus
2283 4191 2640 4259 Meleagrum,
2671 4201 2785 4242 tum

1772 4292 1894 4328 sexu
1914 4273 2202 4343 potioribus
2219 4283 2272 4327 et
2278 4272 2488 4341 semin
2510 4271 2787 4343 preferen-
