3185 5138
704 567 838 652 346

1241 566 1322 634 Ρ.
1386 567 1761 636 OVIDII
1816 562 2301 640 NASONIS

698 711 835 782 Nec
867 708 1053 809 prius
1081 706 1458 781 abstitimus
1487 708 1733 782 serrum
1768 732 2063 785 exercere
2099 739 2366 798 cruore,

701 825 922 921 Quam
957 823 1106 897 data
1134 852 1290 924 pars
1327 824 1497 911 leto,
1533 841 1786 926 partem
1820 826 1974 922 suga
2006 854 2270 928 noxque
2303 829 2595 901 removit.

2724 852 2820 904 535

793 940 910 1011 IV.
949 939 1106 1011 Haec
1142 939 1316 1013 inter
1349 940 1671 1040 Lapithas
1704 959 1770 1015 et
1800 941 2263 1016 semihomines
2301 943 2666 1018 Centauros

701 1053 934 1128 Praelia
953 1110 971 1141 ‚
1005 1050 1467 1157 Tlepolemus,
1497 1056 1692 1157 Pylio
1727 1057 2042 1133 referente
2061 1115 2079 1146 ‚
2116 1058 2413 1139 dolorem

699 1169 1024 1245 Praeteriti
1049 1169 1299 1245 Alcidae
1331 1172 1536 1253 tacito
1568 1201 1705 1246 non
1736 1172 2012 1273 pertulit
2046 1200 2159 1247 ore
2185 1202 2204 1260 ;

699 1286 926 1386 Atque
958 1286 1089 1358 ait:
1130 1320 1165 1351 «
1197 1287 1533 1362 Herculeae
1563 1290 1804 1363 mirum
1844 1305 1943 1364 est
1975 1288 2219 1364 oblivia
2249 1288 2461 1363 laudis

708 1432 743 1463 »ι
780 1401 949 1473 Acta
985 1401 1148 1490 tibi,
1181 1402 1401 1476 senior
1429 1431 1446 1474 ε
1475 1421 1646 1477 certe
1674 1405 1839 1478 mihi
1874 1433 2043 1505 saepe
2077 1405 2318 1479 referre

2727 1428 2828 1499 540

629 1618 638 1627 ,
706 1548 742 1580 »
787 1515 1166 1612 Nubigenas
1198 1519 1488 1593 domitos
1519 1547 1557 1593 a
1589 1548 1657 1594 se
1687 1538 1876 1621 pater
1906 1519 2046 1622 ipse
2080 1519 2358 1594 solebat.
2401 1552 2437 1584 n

702 1632 946 1708 Tristis
975 1635 1057 1707 ad
1092 1635 1228 1709 haec
1263 1635 1492 1737 Pylius
1523 1669 1538 1710 :
1580 1669 1617 1701 α
1652 1635 1838 1733 Quid
1871 1665 1975 1710 me
2006 1636 2379 1711 meminisse
2412 1636 2734 1712 malorum

704 1780 742 1811 »
788 1747 993 1842 Cogis
1014 1805 1032 1836 ‚
1068 1766 1133 1821 et
1168 1749 1498 1822 obductos
1534 1750 1726 1824 annis
1759 1750 2126 1825 rescindere
2165 1748 2386 1824 luctus
2408 1805 2427 1837 ‚

711 1896 747 1929 »
790 1866 1001 1967 Inque
1035 1884 1223 1939 tuum
1257 1868 1617 1961 genitorem
1648 1868 1874 1943 odium
1893 1923 1912 1956 ,
1950 1867 2367 1969 offensasque
2396 1867 2637 1941 fateri?

771 2065 882 2128 534.
914 2067 1112 2119 Ferrum
1135 2087 1359 2120 exercere
1385 2088 1555 2122 cruore
1576 2069 1720 2124 dedit
1815 2069 1938 2122 dam
1975 2081 2151 2123 tamen
2172 2110 2187 2136 ,
2228 2078 2429 2122 mutata
2458 2068 2788 2122 distinctione
2814 2109 2831 2135 ,

709 2140 960 2195 Heinsius
981 2164 1041 2196 ex
1061 2162 1170 2196 uno
1189 2143 1459 2211 Mediceo,
1478 2165 1574 2214 pro
1577 2147 1721 2214 serm

704 2237 930 2271 exercere
939 2222 1390 2291 dolorem—Regii
1411 2223 1615 2277 codices
1630 2224 1723 2277 ba-

706 2295 835 2348 bent
872 2296 1006 2351 hanc
1045 2309 1364 2368 postremam
1401 2302 1681 2355 lectionem
1702 2340 1719 2367 ‚

708 2392 864 2441 quam
889 2376 1144 2429 sinceram
1169 2388 1311 2446 puto.
1329 2380 1427 2430 Ed.
1443 2382 1723 2433 —Partem

707 2456 939 2516 removi&
968 2452 1221 2506 Gronovii
1257 2455 1455 2524 primus
1484 2458 1714 2516 diremit.

708 2538 767 2581 ut
779 2547 912 2599 saepe
931 2530 1065 2600 apud
1083 2530 1352 2587 historicos
1364 2572 1379 2601 ‚
1395 2552 1724 2602 notpugnam

708 2609 908 2660 diremit
928 2625 946 2671 ‚·
974 2609 1117 2679 Virg.
1145 2609 1269 2662 AEu.
1298 2611 1376 2676 V,
1402 2611 1496 2677 467
1512 2650 1526 2676 ,
1545 2615 1727 2678 prelia

707 2705 829 2739 voce
849 2691 1046 2739 deb-eme?
1071 2706 1087 2738 .·
1113 2688 1212 2740 hoc
1228 2689 1422 2756 recepit
1437 2688 1724 2743 Mitscberl.

711 2792 776 2803 —
803 2765 954 2836 Regii
987 2766 1150 2819 nostri
1173 2771 1389 2819 removit.

791 2843 1039 2914 536-579.
1084 2843 1188 2895 Hic
1229 2842 1425 2895 dantur
1461 2843 1726 2913 appendi-

711 2919 824 2972 cula
840 2918 903 2972 de
923 2922 1275 2990 Perit-lymeno,
1298 2919 1531 2975 Nestoris
1544 2922 1724 2990 fratre,

713 3016 872 3066 quem
894 2998 1147 3053 Hercules
1168 3001 1221 3052 in
1241 3001 1465 3069 aquilam
1488 3003 1728 3056 transfor·

710 3085 914 3130 matum
930 3076 1204 3131 interfecit.
1218 3078 1300 3132 De
1318 3081 1613 3134 auctoribus
1626 3080 1726 3135 sab.

712 3152 831 3206 vide
857 3152 919 3206 ad
943 3173 1073 3208 vers.
1106 3158 1216 3228 549.

776 3231 894 3299 537.
923 3233 1234 3299 Tlepolemus
1267 3234 1509 3289 Herculis
1545 3245 1599 3287 et
1619 3273 1633 3298 ,
1668 3246 1727 3289 ut

709 3308 924 3379 plurimi
954 3309 1199 3377 tradunt,
1240 3311 1526 3383 Astyoches
1558 3311 1724 3377 filius,

709 3387 987 3440 interfecto
1023 3388 1297 3460 Licymnio
1324 3389 1581 3443 avunculo
1601 3430 1617 3455 ,
1661 3389 1726 3442 ad

713 3464 951 3519 Rhodios
981 3466 1252 3537 aufugerat
1270 3507 1286 3532 ‚
1319 3486 1545 3536 quorum
1570 3487 1729 3522 naves

712 3555 893 3614 postea
941 3545 1185 3600 adversus
1231 3546 1495 3615 Troianos
1540 3546 1686 3600 duxit
1711 3570 1725 3612 ;

713 3621 986 3675 Homerus
1004 3661 1018 3686 ,
1048 3624 1109 3677 11.
1132 3633 1165 3678 Β
1183 3664 1199 3689 ,
1232 3625 1330 3678 653
1352 3644 1463 3694 sqq.
1498 3626 1547 3678 ls
1572 3629 1728 3677 dolo-

711 3717 812 3751 rem
836 3739 850 3759 ,
900 3718 1060 3768 quem
1092 3700 1349 3754 sentiebat
1377 3701 1502 3754 inde
1530 3739 1545 3767 ,
1585 3700 1727 3770 quod

711 3797 893 3831 rerum
925 3798 952 3830 a
982 3790 1128 3849 patre
1164 3799 1260 3832 suo
1291 3819 1310 3846 ,
1349 3798 1454 3849 quo
1489 3791 1727 3850 tempore

712 3854 851 3924 apud
883 3854 1110 3908 Pholum
1139 3867 1280 3923 erat,
1311 3867 1573 3926 gestarum
1604 3876 1726 3910 cum

713 3931 997 3987 Centauris
1021 3934 1126 4005 (de
1144 3935 1330 4004 quibus
1347 3934 1465 3988 vide
1486 3933 1727 4004 Apollod.

711 4011 798 4076 11,
816 4028 871 4077 V,
888 4012 952 4078 4)
969 4013 1298 4067 mentionem
1316 4013 1516 4066 nullam
1534 4012 1729 4066 fecerat

710 4087 904 4141 Nestor
921 4128 935 4155 ,
968 4091 1119 4144 tacite
1145 4090 1375 4159 perferre
1405 4110 1514 4144 non
1541 4091 1727 4160 potuit.

777 4166 889 4238 539.
903 4170 1068 4235 Agere
1080 4170 1269 4222 oble'oia
1280 4167 1479 4222 dictum
1492 4178 1571 4236 ,ut
1586 4187 1730 4236 agere

709 4246 988 4307 sz'lentinm,
1024 4247 1050 4299 Ι
1068 4286 1083 4313 ,
1111 4247 1225 4320 349.
1238 4249 1510 4310 ——Sene'or‚
1542 4267 1727 4315 senex,

712 4341 829 4391 (με
845 4326 1174 4395 compellatio
1198 4337 1342 4397 grata
1360 4326 1570 4382 Grecis.
1589 4326 1732 4396 Qui-

1817 2166 1963 2217 aeque
1984 2148 2119 2200 bene
2143 2167 2155 2199 ε
2182 2149 2357 2200 Senior
2376 2154 2507 2200 certe
2526 2149 2656 2199 mem
2669 2156 2835 2199 etc.—

1818 2227 2054 2279 Donu'tos
2065 2242 2167 2277 ase
2170 2235 2352 2291 palem·
2372 2224 2577 2277 mollius
2593 2243 2701 2277 esse
2717 2243 2835 2276 mo-

1819 2312 1914 2354 net
1946 2302 2284 2354 Burmannus
2310 2340 2326 2365 ,
2363 2299 2504 2369 quod
2541 2301 2596 2352 in
2630 2299 2834 2353 duobus

1819 2387 1897 2430 est
1910 2416 1925 2442 ,
1942 2398 1978 2429 a
1990 2396 2045 2430 se
2057 2380 2272 2430 domitos
2264 2376 2834 2449 latere-Emendatio

1821 2452 2257 2520 Burmannianaf
2280 2455 2375 2508 etsi
2400 2453 2603 2507 duobus
2624 2464 2831 2507 tantum

1820 2531 2080 2587 codicibus
2108 2531 2343 2599 firmata,
2376 2531 2717 2586 nihilomiuus
2747 2544 2833 2586 ta-

1820 2631 1946 2664 men
1970 2611 2236 2682 probanda
2260 2607 2483 2664 videtur.
2507 2615 2603 2666 Ed.

1888 2692 1997 2755 543.
2020 2691 2276 2743 Obduclos
2298 2691 2494 2757 Intus,-
2520 2690 2735 2742 vulnera
2757 2689 2835 2741 di-

1822 2775 2017 2818 cuntur
2037 2765 2225 2819 obduci
2250 2784 2412 2835 quum
2435 2766 2757 2832 coalescunt,
2781 2776 2834 2817 et

1822 2847 2067 2906 rescindi,
2104 2863 2267 2913 quum
2293 2863 2471 2898 rursus
2493 2845 2799 2914 aperiuntur
2817 2884 2833 2911 ,

1822 2921 2146 2975 refricantur.
2167 2921 2307 2974 Hinc
2322 2922 2406 2974 illa
2425 2923 2580 2976 verba
2595 2921 2657 2975 ad
2676 2941 2838 2975 reno-

1823 3009 2001 3051 vatum
2027 2999 2225 3051 luctum
2251 3009 2330 3052 sat
2354 2999 2631 3052 commode
2660 3011 2831 3052 trans-

1820 3075 2079 3128 feruntur.
2118 3076 2267 3130 Olim
2298 3075 2401 3129 boc
2438 3077 2552 3130 loco
2583 3076 2835 3130 edebatur

1820 3159 2111 3222 restringere
2141 3157 2342 3226 Iactus,-
2379 3153 2462 3207 alii
2486 3155 2649 3209 aliter.
2684 3154 2836 3221 Qui-

1823 3230 1946 3284 dam
1961 3230 2156 3284 habent
2167 3234 2410 3284 obductos
2419 3234 2590 3284 leviter
2596 3233 2838 3284 rescinde-

1824 3327 1877 3360 re
1890 3312 2088 3373 luceru
2116 3308 2238 3362 inde
2260 3309 2507 3362 Heinsius
2522 3307 2835 3362 emendabat

1821 3387 2084 3438 obductam
2121 3389 2295 3439 leviter
2333 3387 2611 3438 rescindere
2642 3389 2837 3438 wlnus.

1824 3462 1931 3516 Sed
1962 3469 2114 3516 annet:
2146 3463 2283 3517 bene
2315 3483 2370 3517 se
2408 3463 2579 3516 habet.
2616 3462 2836 3517 Constat

1823 3541 1967 3594 enim
1983 3581 1998 3608 ,
2016 3561 2192 3603 annos,
2213 3552 2416 3611 tempus
2427 3579 2441 3606 ‚
2458 3561 2566 3594 esse
2580 3542 2803 3595 maxime
2818 3582 2834 3609 ,

1824 3618 1914 3687 qui
1950 3635 2129 3673 rerum
2168 3618 2470 3673 acerbarum
2506 3638 2717 3673 sensum
2750 3619 2835 3672 le-

1824 3697 2056 3750 niant.-—
2066 3696 2259 3766 Regius
2281 3695 2442 3750 codex
2467 3698 2516 3751 A
2538 3699 2830 3761 mse-theru

1823 3774 1985 3828 codex
2013 3775 2059 3828 B
2090 3785 2305 3829 metm
2331 3794 2347 3827 .·
2386 3774 2487 3828 hoc
2522 3776 2741 3829 verbum
2769 3775 2831 3829 ab

1823 3866 1934 3907 arte
1975 3855 2190 3908 textoria
2226 3854 2450 3924 petitum
2486 3873 2499 3907 :
2540 3854 2619 3907 his
2652 3865 2831 3908 meta·-

1823 3932 2000 4002 phoris
2015 3932 2229 4002 quidem
2249 3951 2382 4002 sepe
2398 3942 2623 3986 utuntur
2637 3931 2822 4000 Graci,

1823 4014 2063 4085 inprimis
2104 4014 2255 4067 Plato
2283 4054 2298 4082 ,
2345 4015 2401 4067 in
2437 4012 2695 4080 Politic03
2736 4013 2827 4067 sed

1824 4092 1946 4146 huic
1984 4091 2100 4146 loco
2138 4110 2247 4146 non
2294 4094 2541 4146 convenit
2578 4102 2817 4155 retexere,

1824 4189 1949 4224 nam
1972 4175 2138 4225 luctus
2165 4173 2406 4224 obductos
2426 4169 2621 4224 indicat
2649 4170 2833 4222 vulnus

1824 4260 1878 4303 et
1891 4249 2183 4304 cicatricem
2197 4268 2313 4318 que
2333 4248 2715 4304 rescinduntur.
2737 4249 2837 4299 Ed.

1822 4355 1891 4369 -
1906 4326 2152 4397 Osfcnsaes
2166 4367 2181 4395 ,
2215 4328 2402 4398 quibus
2422 4347 2508 4382 me
2530 4325 2741 4381 adflixit.
2774 4345 2779 4349 ·
