3185 5138
789 560 877 625 30
1352 554 1428 619 Ρ.
1483 553 1835 622 OVIDII
1886 548 2347 620 NASONIS

786 699 1073 801 Impiger
1102 695 1427 796 Eurytion
1449 751 1468 784 ,
1504 712 1573 769 et
1608 721 1805 767 cursu
1836 692 2122 767 invictus
2151 694 2408 768 Echion
2429 750 2448 782 ,

786 814 1234 915 Naryciusque
1266 809 1500 897 Lelex,
1536 811 2055 910 Panopeusque,
2095 809 2514 911 Hyleusque,
2549 811 2866 912 feroxque

790 930 1162 1030 Hippasus,
1199 943 1266 999 et
1297 926 1532 1027 primis
1564 925 1921 999 etiamnum
1952 926 2198 997 Nestor
2228 925 2297 996 in
2333 926 2566 999 annis:

786 1047 877 1119 Et
909 1072 1075 1144 quos
1110 1043 1520 1143 Hippocoon
1553 1040 1845 1141 antiquis
1876 1040 2058 1113 misit
2091 1039 2417 1141 Amyclis3

783 1158 1284 1258 Penelopesque
1320 1185 1540 1243 socer,
1574 1184 1721 1228 cum
1757 1156 2104 1230 Parrhasio
2136 1158 2415 1244 Ancaeo;

2815 1177 2917 1236 315

785 1279 1315 1382 Ampycidesque
1347 1307 1583 1374 sagax,
1618 1297 1684 1352 et
1713 1279 1928 1352 adhuc
1962 1309 1997 1354 a
2033 1279 2314 1378 conjuge
2349 1298 2532 1355 tutus

788 1402 1137 1488 OEclides3
1172 1402 1592 1502 nemorisque
1627 1402 1825 1475 decus
1859 1401 2128 1496 Tegeaea
2160 1402 2375 1502 Lycei.

790 1524 1035 1600 Rasilis
1067 1525 1575 1599 huic‘summam
1608 1523 1953 1597 mordebat
1983 1521 2189 1597 fibula
2220 1542 2501 1612 vestem3

855 1737 968 1791 312.
992 1738 1198 1807 Naryx,
1222 1734 1344 1788 urbs
1362 1734 1652 1787 Locrorum
1669 1772 1684 1799 ,
1708 1733 1799 1802 qui

789 1834 818 1865 a
833 1813 1021 1881 Lelege
1040 1812 1254 1879 Leleges
1269 1811 1394 1864 olim
1412 1810 1667 1881 appellati.
1694 1811 1799 1864 Pli-

787 1889 904 1942 nius
921 1928 936 1954 ,
960 1888 1060 1954 1V,
1081 1891 1499 1959 7.—Etiamaum.
1517 1886 1698 1941 Codex
1716 1888 1764 1940 A
1779 1926 1794 1952 ,

782 1973 936 2021 ettam
958 1976 1104 2029 tunc-3
1137 1964 1318 2018 Codex
1342 1966 1386 2018 B
1412 2006 1427 2032 ,
1464 1971 1617 2019 eliam
1648 1984 1794 2018 nanc.

785 2047 1029 2100 -Attm‘s
1048 2064 1076 2098 e
1098 2042 1261 2097 MSS.
1278 2042 1422 2097 dedit
1434 2044 1682 2096 Heinsius
1700 2062 1796 2113 pro

784 2130 937 2177 annis
951 2123 1113 2192 (quod
1130 2123 1323 2176 habent
1340 2123 1504 2175 nostri
1522 2120 1713 2190 Regii).
1730 2150 1797 2163 —

785 2206 970 2255 Pre‘mae‘s
987 2206 1042 2253 e'a
1064 2207 1255 2265 annin·
1291 2199 1410 2252 vide
1430 2198 1492 2252 ad
1520 2200 1627 2261 xll
1641 2239 1655 2265 ,
1687 2201 1792 2253 183.

784 2307 850 2320 —
887 2280 1179 2346 Hippocoon
1211 2277 1422 2331 miserat
1462 2275 1595 2329 filios
1636 2295 1756 2330 suos
1775 2316 1790 2343 ,

784 2358 1116 2424 Erae-imum,
1133 2357 1387 2411 Alconem
1403 2366 1457 2409 et
1478 2355 1792 2425 Dexippum.

779 2465 845 2479 -
858 2440 1072 2490 Amida
1087 2477 1100 2499 ,
1125 2437 1248 2489 urbs
1270 2436 1484 2505 antiqua
1502 2435 1756 2490 Laconiae.

843 2514 955 2567 315.
999 2515 1269 2582 Penelopes
1315 2530 1489 2579 socer,
1533 2512 1746 2566 Laertes
1773 2551 1787 2579 ,

780 2592 977 2663 Ulyssis
1001 2602 1163 2661 pater.
1187 2619 1254 2631 —
1274 2591 1494 2644 Anceus
1513 2632 1525 2653 ,
1562 2590 1788 2662 Lycurgi

778 2671 926 2722 lilius.
940 2697 1007 2710 -
1019 2672 1344 2733 Parrhasias,
1372 2669 1549 2722 Ancas.
1567 2697 1635 2709 —
1649 2672 1788 2722 Am-

769 2749 979 2818 pycides
1002 2786 1015 2806 ,
1057 2747 1275 2815 Mopsus
1299 2785 1315 2810 ,
1356 2746 1579 2817 Ampyci
1609 2746 1745 2799 lilius
1769 2787 1784 2813 ‚

779 2843 943 2894 augur
964 2834 1016 2877 et
1035 2833 1189 2875 vates.
1205 2823 1308 2876 ΧΠ
1332 2861 1346 2888 ,
1376 2825 1485 2887 455.
1500 2825 1782 2890 -3αμιτ;

776 2903 959 2956 confer
977 2900 1047 2964 V,
1074 2900 1478 2965 146.—OEclides
1495 2939 1507 2958 .
1536 2899 1788 2969 Amphia-

775 2999 896 3033 raus
922 3018 937 3045 ,
978 2977 1148 3030 OEclei
1184 2976 1354 3043 filius,
1390 2976 1703 3030 vaticinandi
1732 2989 1785 3032 et

774 3057 879 3126 ipse
925 3053 1265 3125 peritissimus
1283 3092 1297 3119 ,
1335 3071 1494 3122 quem
1536 3053 1785 3125 Eriphyla

774 3151 903 3185 uxor
919 3129 1147 3202 prodidit
1164 3129 1387 3183 Adrasto
1402 3168 1416 3195 ,
1436 3130 1631 3183 bellum
1648 3131 1784 3183 The-

771 3210 918 3264 banis
940 3208 1191 3261 moventi.
1219 3207 1493 3278 Hyginus,
1523 3208 1624 3261 sab.
1661 3210 1780 3272 128;

770 3290 951 3343 confer
977 3285 1286 3356 Euripidem
1304 3327 1317 3347 ,
1344 3285 1530 3341 Phoen.
1559 3290 1649 3356 175
1671 3306 1781 3356 sqq.

835 3369 948 3437 317.
980 3370 1180 3434 Tegea,
1198 3365 1390 3435 oppido
1409 3364 1663 3431 Arcadia,
1692 3368 1784 3418 Te·

766 3468 902 3516 gena
941 3444 1105 3511 dicta,
1142 3443 1234 3497 sed
1263 3444 1397 3497 insra
1420 3483 1435 3511 ,
1461 3462 1615 3497 versu
1648 3445 1776 3513 426,

771 3528 1060 3580 Nonacrina
1075 3565 1087 3586 ‚
1112 3534 1166 3578 et
1186 3523 1407 3578 Heroid.
1427 3523 1524 3589 1V,
1540 3544 1606 3597 99
1623 3563 1638 3589 ,
1661 3525 1778 3578 Ha·-

768 3605 924 3653 nalia.
943 3601 1046 3653 Hic
1061 3601 1293 3672 intellige
1310 3601 1577 3654 Atalanta.
1600 3602 1637 3653 J
1641 3620 1778 3654 nve-

769 3697 862 3731 nes
882 3717 897 3744 ,
922 3697 990 3730 ne
1014 3678 1219 3731 nudum
1256 3679 1538 3732 nominum
1574 3678 1778 3732 catalo-·-

767 3774 892 3825 gum
915 3766 1203 3824 apponeret
1219 3794 1234 3820 ,
1264 3757 1464 3810 notavit
1489 3757 1704 3826 quidem
1722 3768 1777 3810 et

767 3836 925 3904 ipsos,
942 3831 1032 3886 sed
1053 3831 1295 3884 breviter.
1314 3834 1616 3886 Atalantam
1630 3853 1775 3901 vero,

765 3922 823 3964 ut
845 3909 1077 3964 nobilem
1096 3909 1150 3961 in
1170 3908 1363 3980 mythis
1378 3948 1392 3975 ,
1419 3920 1471 3961 et
1493 3910 1773 3978 seminam,

764 4001 817 4042 et
852 3988 1056 4043 felicem
1095 3989 1263 4057 jactu,
1293 3997 1345 4040 et
1378 3987 1539 4057 spolia
1570 3987 1774 4058 depor-

766 4077 965 4119 tantem
991 4067 1182 4120 merito
1206 4066 1459 4135 copiosius
1490 4064 1773 4136 descripsit.

766 4145 912 4197 Duas
934 4158 1107 4200 autem
1129 4148 1284 4217 huius
1300 4148 1530 4201 nominis
1551 4148 1774 4218 virgines

767 4224 1044 4292 antiquitas
1056 4225 1235 4279 habuit
1248 4264 1263 4291 ,
1285 4226 1590 4281 Arcadicam
1609 4228 1769 4297 hanc,

767 4301 1052 4355 Boeoticam
1076 4302 1290 4354 alteram
1308 4342 1322 4368 ,
1347 4322 1464 4371 que
1498 4304 1605 4358 sere
1632 4324 1770 4357 con-

1895 1732 2196 1787 sunduntur
2222 1753 2252 1787 a
2286 1734 2621 1804 scriptoribus
2648 1735 2873 1806 antiquis
2890 1776 2903 1802 ,

1895 1822 1955 1864 ut
1991 1814 2098 1880 iam
2124 1815 2333 1867 monuit
2369 1813 2749 1883 Apollodorus,
2788 1816 2901 1882 Ill,

1896 1907 1952 1943 11
1972 1931 1987 1957 ,
2016 1913 2061 1944 a.
2104 1891 2354 1946 Arcadica
2377 1893 2475 1945 suit
2502 1893 2611 1945 Jasi
2633 1933 2648 1959 ,
2678 1894 2902 1949 Jasionis

1893 1981 1980 2023 aut
2000 1970 2207 2023 Jasonis
2232 1968 2336 2022 filia
2363 1989 2379 2022 .·
2397 1970 2626 2023 Boeotica
2643 1970 2904 2024 Schoenei.

1893 2048 2021 2100 Fata
2063 2047 2219 2115 hujus
2259 2047 2519 2101 Atalante
2543 2086 2558 2114 ,
2599 2048 2708 2101 Jasi
2745 2049 2901 2115 filiae,
2951 2070 2962 2081 ¹

1889 2130 2113 2181 sormam
2133 2168 2147 2193 ,
2172 2139 2385 2182 antrum
2407 2169 2421 2194 ,
2447 2128 2678 2182 studium
2703 2150 2905 2184 venan-

1891 2204 1976 2272 di,
2009 2216 2105 2259 etc.
2129 2206 2334 2275 copiose
2359 2205 2601 2259 describit
2628 2207 2868 2261 AElianus
2884 2245 2899 2272 ,

1891 2282 2018 2332 Var.
2050 2282 2185 2334 Hist.
2224 2282 2361 2335 XIII
2390 2322 2405 2349 ,
2456 2304 2496 2336 1.
2540 2284 2601 2338 In
2631 2283 2901 2337 Marmore

1887 2357 2119 2426 quodam
2144 2358 2280 2428 apud
2304 2359 2590 2429 Sponium,
2618 2361 2674 2412 in
2701 2360 2902 2414 Miscel.

1888 2456 1937 2502 p.
1955 2434 2050 2487 312
2071 2474 2086 2501 ,
2116 2446 2383 2505 comparet
2404 2437 2543 2488 iuter
2559 2436 2788 2505 reliquos
2808 2436 2898 2489 hu·

1887 2511 1969 2580 jus
2013 2513 2123 2582 apri
2160 2524 2433 2566 venatores
2455 2552 2469 2580 ,
2508 2523 2562 2566 et
2595 2514 2811 2585 quidem
2840 2534 2902 2568 eo

1887 2590 2068 2644 habitu
2093 2632 2110 2658 ‚
2158 2611 2264 2662 quo
2299 2611 2415 2646 eam
2451 2592 2691 2648 describit
2718 2614 2901 2665 aprum

1885 2691 2007 2725 cum
2025 2673 2295 2743 Meleagro
2308 2686 2589 2727 venantem
2604 2674 2900 2730 Philostrat.

1887 2749 2031 2802 Icon.
2054 2769 2101 2818 p.
2126 2749 2222 2802 868
2243 2771 2256 2814 ς
2283 2750 2424 2802 unde
2451 2770 2569 2803 eam
2594 2751 2901 2819 exprimen—

1885 2828 2005 2881 dam
2027 2829 2225 2882 curavit
2250 2829 2538 2898 spanhem.
2559 2829 2622 2883 ad
2647 2828 2901 2884 Callima-

1884 2908 2044 2964 chum
2068 2950 2084 2976 ,
2127 2911 2310 2983 hymn.
2337 2912 2492 2967 Dian.
2527 2933 2658 2967 vers.
2693 2915 2805 2968 216.
2834 2945 2899 2956 -

1887 2990 2109 3041 Nemore&
2142 2993 2325 3052 decas,
2365 2991 2485 3060 quia
2511 3001 2562 3044 et
2585 2993 2755 3044 sorma
2787 3006 2899 3048 erat

1880 3063 2115 3134 insignis,
2132 3076 2184 3119 et
2204 3068 2437 3119 venatrix
2459 3068 2894 3137 praestantissima.

1947 3141 2059 3196 318.
2102 3144 2312 3196 Basilia
2346 3164 2505 3215 opera
2529 3185 2544 3211 ,
2576 3163 2691 3214 quae
2722 3147 2776 3199 in
2807 3147 2893 3200 la-

1879 3219 2048 3274 minas
2072 3219 2280 3275 diducta
2307 3234 2361 3277 et
2385 3223 2602 3295 levigata
2639 3236 2763 3278 sunt
2782 3264 2799 3290 ,
2836 3225 2891 3278 id

1878 3298 2017 3368 quod
2055 3300 2311 3355 faciebant
2346 3321 2571 3366 rasores,
2603 3301 2667 3355 de
2703 3305 2910 3373 quibus

1876 3374 1978 3428 vid.
1995 3375 2293 3443 Salmasius,
2312 3378 2536 3433 Exercit.
2560 3378 2692 3433 Plin.
2710 3400 2759 3450 p.
2779 3379 2890 3449 736:

1875 3453 2212 3516 -Sammann
2229 3454 2478 3522 Urbinas,
2494 3457 2884 3526 Neapolitanus,

1873 3524 2131 3585 secundus
2155 3532 2452 3601 Mediceus,
2469 3541 2684 3602 pn’mam
2702 3577 2715 3598 ,
2744 3535 2883 3608 quod

1874 3607 2127 3662 arrideret
2153 3610 2374 3663 Heinsio
2390 3612 2488 3665 nisi
2517 3614 2852 3683 precessisset
2869 3652 2883 3679 ‚

1873 3686 2110 3739 vers.313
2123 3726 2138 3751 ,
2150 3692 2344 3754 primis.
2361 3688 2466 3742 Sed
2483 3690 2591 3744 haec
2606 3691 2886 3759 respuendi

1873 3761 2151 3816 lectionem
2175 3785 2326 3820 causa
2347 3767 2489 3819 nulla
2513 3778 2604 3819 est.
2618 3794 2684 3808 ·-
2705 3768 2884 3822 Nostri

1874 3841 2055 3911 Regii,
2080 3862 2336 3899 summam.
2349 3847 2675 3897 -Saemnam
2699 3856 2882 3900 vestem

1874 3917 2095 3972 Lenzius
2120 3921 2360 3992 intelligit
2395 3922 2575 3986 altius,
2604 3940 2752 3977 more
2778 3945 2882 3979 ve—

1871 3999 2114 4051 nantium
2133 4040 2149 4066 ,
2174 4001 2489 4054 subtractam
2510 4040 2526 4066 ,
2556 4019 2715 4069 quam
2739 3993 2878 4057 fibu-

1869 4073 1915 4125 la
1944 4078 2455 4132 tenuerit.—-Fibula
2479 4081 2736 4133 mordebat
2763 4101 2879 4135 ves-
2979 4129 2992 4150 ,

1870 4162 1978 4207 tem
1995 4195 2011 4221 ,
2052 4156 2317 4226 eleganter
2336 4195 2351 4222 ,
2392 4157 2660 4212 collectam
2699 4161 2878 4213 conti-—

1867 4231 2039 4285 nebat.
2054 4231 2282 4286 Aculeus
2300 4233 2443 4286 enim
2461 4234 2631 4290 fibulae
2644 4248 2720 4290 est
2736 4238 2879 4305 quasi

1867 4306 2011 4363 dens.
2041 4309 2086 4363 F
2086 4309 2236 4364 ibulis
2264 4313 2415 4367 vestis
2438 4315 2517 4367 vel
2536 4316 2587 4368 in
2614 4315 2843 4370 humeris
2860 4356 2874 4380 ,
