3185 5138
675 500 802 562 230

1221 497 1298 561 P.
1360 497 1715 563 OVIDII
1773 497 2240 565 NASONIS

670 634 799 706 Hic
835 632 1010 707 ferus
1043 633 1415 735 expositum
1446 635 1812 735 peregrinis
1843 636 2082 729 anguis
2114 638 2328 711 arenis

671 751 773 822 Os
800 749 1007 849 petit,
1046 767 1112 822 et
1145 778 1410 850 sparsos
1446 748 1723 823 stillanti
1758 780 1908 824 rore
1937 739 2230 851 capillos.

671 865 962 938 Tandem
995 865 1298 939 Phoebus'
1323 864 1546 952 adest,
1589 894 1981 967 morsusque
2018 866 2257 941 inferre
2291 889 2628 968 parantem

669 982 866 1053 Arcet
888 1037 906 1066 ‚
944 999 1010 1054 et
1043 982 1112 1054 in
1150 980 1433 1082 lapidem
1469 981 1678 1056 rictus
1712 982 2041 1083 serpentis
2073 1000 2332 1083 apertos

671 1098 1032 1192 Congelat;
1072 1114 1137 1170 et
1168 1096 1472 1198 patuloS‚
1511 1116 1588 1172 ut
1626 1116 1809 1172 erant
1833 1154 1852 1183 ‚
1884 1098 2150 1172 indurat
2183 1098 2421 1173 hiatus.
2733 1126 2799 1176 60

670 1215 919 1287 Umbra
957 1213 1140 1287 subit
1176 1232 1426 1299 terras3
1464 1232 1531 1287 et
1553 1271 1570 1300 ‚
1613 1243 1757 1314 quae
1790 1214 1931 1287 loca
1966 1213 2217 1288 viderat
2246 1233 2397 1289 ante
2420 1273 2438 1304 ‚

671 1330 926 1402 Cuncta
959 1327 1409 1422 recognoscit;
1450 1357 1882 1429 quaerensque
1914 1358 2035 1429 per
2060 1358 2209 1402 arva
2242 1330 2508 1430 piorum

669 1442 930 1518 Invenit
961 1441 1333 1543 Eurydicen
1360 1498 1377 1529 ,
1414 1442 1805 1543 cupidisque
1842 1442 2262 1544 amplectitur
2295 1444 2487 1518 ulnis.

670 1633 859 1668 canere
877 1653 892 1680 ,
917 1631 1076 1681 quam
1099 1611 1217 1665 alibi
1237 1631 1250 1663 z
1270 1610 1371 1665 vid.
1404 1612 1687 1666 Pausanias

671 1695 837 1747 Boeot.
863 1710 910 1761 p.
946 1691 1072 1762 769,
1103 1691 1189 1742 ubi
1221 1690 1368 1759 plura
1394 1690 1458 1743 de
1483 1690 1686 1760 Orphei

666 1770 904 1839 sepulcro
918 1780 971 1821 et
985 1769 1181 1821 ossibus
1204 1767 1376 1820 habes.
1393 1770 1580 1837 Lyram
1595 1770 1686 1821 Jo-

670 1849 808 1901 viset
822 1847 1077 1916 Apollinis
1085 1845 1352 1897 voluntate
1368 1847 1507 1898 inter
1518 1845 1688 1898 sidera

672 1926 904 1982 retulisse
919 1927 1088 1979 Musa
1105 1923 1370 1984 dicuntum
1387 1925 1584 1995 Hygin.
1596 1923 1645 1977 d.
1656 1924 1686 1977 l.

738 2007 813 2059 56.
837 2009 1153 2071 Expositum.
1176 2003 1349 2073 Vulgo
1362 2008 1589 2069 exposito
1603 2044 1614 2064 ,
1635 2014 1688 2055 et

669 2106 823 2141 versu
843 2104 950 2152 seq.
978 2082 1190 2152 quidam
1207 2121 1222 2148 ,
1252 2086 1448 2134 obstitit
1468 2099 1564 2150 pro
1583 2121 1598 2147 ,
1628 2099 1688 2133 os

663 2170 807 2233 petit.
832 2164 918 2217 Sic
944 2163 1069 2231 legit
1092 2162 1250 2213 etiam
1279 2156 1568 2224 planudes,
1597 2159 1685 2226 qui

673 2245 862 2307 vertit,
883 2246 1033 2317 ἄγριος
1058 2248 1153 2315 ἕξις
1171 2240 1378 2300 eluviem.
1392 2239 1547 2292 Unus
1564 2238 1687 2291 Va-

670 2326 873 2378 ticanus
904 2329 1086 2390 angat&
1111 2328 1164 2374 in
1193 2325 1373 2373 herbis.
1408 2320 1533 2372 Post
1559 2338 1688 2371 ver-

673 2423 789 2458 sum
811 2407 868 2471 57
889 2441 903 2467 ‚
922 2402 1077 2471 vulgo
1093 2399 1335 2452 inseritur
1359 2397 1440 2450 hic
1456 2419 1468 2450 ι
1486 2398 1694 2449 lambit

671 2496 721 2535 et
744 2480 1048 2550 hymniferos
1069 2484 1236 2531 inhiat
1251 2482 1481 2531 divellent
1501 2482 1685 2537 vultus,

671 2581 831 2631 quem
849 2560 956 2628 iam
976 2557 1230 2612 Ciofanus
1249 2554 1533 2609 delendum
1551 2554 1691 2607 indi-

672 2639 819 2692 cavit.
839 2639 946 2691 Pro
965 2655 1029 2689 eo
1046 2637 1099 2687 in
1115 2635 1282 2686 Vossii
1302 2633 1405 2685 MS
1427 2636 1691 2698 Extemplo

671 2738 837 2773 morsu
858 2720 993 2770 cedit
1009 2718 1205 2766 lam'are
1216 2711 1402 2777 firino.
1440 2712 1690 2763 Heinsius

672 2797 882 2865 conjicit
921 2798 1053 2859 cepit
1086 2795 1295 2842 laniare.
1342 2787 1690 2856 Caposerreus

671 2884 850 2930 censet
877 2911 891 2937 ,
924 2890 985 2923 ex
1018 2868 1220 2921 duobus
1246 2867 1476 2920 versibus
1509 2867 1688 2918 confi-

674 2949 922 3005 ciendum
964 2946 1105 2998 hunc
1139 2963 1306 2996 unum
1334 2965 1347 2996 z
1375 2963 1435 2996 os
1449 2949 1608 3008 petit.
1643 2952 1694 2996 et

674 3046 850 3084 sacros
872 3030 1039 3079 inhiat
1055 3026 1287 3076 diuellere
1305 3026 1472 3073 vultus
1484 3061 1498 3085 ‚
1523 3041 1689 3090 quum

675 3107 741 3159 de
765 3103 955 3173 capillis
978 3101 1198 3152 otiosam
1226 3099 1551 3150 mentionem
1580 3118 1689 3151 esse

674 3180 974 3239 contendat.
993 3177 1150 3231 Multi
1166 3176 1386 3244 antiqui,
1400 3179 1693 3242 sparsostil-

673 3269 926 3316 lantes.—
945 3256 1096 3326 Regii
1119 3255 1282 3307 nostri
1308 3254 1401 3307 hos
1425 3273 1604 3306 versus
1628 3254 1691 3307 56

674 3352 726 3394 et
747 3344 807 3408 57
827 3378 841 3403 ‚
869 3338 938 3389 ita
956 3336 1138 3403 legunt
1156 3355 1168 3393 ς
1199 3331 1441 3384 CodexA
1461 3351 1473 3385 :
1490 3333 1691 3399 Hicsc-

672 3438 756 3471 ras
769 3420 996 3483 exposito
1002 3417 1278 3482 peregrinis
1295 3417 1477 3479 anguis
1490 3415 1691 3464 harem}

681 3498 892 3549 Obstitit
908 3497 984 3544 ad
1002 3509 1203 3559 sparsos
1228 3493 1452 3542 stillanti
1466 3509 1575 3543 rom
1596 3510 1689 3542 ca·

665 3577 853 3642 pillos5
883 3569 1063 3623 Codex
1081 3570 1125 3622 B
1146 3589 1157 3621 :
1182 3568 1438 3635 Hicserus
1446 3574 1690 3636 expositis

663 3652 934 3719 peregrinis
954 3652 1140 3716 anguis
1159 3649 1361 3699 hannis
1386 3648 1597 3698 Obstitit
1614 3688 1625 3700 .
1641 3654 1694 3698 et

671 3733 864 3796 sparsis
883 3731 1108 3780 stillanti
1120 3745 1229 3778 mre
1254 3729 1474 3794 capillis.
1509 3725 1584 3778 Ex
1610 3726 1689 3778 his

673 3807 875 3860 duobus
902 3805 1210 3858 lectionibus
1245 3806 1447 3873 vulgata
1482 3803 1690 3856 videtur

671 3884 825 3938 fuisse
849 3881 1176 3935 concinnata.
1199 3882 1399 3933 Neuter
1419 3879 1581 3932 codex
1604 3878 1689 3931 ha·

674 3964 762 4015 bet
784 3979 962 4014 versus
986 3978 1118 4027 quos
1138 3956 1298 4011 refert
1320 3961 1506 4024 Gien'g.
1523 3956 1690 4009 Ed.—

669 4042 970 4106 Expositmn
987 4080 1000 4100 ,
1034 4039 1276 4105 eiectum.
1298 4066 1363 4077 —
1382 4040 1520 4095 Bos,
1554 4049 1688 4104 aqua

671 4119 803 4171 roris
827 4120 989 4171 instar
1019 4118 1264 4188 guttatim
1296 4118 1559 4170 destillans
1578 4156 1592 4182 ,
1630 4127 1688 4169 ut

669 4196 756 4249 lib.
782 4197 831 4244 V
851 4236 866 4262 ,
898 4217 1030 4250 vers.
1056 4198 1172 4252 635.

736 4278 813 4345 ⁵9
849 4276 911 4326 1·
943 4277 1176 4341 lapidem.
1216 4274 1409 4342 Regius
1438 4283 1618 4328 noster
1640 4274 1687 4328 B

1784 1613 1916 1665 male
1940 1619 1995 1666 in
2015 1616 2568 1681 lapidea—Congelat,
2594 1614 2647 1667 in
2673 1614 2802 1685 lapi-

1784 1691 1905 1744 dem
1937 1703 2105 1745 mutat
2125 1733 2139 1751 .
2182 1693 2302 1760 quia
2336 1703 2387 1745 et
2419 1698 2535 1759 gelu
2573 1693 2801 1764 rigidum

1783 1769 1970 1822 reddit.
2008 1773 2195 1823 Gelare
2223 1772 2294 1823 sic
2327 1770 2461 1839 apud
2492 1770 2798 1838 Lucanum,

1784 1847 1862 1900 lx
1880 1886 1895 1913 ,
1911 1849 1974 1899 68
1984 1867 1999 1898 ι
2023 1886 2037 1911 ,
2057 1852 2317 1915 vultusque
2328 1853 2583 1915 gelassent
2593 1852 2803 1902 Perseos

1783 1930 1961 1976 aversi.
1987 1925 2114 1976 Mox
2135 1930 2342 1978 indurat
2363 1925 2503 1978 idem
2521 1966 2536 1991 ,
2564 1937 2623 1978 ut
2642 1927 2801 1980 etiam

1786 2001 1892 2054 Vll
1910 2041 1925 2065 ‚
1952 2003 2048 2068 446
2065 2041 2080 2068 ,
2105 2014 2157 2056 et
2184 2003 2283 2068 lv,
2310 2006 2404 2069 744
2425 2044 2440 2069 ‚
2462 2009 2795 2066 indurescere,

1782 2079 2006 2149 lapidem
2034 2080 2147 2133 fieri
2195 2082 2333 2135 Alibi
2367 2086 2580 2150 diregoere
2608 2093 2661 2137 et
2685 2094 2799 2136 tor-

1774 2179 1894 2226 pere
1915 2159 1979 2212 de
2000 2180 2147 2213 saxea
2168 2171 2369 2215 natura.
2397 2162 2705 2215 Plutarchus
2729 2162 2793 2215 de

1786 2238 2013 2290 Flumin.
2041 2229 2251 2314 (ἑῷος)
2280 2252 2461 2292 auctor
2490 2251 2569 2293 est
2595 2239 2798 2309 Orphei

1783 2326 1938 2383 caput
1960 2317 2013 2367 in
2037 2315 2321 2368 draconem
2348 2320 2801 2369 mutatinum—Pa-

1784 2399 1940 2454 talos.
1964 2397 2063 2448 late
2081 2407 2316 2466 patentes
2330 2437 2344 2462 ‚
2366 2397 2508 2449 latos.
2526 2397 2698 2451 Etiam
2715 2397 2802 2450 Si-

1786 2468 1882 2524 lius
1904 2510 1918 2538 ,
1942 2471 2025 2524 Ill
2042 2512 2054 2536 ,
2086 2474 2151 2539 34
2167 2512 2181 2537 ,
2200 2477 2409 2540 patulus
2434 2476 2604 2526 hiatus
2629 2478 2801 2525 leones.

1851 2549 1934 2602 Ga.
1980 2552 2168 2604 Umbra
2204 2555 2341 2605 subit
2372 2562 2545 2605 terras.
2589 2553 2768 2622 Imago
2787 2591 2801 2618 ,

1787 2627 1975 2679 anima:
1994 2638 2048 2680 et
2068 2629 2303 2697 corporis
2320 2630 2660 2683 simulacrum
2679 2652 2689 2683 :
2708 2631 2805 2682 hoc

1788 2712 1964 2756 autem
1989 2724 2050 2756 ex
2086 2708 2333 2774 opinione
2369 2727 2556 2761 eorum
2578 2749 2592 2775 ,
2620 2708 2806 2777 quibus

1787 2780 1950 2833 homo
1966 2795 2168 2837 constat
2186 2785 2361 2839 anima
2375 2826 2390 2853 ‚
2418 2806 2635 2855 corpore
2652 2827 2666 2852 ,
2687 2805 2806 2839 um-

1787 2859 1880 2912 bra
1906 2882 1917 2921 ;
1959 2863 2189 2915 animam
2227 2866 2351 2917 caelo
2376 2905 2391 2932 ,
2433 2866 2578 2919 astris
2603 2905 2618 2930 ,
2655 2866 2761 2917 aeri
2787 2886 2802 2926 ;

1787 2957 1974 3008 corpus
1994 2951 2175 3002 terrun
2202 2945 2442 2995 umbram
2467 2943 2642 2995 inseris
2667 2941 2800 2994 tradi

1787 3019 1985 3072 volunt.
2005 3021 2143 3072 Dido
2158 3061 2171 3086 ,
2192 3024 2315 3074 AEn.
2336 3024 2432 3088 1V‚
2453 3022 2568 3086 654,
2587 3025 2802 3073 h'taunc

1788 3117 1972 3164 magna
1995 3105 2098 3151 mci
2110 3105 2201 3152 sub
2216 3113 2371 3154 terras
2389 3105 2484 3152 ibit
2497 3105 2679 3166 imagm.
2698 3098 2796 3152 Ed.

1787 3177 2051 3229 ——Cuncta
2067 3184 2386 3245 recognoscit.
2401 3178 2601 3231 Seneca
2615 3217 2629 3243 ‚
2652 3176 2797 3229 Med.

1786 3253 1883 3304 632
1898 3293 1912 3317 ,
1946 3256 2167 3322 Contigit
2186 3267 2355 3309 notam
2374 3256 2546 3326 Styga.
2570 3282 2637 3293 —
2660 3258 2800 3307 Arva

1779 3335 1997 3396 piorum,
2026 3333 2193 3402 campi
2213 3334 2373 3405 Elysii
2393 3374 2407 3400 ‚
2436 3352 2565 3402 quos
2594 3331 2799 3385 AEschi-

1789 3427 1883 3462 nes
1903 3449 1917 3474 ,
1943 3410 2141 3464 Socrat.
2173 3411 2291 3464 dial.
2331 3412 2450 3476 111·,
2482 3430 2578 3478 πο,
2614 3416 2799 3466 εὖσιὸῶυ

1791 3499 1937 3564 χῶρον
1955 3530 1970 3557 ,
1989 3492 2173 3544 Horat.
2199 3490 2367 3561 Epod.
2390 3491 2523 3544 XVI
2540 3531 2555 3558 ,
2574 3495 2628 3558 4¹
2643 3531 2657 3557 ,
2678 3510 2801 3543 arva

1788 3571 1936 3620 beata
1958 3579 2010 3620 et
2038 3570 2088 3622 ll
2110 3610 2124 3634 ‚
2158 3569 2262 3622 Od.
2292 3590 2379 3636 ια,
2406 3573 2550 3622 sedes
2562 3574 2795 3637 [πίστεως

1789 3644 1980 3698 Cicero
2010 3647 2141 3699 Phil.
2171 3647 2337 3712 XIV,·
2368 3668 2424 3700 ια
2444 3685 2458 3712 ,
2489 3652 2685 3714 piorum
2708 3666 2803 3698 se-

1787 3728 1897 3777 dem
1918 3736 1972 3777 ct
1988 3728 2148 3777 locum
2174 3737 2335 3778 vocat.
2360 3727 2437 3779 Ibi
2460 3726 2656 3794 reperit
2680 3725 2802 3785 Eu-

1786 3802 2000 3875 rydicen
2022 3825 2033 3866 ;
2063 3806 2180 3857 lllic
2209 3805 2351 3856 enim
2375 3815 2477 3865 cst.
2519 3809 2805 3872 cuti-amque

1784 3902 1948 3950 rapat
1971 3902 2104 3935 mors
2128 3887 2264 3934 venit
2282 3887 2498 3942 amanti,
2528 3882 2597 3934 ait
2614 3879 2801 3935 Tibul-

1785 3962 1865 4015 lus
1884 4003 1899 4030 ,
1928 3965 1951 4017 1
1973 4002 1988 4028 ,
2017 3979 2082 4015 111
2101 4002 2115 4028 ,
2141 3963 2221 4016 65.
2253 3963 2328 4016 lbi
2355 3963 2511 4016 etiam
2544 3965 2804 4015 Threicius

1784 4044 1937 4107 longa
1958 4060 2070 4093 cum
2096 4052 2231 4093 vesle
2248 4046 2486 4094 sacerdos
2513 4042 2806 4107 Obloqaitur

1784 4123 1997 4172 numeris
2035 4129 2215 4186 septem
2254 4124 2549 4173 descrienina
2589 4130 2795 4175 vocum-⁰

1784 4197 1933 4264 Virg.
1959 4195 2084 4248 AEn.
2115 4198 2219 4260 VI,
2244 4197 2357 4263 645.
2379 4225 2446 4238 ·-
2468 4196 2802 4262 Amplectitur

1784 4279 1932 4328 ulm‘s.
1959 4274 2290 4329 Twisdenius
2317 4279 2635 4342 amplectitur
2658 4272 2788 4330 alis,
