3185 5138
700 534 819 596 150
938 531 1010 619 P„
1055 528 1353 595 OVIDII
1381 527 1781 595 'NASONIS
1813 527 2183 594 METAM.
2235 529 2405 596 LIB.
2452 531 2579 599 IX.

686 670 959 743 Postera
982 666 1097 741 lux
1126 666 1324 740 radiis
1361 665 1564 740 latum
1599 666 1989 766 patefecerat
2022 665 2285 752 orbem;

689 784 914 879 Quum
949 784 1175 856 Venus
1208 800 1270 856 et
1302 784 1483 854 Juno
1509 837 1527 869 ,
1566 782 1914 881 sociosque
1943 782 2337 881 Hymenaeus
2366 779 2448 853 ad
2474 782 2660 877 ignes
2708 807 2807 876 795

690 898 1147 986 Conveniunt3
1183 898 1587 999 potiturque.
1607 927 1721 972 sua
1755 925 1920 1001 puer
1953 897 2140 997 Iphis
2170 897 2422 972 Ianthe.

754 1097 864 1166 794.
890 1094 1181 1162 patefacere
1200 1104 1253 1147 et
1274 1101 1465 1163 aperire
1487 1096 1660 1148 locum
1677 1135 1691 1160 ,
1790 1106 1977 1148 natura
2033 1106 2204 1163 partes
2264 1094 2435 1148 viriles
2486 1096 2808 1159 absconditas

686 1173 853 1225 facere
873 1211 888 1237 ,
919 1181 976 1224 ut
1012 1173 1065 1224 in
1099 1183 1435 1241 conspectum
1464 1172 1695 1242 prodeat.
1791 1176 1854 1228 ab
1879 1175 2057 1241 initio,
2091 1193 2208 1228 sero
2243 1174 2513 1227 interdum
2546 1177 2802 1244 proferat,

691 1251 1148 1301 Clauditurcontra
1169 1259 1222 1302 et
1245 1254 1498 1310 conditur,
1532 1268 1697 1320 quum
1791 1248 2032 1305 dubitatis
2062 1252 2204 1320 quasi
2236 1251 2588 1320 aliquamdiu,
2625 1265 2807 1307 utrum

688 1344 799 1378 non
824 1325 1041 1395 amplius
1065 1326 1313 1380 cernitur.
1339 1355 1405 1367 —-
1431 1326 1698 1381 Ceterum
1794 1348 1973 1383 sexum
2010 1328 2217 1382 tribuat.
2254 1330 2330 1382 lta
2368 1341 2612 1384 naturam
2648 1332 2804 1384 etiam

691 1422 799 1456 non
826 1402 1138 1458 incredibilis
1167 1404 1275 1458 hnc
1300 1404 1469 1458 sabula
1493 1405 1701 1459 videtur
1796 1408 1977 1461 ludere
2002 1409 2055 1460 in
2085 1408 2294 1462 ciuaedis
2318 1419 2372 1461 et
2394 1409 2449 1461 in
2476 1409 2808 1479 viraginibus.

689 1482 891 1536 samio.
911 1483 1101 1536 Monet
1118 1485 1263 1538 enim
1276 1525 1292 1551 ‚
1317 1485 1430 1538 fieri
1448 1503 1594 1554 posse
1611 1524 1627 1551 ,
1644 1495 1703 1538 ut
1798 1484 2000 1539 Similia
2016 1484 2172 1539 habet
2185 1485 2445 1542 Harduin.
2462 1485 2526 1540 ad
2545 1488 2775 1541 Plinium
2791 1528 2805 1552 ,

691 1581 718 1615 e
754 1562 923 1632 puella
954 1563 1045 1617 fiat
1076 1583 1206 1634 puer
1225 1605 1240 1632 ,
1277 1563 1703 1635 quandoquidem
1799 1562 1885 1616 lib.
1909 1563 2018 1615 vll
2035 1602 2049 1629 ,
2076 1582 2186 1633 cap.
2211 1567 2256 1631 4.
