3185 5138
636 567 1675 647 METAMORPHOSEON
1721 583 1915 654 LIB.
1962 592 2099 658 IX.

2327 626 2447 695 127

310 735 347 767 »
387 706 697 780 Forsitan
729 707 910 783 illius
943 740 1209 812 possem
1248 715 1589 814 indulgere
1623 723 1853 801 surori.

310 853 346 884 »
385 825 569 918 Ergo
602 853 725 922 ego
745 882 763 912 ‚
805 855 951 927 quae
985 830 1234 905 sueram
1266 859 1402 908 non
1435 839 1753 937 rejectura
1781 862 2112 945 petentem
2132 911 2150 941 ‚

311 968 348 1001 κ
389 940 540 1038 Ipsa
578 946 842 1042 petam?
876 946 1211 1043 poterisne
1244 947 1485 1050 loqui?
1516 958 1851 1055 poterisne
1883 964 2129 1040 fateri?

315 1086 351 1115 »
393 1055 608 1149 Coget
638 1087 862 1146 amor;
896 1078 1135 1160 potero
1164 1093 1180 1135 ε
1210 1064 1348 1153 vel,
1383 1068 1439 1140 si
1474 1072 1700 1170 pudor
1734 1104 1848 1150 ora
1886 1081 2176 1173 tenebit,

313 1201 351 1231 »ι
390 1170 611 1245 Litera
646 1172 893 1248 celatos
927 1203 1164 1252 arcana
1198 1179 1755 1283 fatebitur-ignes.
1794 1225 1827 1256 »τ

2351 1230 2452 1280 515

310 1287 467 1361 Haec
501 1290 755 1390 placet,
796 1295 933 1367 haec
970 1294 1238 1372 dubiam
1275 1300 1478 1375 vincit
1513 1310 1837 1383 sententia
1870 1333 2176 1390 mentem.

308 1404 385 1475 In
421 1401 595 1480 latus
632 1409 946 1503 erigitur,
985 1412 1354 1515 cubitoque
1386 1418 1612 1494 innixa
1645 1424 1915 1520 sinistro
1941 1486 1959 1516 ‚

313 1552 348 1582 «
388 1520 685 1609 Viderit3
724 1525 1034 1616 insanos,
1072 1529 1331 1630 inquit,
1369 1533 1690 1610 fateamur
1716 1569 2006 1617 amores:

312 1668 346 1698 »ι
380 1637 508 1710 Hei
531 1638 727 1712 mihi!
752 1670 887 1741 quo
911 1642 1149 1716 labor?
1166 1673 1361 1744 quem
1382 1677 1569 1724 mens
1591 1680 1734 1725 mea
1755 1660 2051 1759 concipit
2070 1663 2286 1758 ignem
2307 1673 2335 1743 ?
2357 1706 2391 1736 »

305 1752 395 1822 Et
427 1752 736 1827 meditata
770 1784 968 1830 manu
1002 1761 1347 1859 componit
1379 1764 1580 1837 verba
1614 1774 1937 1844 trementi.

2348 1809 2449 1860 520

305 1868 554 1942 Dextra
588 1887 769 1943 tenet
799 1871 1081 1962 ferrum,
1116 1904 1384 1951 vacuam
1418 1897 1597 1954 tenet
1627 1882 1828 1960 altera
1866 1918 2095 1966 ceram.

306 1983 584 2084 Incipit,
621 2002 687 2058 et
722 1984 1026 2077 dubitat3
1065 1991 1338 2081 scribit,
1373 1994 1772 2099 damnatque
1804 2004 2119 2097 tabellas;

309 2158 417 2218 455.
454 2155 542 2209 Sic
563 2157 696 2212 ratio
720 2159 896 2214 vicisse
923 2160 1202 2219 videbatur
1221 2208 1235 2234 ,
1269 2178 1329 2221 ut

311 2229 416 2284 VII
435 2273 450 2299 ,
477 2252 535 2301 72
559 2254 667 2304 seq.

371 2311 482 2360 512.
500 2312 806 2380 Bejecmta,·
836 2315 989 2368 multi
1015 2324 1298 2385 neglectam
1313 2343 1329 2375 :

308 2384 530 2452 primam
573 2389 822 2460 syllabam
865 2405 944 2448 τοῦ
979 2397 1185 2462 resti-ere
1219 2400 1326 2452 sere

306 2483 514 2533 semper
532 2468 751 2536 produci
778 2469 954 2524 docuit
971 2473 1328 2530 Burmannus.

304 2544 568 2616 —Regius
591 2547 638 2601 Α
654 2588 668 2614 ,
691 2551 1008 2618 neglectuum·
1036 2553 1290 2623 RegiusB
1310 2597 1324 2624 ‚
1377 2557 1383 2564 ’

305 2625 882 2694 rejectura.-—I1’ejicere,
915 2632 1208 2700 repudiare.
1227 2635 1328 2688 Te·

307 2713 436 2757 rent.
459 2703 679 2758 Phorm.
702 2705 801 2773 lv,
823 2724 900 2774 tv,
920 2711 976 2776 5,
999 2713 1222 2764 se’altera
1232 2716 1330 2766 illa

306 2787 465 2847 magis
497 2786 734 2843 eiustaebit,
750 2784 981 2850 forsitan
1001 2807 1095 2840 nos
1118 2790 1327 2856 resti-ebt.

309 2858 444 2912 Vide
466 2858 734 2914 Gebhard.
766 2862 1040 2933 Crepund.
1068 2866 1182 2934 ΙΙΙ,
1216 2887 1291 2923 ιο.

371 2940 480 3003 514.
522 2939 630 2990 Ora
659 2945 845 2993 tenebit
867 2982 879 3004 ‚
920 2962 977 2994 os
1001 2945 1322 3014 continebit,

308 3014 586 3081 precludet
606 3035 618 3068 :
644 3034 814 3069 wcem
828 3024 1131 3084 praecludere
1145 3033 1198 3074 et
1213 3043 1326 3076 con·

305 3098 456 3145 lebete
477 3093 564 3145 alii
586 3093 1088 3150 dixerunt.—Le'!era
1111 3119 1234 3168 pre,
1263 3102 1326 3153 li-

309 3177 428 3221 terae
451 3189 464 3222 ι
491 3174 641 3225 litera
668 3191 891 3235 arcana,
931 3194 1048 3243 quoe
1087 3179 1325 3232 continet

310 3266 418 3301 vem
437 3267 696 3303 arcanam.
721 3252 943 3306 Her-oid.
969 3257 1129 3309 XVII
1152 3297 1167 3323 ,
1195 3258 1289 3311 265
1308 3299 1321 3325 ,

309 3324 602 3395 eleganter,
629 3336 837 3382 conscia
860 3338 1040 3385 mente&
1064 3337 1223 3388 litera.

371 3404 481 3459 516.
525 3408 701 3458 Viaca
722 3416 969 3462 sententia
997 3422 1204 3465 mentem
1217 3455 1229 3475 ‚
1270 3413 1325 3466 id

307 3491 410 3545 est,
440 3482 775 3538 determinat.
802 3487 960 3555 Apud
987 3488 1324 3542 Antoninum

309 3556 523 3612 Liberal.
547 3580 656 3630 cap.
683 3563 749 3614 30
775 3602 789 3628 ,
818 3564 996 3635 Byblis
1017 3569 1287 3620 constituit
1308 3609 1322 3634 ,

306 3655 371 3689 ne
389 3656 627 3692 amorem
651 3642 704 3692 in
723 3642 939 3695 fratrem
965 3644 1180 3713 prodat,
1204 3666 1326 3699 saxo

303 3737 355 3769 se
387 3718 615 3786 dejicere
641 3743 654 3782 ;
687 3740 794 3790 quo
827 3724 999 3790 sactu,
1037 3737 1273 3779 mutatur
1296 3748 1324 3780 a

303 3796 577 3868 Nymphis.
601 3799 707 3853 Sed
742 3802 933 3856 Noster
964 3806 1192 3873 praetulit
1227 3827 1324 3859 ra-

305 3877 503 3932 tionem
528 3898 645 3931 eam
667 3918 682 3945 ‚
723 3882 777 3932 in
801 3901 903 3951 qua
929 3884 1201 3953 ingenium
1229 3906 1326 3939 os—

305 3962 502 4008 tentare
530 3968 718 4025 posset.
747 3958 815 4011 Et
843 3971 920 4012 est
942 3965 1324 4029 sequenslocus

303 4033 760 4104 ingeniosissimus.
802 4039 948 4093 Dum
988 4043 1132 4094 enim
1172 4056 1324 4112 poeta

303 4111 526 4181 singulas
561 4116 795 4187 Byblidis
823 4121 1054 4174 actiones
1077 4122 1322 4190 exponit,

303 4206 383 4241 res
406 4209 515 4243 non
537 4195 738 4246 narrari
755 4234 769 4260 ,
789 4196 879 4248 sed
907 4208 1028 4251 ante
1050 4199 1226 4251 oculos
1244 4200 1325 4269 agi

304 4267 511 4322 videtur
542 4293 554 4331 ς
600 4283 654 4324 et
699 4293 805 4341 quo
854 4277 1038 4330 melius
1079 4289 1324 4331 naturam

305 4344 605 4404 fluctuantis
628 4353 793 4407 animi
817 4357 1061 4425 expressit
1080 4398 1096 4424 ,
1119 4378 1184 4411 eo
1209 4378 1325 4412 ma·-

1427 2172 1539 2239 jore
1563 2172 1716 2228 laude
1744 2177 1939 2246 dignus
1953 2194 2043 2236 est.
2058 2212 2124 2224 —
2143 2190 2338 2244 Viderit
2352 2211 2445 2246 vox

1425 2268 1612 2303 eorum
1633 2293 1647 2318 ,
1679 2255 1768 2322 qui
1792 2276 1972 2310 curam
1997 2271 2050 2312 et
2073 2262 2326 2329 judicium
2352 2272 2449 2324 ali·-

1424 2330 1574 2396 cujus
1591 2330 1668 2382 rei
1684 2331 1831 2384 alteri
1850 2334 2173 2405 relinquunt.
2187 2343 2329 2399 Male
2348 2349 2449 2418 igi-

1426 2414 1515 2456 tur
1532 2405 1682 2458 Rode
1701 2447 1715 2473 ,
1740 2427 1797 2460 es
1815 2429 1904 2481 ses
1915 2426 2116 2481 gewagl.

1494 2484 1608 2534 520.
1623 2486 1879 2539 Meditata
1887 2508 1906 2554 ‚·
1917 2490 2184 2549 Leidensis
2199 2501 2435 2564 mediata,

1425 2560 1565 2630 quod
1591 2581 1620 2614 a
1649 2563 1860 2619 librario
1885 2573 2137 2639 sequioris
2173 2580 2268 2630 aevi
2301 2602 2408 2637 esse
2429 2626 2443 2651 ,

1423 2639 1512 2708 qui
1535 2644 1805 2696 dehu'dmta
1831 2653 1983 2701 verba
2003 2652 2138 2706 sorte
2164 2655 2217 2708 in
2248 2659 2445 2715 Minu-

1420 2718 1502 2770 cio
1521 2718 1678 2771 Felici
1704 2720 1888 2792 legerit
1905 2766 1917 2789 ‚
1946 2727 2287 2791 Burmannus
2308 2740 2447 2794 indi·

1422 2804 1587 2846 cat.—
1599 2796 1748 2869 Regii
1769 2805 1932 2855 nostri
1950 2812 2443 2871 medanta-Mede·-

1421 2879 1532 2922 tala
1557 2912 1569 2934 ‚
1608 2876 1805 2941 passive
1828 2918 1842 2943 ,
1888 2880 2058 2937 literas
2085 2901 2236 2943 antea
2265 2895 2443 2947 animo

1421 2963 1712 3021 conceptas.
1745 2959 2031 3027 (Σουιροπῐί,
2060 2969 2237 3023 scribit
2262 3013 2276 3038 ,
2311 2994 2443 3030 cerae

1421 3029 1953 3102 mandat.—Ferrum;
1977 3041 2243 3101 Leidensis
2260 3054 2444 3107 tertius

1421 3116 1556 3159 tenet
1583 3114 1835 3166 calamum
1869 3136 1966 3186 pro
1999 3124 2139 3175 varia
2170 3126 2285 3182 lect.
2319 3152 2440 3185 cum

1423 3184 1585 3252 glossa
1623 3189 1877 3261 adscripta
1904 3201 2078 3251 stilum
2097 3204 2335 3269 stra-um.
2373 3209 2441 3263 Et

1422 3267 1672 3317 calamum
1696 3269 1748 3320 in
1776 3273 1929 3325 simili
1955 3276 2067 3328 loco
2095 3279 2192 3349 Ep.
2221 3283 2301 3337 XI
2322 3327 2334 3347 ‚
2369 3309 2396 3339 a
2426 3333 2436 3348 ‚

1422 3340 1625 3410 legitur.
1655 3346 1716 3399 In
1746 3349 1911 3419 Regio
1942 3373 2049 3407 uno
2082 3369 2135 3410 et
2165 3363 2196 3413 3
2226 3363 2335 3416 aliis
2359 3365 2440 3419 hie

1423 3439 1555 3474 vers.
1571 3427 1899 3493 praeponitur
1912 3435 2242 3499 praecedenti.
2263 3440 2438 3496 Uter-—

1424 3517 1523 3566 que
1542 3501 1676 3552 ordo
1693 3504 1815 3557 ferri
1833 3520 2015 3575 potest.
2028 3513 2252 3584 —Regii
2276 3526 2438 3578 nostri

1424 3574 1706 3631 lectionem
1733 3581 1907 3635 datam
1933 3588 2087 3641 simul
2113 3611 2170 3644 ac
2194 3597 2439 3656 ordinem

1422 3673 1669 3710 versuum
1687 3674 1910 3716 servant.
1936 3694 2002 3706 —
2016 3670 2250 3727 Damna!
2268 3685 2441 3737 tabel—

1422 3736 1525 3791 las.
1563 3734 1827 3804 improbat
1849 3761 1964 3809 quae
1983 3746 2256 3815 scripserat
2281 3756 2332 3808 in
2361 3770 2442 3811 ta-

1420 3812 1580 3866 bellis.
1608 3815 1818 3869 Durum
1852 3830 2024 3875 tamen
2056 3824 2151 3879 lioc
2172 3831 2338 3887 visum
2363 3850 2440 3894 est

1420 3891 1822 3961 interpretibus?
1844 3899 2094 3956 Heinsius
2113 3906 2286 3978 itaque
2310 3934 2441 3969 con-

1421 3972 1532 4039 jicit
1566 3978 1872 4043 mandatque
1900 3984 2104 4035 tabellis·
2123 4027 2135 4046 ‚
2179 3991 2317 4056 quod
2358 3996 2439 4048 vix

1422 4050 1727 4119 probabitur
1744 4056 1965 4124 cuipiam
1986 4084 1997 4124 ;
2026 4083 2148 4116 nam
2175 4065 2273 4121 hoc
2298 4071 2437 4127 idem

1421 4131 1557 4180 soret
1577 4165 1591 4189 ,
1620 4131 1759 4197 quod
1787 4140 1994 4201 scr1'be’!‚·
2026 4141 2207 4199 Burm.
2239 4162 2437 4206 mutata

1422 4207 1846 4275 interpunctione
1867 4254 1881 4279 ,
1919 4223 2097 4272 scribit
2121 4226 2438 4298 damnatque.

1432 4286 1671 4337 Tabellas
1683 4290 1758 4339 E!
1774 4302 2024 4348 notatetc.
2050 4298 2156 4351 Sed
2179 4322 2285 4355 non
2308 4325 2438 4375 opus

1420 4371 1532 4427 est,
1569 4374 1628 4415 ut
1654 4366 1938 4437 quidquam
1964 4386 2246 4435 mutemus.
2273 4382 2434 4436 Certe·
