3185 5138
552 542 565 549 “
675 578 756 620 aa
1221 555 1298 619 P.
1357 553 1706 626 OVIDII
1759 549 2220 619 NASONIS

672 691 920 764 Dextra
950 690 1340 791 Lebynthos
1377 708 1561 767 erant
1581 746 1601 777 ‚
1636 689 2047 791 fecundaque
2077 689 2268 765 melle
2303 690 2613 792 Calymne
2642 722 2659 765 ε

675 808 903 902 Quum
936 837 1102 908 puer
1131 808 1359 883 audaci
1394 807 1595 907 coepit
1630 806 1909 902 gaudere
1944 805 2206 895 volatu,

674 924 1108 1024 Deseruitque
1142 925 1412 1011 ducem,
1450 922 1721 1024 caelique
1755 922 2063 1023 cupidine
2090 939 2336 996 tractus

673 1039 893 1114 Altius
921 1042 1058 1137 egit
1090 1042 1218 1115 iter
1250 1071 1265 1113 ε
1296 1038 1511 1141 rapidi
1543 1039 1782 1113 vicinia
1815 1038 1991 1112 Solis
2697 1063 2795 1113 225

676 1155 906 1229 Mollit
939 1156 1247 1230 odoratas
1269 1211 1291 1241 ‚
1317 1182 1679 1255 pennarum
1711 1154 1968 1230 vincula
1989 1212 2012 1243 ,
2046 1183 2246 1229 ceras.

677 1274 1058 1347 Tabuerant
1084 1300 1242 1347 cerae
1273 1303 1295 1345 t
1322 1272 1542 1345 nudos
1572 1272 1785 1373 quatit
1817 1270 1927 1345 ille
1959 1269 2235 1344 lacertos
2260 1299 2276 1358 ;

681 1389 1116 1489 Remigioque
1147 1417 1372 1464 carens
1403 1418 1542 1462 non
1578 1387 1743 1462 ullas
1774 1388 2060 1489 percipit
2091 1415 2317 1473 auras;

680 1506 953 1604 Oraque
989 1504 1292 1592 caerulea,
1327 1505 1610 1607 patrium
1644 1503 1992 1579 clamantia
2021 1530 2301 1590 nomen,

676 1620 1121 1719 Excipiuntur
1154 1649 1322 1722 aqua
1342 1677 1361 1709 ‚
1401 1650 1545 1722 quae
1578 1649 1822 1695 nomen
1859 1621 2057 1720 traxit
2084 1621 2167 1694 ab
2187 1619 2346 1722 illo.

2706 1638 2804 1690 230

682 1734 774 1807 At
802 1754 988 1835 pater
1025 1735 1289 1822 infelix,
1315 1765 1436 1810 nec
1464 1737 1595 1835 jam
1632 1754 1852 1837 pater,
1889 1769 1924 1800 α
1962 1738 2181 1823 Icaro,
2223 1734 2423 1819 dixit,

688 1884 724 1916 »
765 1852 979 1936 Icare‚
1016 1851 1218 1939 dixit,
1254 1853 1375 1926 ubi
1408 1855 1531 1927 es?
1565 1882 1696 1954 qua
1725 1870 1790 1925 te
1823 1852 2091 1947 regione
2123 1850 2502 1951 requiram?

689 1999 725 2031 »
770 1968 987 2041 Icare!
1033 2002 1066 2033 »
1101 1969 1357 2044 dicebat
1384 2000 1401 2044 ε
1433 1998 1685 2071 pennas
1714 1969 2061 2069 conspexit
2091 1966 2164 2040 in
2196 1966 2393 2040 undis
2414 2020 2433 2052 ‚

686 2088 1097 2191 Devovitque
1135 2120 1287 2166 suas
1317 2109 1488 2167 artes
1511 2148 1531 2181 ,
1572 2118 1947 2193 corpusque
1982 2088 2288 2190 sepulcro

689 2213 1047 2301 Condidit,
1085 2232 1151 2288 et
1185 2214 1381 2289 tellus
1414 2246 1451 2290 a
1486 2216 1750 2289 nomine
1779 2215 1954 2288 dicta
1987 2211 2249 2314 sepulti.

2627 2232 2636 2241 '
2709 2228 2806 2281 235

786 2337 981 2410 Hunc
1012 2337 1233 2411 miseri
1267 2336 1524 2412 tumulo
1557 2355 1913 2439 ponentem
1949 2363 2229 2435 corpora
2259 2331 2396 2407 nati

696 2459 971 2535 Garrula
1004 2491 1259 2538 ramosa
1297 2464 1640 2566 prospexit
1671 2464 1753 2537 ab
1790 2461 1936 2536 ilice
1968 2460 2239 2576 perdi315

694 2683 911 2737 Heroid.
935 2683 1051 2748 111,
1077 2685 1159 2737 60.
1176 2714 1243 2727 —
1268 2689 1582 2755 Calymm’mn
1603 2689 1706 2739 mel
1792 2682 2144 2753 Apollodorus
2161 2722 2176 2747 ,
2195 2681 2310 2747 111,
2333 2696 2424 2743 xv,
2443 2700 2503 2752 9;
2524 2677 2770 2751 Hyginus
2785 2718 2800 2743 ‚

691 2760 932 2812 laudatur
955 2781 984 2813 a
1006 2761 1264 2815 Strabone
1283 2803 1298 2828 ,
1323 2764 1369 2816 X
1389 2802 1403 2829 ,
1431 2784 1478 2834 p.
1504 2766 1615 2835 749.
1632 2791 1699 2803 —-

697 2841 843 2896 Call,
871 2837 1078 2891 volandi
1105 2858 1199 2908 per
1222 2840 1384 2892 latum
1410 2851 1462 2893 et
1484 2843 1698 2910 prosun-

694 2914 821 2968 dum
833 2916 1098 2968 celum.—
1110 2918 1330 2969 Tmctus.
1348 2918 1496 2986 Regii
1513 2918 1698 2983 nostri,

690 3002 860 3046 tactus
902 2993 1039 3046 Vide
1062 2995 1172 3061 jam
1200 2995 1398 3047 variam
1421 2995 1700 3048 lectionem

695 3070 749 3123 in
776 3090 927 3123 versu
967 3072 1068 3136 184.
1102 3073 1199 3123 Ed.

760 3149 871 3201 226.
901 3150 1154 3201 Odomtas
1169 3159 1322 3202 ornat
1345 3158 1550 3202 tantum
1564 3188 1579 3215 ‚
1602 3169 1700 3203 ne-

693 3245 793 3295 que
834 3225 966 3279 adeo
1011 3227 1380 3280 Bul-mannum
1428 3227 1698 3281 offendere

694 3303 928 3357 debebat.
949 3331 1015 3345 -
1041 3305 1104 3357 ln
1130 3307 1290 3357 nudos
1311 3310 1473 3374 quatit
1487 3310 1701 3359 lacertos

693 3383 1032 3438 Nasonismus
1051 3395 1157 3448 est3
1191 3384 1393 3453 jocatur
1410 3386 1554 3439 enim
1578 3405 1703 3438 rur-

692 3482 776 3516 sus
794 3463 847 3516 in
872 3483 929 3516 re
950 3463 1096 3516 seria.
1111 3490 1177 3502 —
1194 3462 1351 3515 Aurae
1364 3463 1702 3531 etperce'pe'di·

691 3551 883 3593 cuntur
902 3550 953 3593 et
976 3545 1186 3607 concipi.
1203 3539 1339 3592 Vide
1357 3539 1421 3592 ad
1438 3541 1542 3596 XII
1559 3580 1573 3607 ,
1590 3541 1703 3613 559.

760 3617 871 3668 233.
900 3620 1182 3687 Conspexit.
1207 3619 1356 3688 Regii
1376 3619 1539 3672 nostri
1560 3658 1574 3685 ‚
1604 3623 1704 3671 ad·-

693 3699 1013 3767 speaeit.—Et
1030 3702 1211 3762 tellus‚·
1232 3699 1390 3753 iidem
1408 3740 1422 3767 ,
1439 3709 1521 3753 est
1538 3704 1701 3753 lellus.

764 3774 875 3829 236.
906 3776 1058 3826 Hunc
1087 3780 1259 3827 mareri
1289 3786 1384 3831 etc.
1413 3778 1553 3846 Quoe
1579 3777 1701 3830 inde

696 3875 724 3908 a
746 3874 900 3908 versu
932 3853 1023 3905 183
1040 3853 1370 3921 procedunt,
1389 3855 1585 3908 nullam
1610 3855 1705 3908 ha-

696 3932 822 3985 bent
835 3929 1302 3999 metamorphosin,
1314 3930 1403 3982 sed
1420 3932 1539 4000 quia
1550 3932 1702 3984 aliam

697 4010 764 4062 ob
786 4027 992 4064 causam
1029 4007 1385 4062 memorabilia
1417 4010 1703 4079 reperiun-

695 4099 815 4151 tur,
840 4098 1089 4155 tanquam
1128 4104 1290 4140 nexus
1327 4105 1478 4139 causa
1510 4087 1704 4140 intexta

697 4175 835 4220 sunt.
859 4166 1330 4236 metamorphosin,
1348 4185 1462 4236 quae
1479 4166 1607 4220 Icari
1623 4186 1706 4218 ca-

698 4260 816 4297 sum
836 4244 1124 4307 antecessit,
1144 4263 1286 4297 nunc
1298 4242 1576 4296 commode
1589 4242 1706 4295 sub-

1791 2763 1891 2815 sab.
1926 2763 2024 2834 39,
2061 2763 2191 2831 2743
2235 2760 2483 2825 Servius,
2522 2758 2584 2810 ad
2616 2757 2808 2825 Virgi—

1792 2838 1953 2904 lium,
1980 2838 2174 2908 Georg.
2212 2839 2272 2905 1,
2305 2839 2430 2904 ι43ς
2469 2835 2679 2889 AEneid.
2718 2837 2806 2900 V,

1800 2919 1874 2981 ¹4·
1907 2944 1975 2956 —
1995 2919 2261 2970 ponente-
2282 2955 2296 2977 ,
2325 2917 2528 2969 cineres
2558 2912 2808 2965 conden-

1795 3004 1905 3046 tem
1925 3034 1939 3060 ,
1970 2994 2157 3063 quibus
2186 3003 2364 3063 postea
2388 2996 2606 3045 tumulus
2623 2992 2810 3060 impo-

1792 3073 1934 3127 situs.
1955 3071 2669 3142 ReprehenditBurmannus
2689 3087 2810 3139 poe-

1797 3160 1902 3203 tam
1917 3190 1931 3217 ,
1954 3149 2093 3219 quod
2123 3148 2388 3219 perdicem
2406 3167 2469 3200 ex
2483 3148 2667 3201 arbore
2684 3164 2812 3216 pro-

1795 3229 2100 3297 spicientem
2140 3227 2304 3296 fingat
2330 3267 2344 3293 ,
2377 3244 2543 3295 quum
2574 3224 2683 3278 haec
2705 3223 2810 3277 avis

1794 3325 2002 3376 semper
2025 3305 2170 3358 humi
2196 3315 2433 3357 versetur
2456 3342 2471 3370 ,
2510 3312 2564 3355 et
2587 3303 2641 3353 in
2665 3312 2808 3354 terra

1795 3384 1945 3436 saciat
1959 3384 2158 3436 cubilia.
2182 3382 2365 3450 Neque
2388 3380 2486 3432 hoc
2501 3378 2650 3431 latuit
2673 3377 2812 3431 Ovi-

1797 3463 1944 3516 dium
1967 3463 2088 3532 qui,
2105 3480 2257 3515 versu
2274 3461 2371 3514 256
2386 3498 2401 3525 ,
2427 3459 2564 3512 hanc
2583 3458 2688 3511 avis
2713 3457 2813 3510 in·-

1802 3540 1978 3594 dolem
2006 3560 2036 3594 e
2070 3539 2302 3593 Perdicis
2335 3541 2454 3592 cas'u
2477 3536 2712 3608 explicat.
2745 3563 2813 3576 —

1796 3623 2016 3673 Plausus
2033 3659 2046 3682 ‚
2085 3619 2295 3688 signum
2317 3617 2506 3671 latitia
2534 3627 2587 3670 et
2610 3633 2814 3685 appro-

1796 3698 2018 3751 bationis
2043 3736 2058 3762 ,
2095 3706 2149 3750 et
2182 3696 2317 3749 bene
2351 3694 2591 3749 hocloco
2616 3692 2811 3762 perdici

1798 3774 2078 3837 tribuitur;
2111 3792 2239 3826 nam
2259 3774 2417 3827 etiam
2444 3769 2813 3834 avesplaudeoe
2905 3804 2909 3808 <

1799 3851 2073 3917 dicuntur,
2102 3870 2267 3921 quum
2288 3850 2564 3920 strepitum
2586 3840 2813 3896 volando

1800 3930 2012 3982 faciunt.
2038 3930 2202 3996 XIV,
2231 3933 2342 3998 507.
2370 3923 2599 3980 Perdicis
2631 3932 2815 3975 cantus

1804 4007 1985 4061 similis
2018 4009 2128 4062 sere
2152 4025 2284 4061 sono
2308 4018 2464 4058 serm
2497 4000 2699 4070 lignum
2719 4019 2815 4055 se-

1801 4086 1981 4140 cantis.
2009 4087 2149 4139 Hinc
2169 4081 2385 4155 mythici
2407 4078 2683 4148 scriptores
2701 4098 2817 4133 ser-

1802 4183 1875 4219 roe
1893 4165 2228 4219 inventorem
2251 4178 2362 4213 non
2389 4167 2587 4211 temere
2606 4159 2661 4211 in
2679 4157 2815 4211 hanc

1803 4261 1952 4296 avem
1978 4252 2202 4295 mutasse
2229 4237 2477 4290 videntur
2509 4235 2644 4288 doct.
2667 4231 2816 4300 Bus-

698 4322 822 4393 jicit.
840 4319 1196 4375 Confer-antur
1208 4321 1492 4387 Diodorus,
1511 4321 1607 4386 tv,
1621 4319 1702 4388 763
1788 4319 1914 4388 fhn,
1941 4321 1996 4373 in
2013 4319 2151 4374 Hist.
2171 4317 2384 4384 Avium,
2401 4325 2527 4369 tom.
2548 4315 2647 4380 vl,
2665 4332 2719 4365 n.
2734 4313 2816 4364 25.
