3185 5138
610 499 1662 618 METAMonPnoseoN
1709 548 1907 617 LIB.
1959 552 2130 621 xv.

2305 553 2435 646 495

295 695 450 793 Ipse
483 690 756 766 domum
789 690 1051 786 magni,
1088 718 1209 765 nec
1240 690 1580 790 inhospita
1620 706 1789 764 tecta
1829 690 2142 768 Crotonis
2291 691 2303 704 ⁸
2381 716 2441 767 15

293 813 624 897 Intrasse,
659 826 726 882 et
760 808 986 909 requie
1020 805 1299 904 longum
1336 806 1655 882 relevasse
1692 805 2027 898 laborem;

295 930 521 1028 Atque
557 928 646 1000 ita
680 925 1022 1000 discedens
1044 984 1062 1016 ,
1094 927 1304 1013 AEm,
1346 925 1588 1000 dixisse
1610 982 1629 1013 ‚
1666 943 1985 1025 nepotum

298 1043 428 1116 Hic
457 1041 645 1116 locus
676 1041 865 1115 urbis
900 1042 1059 1128 erit3
1097 1042 1558 1144 promissaque
1592 1070 1739 1116 vera
1775 1040 2061 1115 fuerunt.

294 1162 465 1234 Nam
493 1160 621 1235 suit
651 1158 971 1254 Argolico
1009 1176 1358 1254 generatus
1391 1157 1712 1233 Alemone
1753 1158 2026 1259 quidam

297 1275 672 1379 MysceloS‚
707 1275 888 1349 illius
921 1276 1045 1349 Dis
1079 1275 1573 1376 acceptissimus
1609 1275 1745 1349 aevi.
2373 1317 2439 1352 20

295 1395 498 1468 Hunc
535 1421 735 1494 super
767 1394 1158 1468 incumbens
1191 1421 1492 1494 pressum
1530 1394 1847 1490 gravitate
1880 1393 2143 1494 soporis
2217 1445 2222 1450 -

296 1508 601 1605 Claviger
635 1508 1066 1610 adloquitur:
1107 1544 1140 1575 «
1178 1509 1434 1584 Patrias
1458 1565 1476 1597 ‚
1512 1538 1672 1605 age,
1709 1510 1932 1584 desere
1968 1511 2191 1601 sedes;

301 1661 342 1694 2>
388 1630 461 1716 Ι,
498 1645 650 1729 pete
685 1627 924 1701 diversi
951 1625 1286 1727 lapidosas
1314 1626 1565 1700 AEsaris
1598 1626 1829 1699 undas.
1869 1659 1904 1689 ³>

300 1745 427 1834 Et,
460 1743 590 1817 nisi
624 1742 957 1844 paruerit,
991 1739 1201 1816 multa
1235 1769 1310 1814 ac
1344 1741 1695 1815 metuenda
1730 1742 2036 1817 minatur.
2131 1767 2144 1786 ³

302 1899 385 1952 VI
400 1938 414 1964 ,
433 1917 546 1968 pag.
564 1900 653 1952 281
678 1918 692 1961 ;
713 1896 1068 1968 etDionysius
1083 1894 1250 1949 Halic.
1269 1897 1321 1963 1,

302 1975 475 2047 39-44
497 2016 512 2041 ,
538 1975 627 2044 qui
652 1994 735 2029 res
755 1975 817 2028 ab
835 1994 900 2028 eo
918 1975 971 2027 in
996 1974 1145 2029 Italia
1163 1985 1326 2043 gestas

304 2063 358 2104 et
368 2049 596 2105 fabulose
612 2063 816 2119 narrat,
840 2062 893 2105 et
912 2050 977 2105 ad
993 2050 1154 2105 tidem
1173 2051 1325 2104 histo·

302 2128 464 2181 ricam
488 2129 821 2198 interpretari
838 2140 1147 2183 conatur.—-
1159 2130 1325 2181 Inho-

303 2212 438 2271 spila
455 2215 602 2260 tecla.
626 2207 765 2259 Vide
792 2207 855 2260 acl
882 2209 907 2261 Ι
927 2246 941 2272 ,
972 2208 1081 2259 218.
1107 2206 1189 2258 De
1212 2208 1324 2258 Cro·

304 2293 420 2336 tone
454 2283 640 2336 confer
663 2304 795 2337 vers.
823 2288 901 2336 55.
930 2282 1085 2352 Apud
1113 2282 1326 2335 Diodo-

305 2380 427 2414 rum
448 2362 549 2415 Sic.
568 2364 671 2427 IV,
692 2366 774 2428 24,
792 2363 1048 2416 Hercules
1066 2361 1323 2429 crotoni,

308 2461 466 2511 quem
490 2441 804 2511 imprudens
830 2443 1186 2507 interfecerat,
1216 2460 1326 2494 mo·

305 2530 629 2574 numentum
648 2519 833 2588 ponit,
862 2518 1039 2572 addito
1062 2519 1161 2573 hoc
1181 2520 1323 2588 ipso,

306 2598 448 2669 quod
474 2599 580 2667 jam
598 2599 865 2668 sequitur,
891 2597 1161 2660 vaticinio,
1181 2597 1322 2665 sore,

306 2690 367 2731 ut
390 2677 459 2731 ibi
477 2677 757 2747 aliquando
778 2677 899 2729 urbs
919 2674 1177 2730 condatur
1192 2716 1206 2742 ,
1230 2686 1328 2730 eta

312 2755 548 2808 Crotone
578 2772 778 2807 nomen
806 2753 993 2807 trahat.
1017 2751 1121 2806 Sed
1148 2753 1326 2806 Hera-

306 2831 441 2886 clide
461 2831 525 2885 de
548 2830 702 2885 Polit.
725 2819 936 2884 auctor'e
955 2868 971 2897 ,
994 2828 1100 2898 ipse
1122 2827 1328 2883 Croton

307 2911 497 2964 urbem
518 2911 662 2966 illam
694 2910 882 2980 posuit.

389 2994 464 3046 18.
489 2994 590 3046 Hic
608 2994 759 3051 [locus
786 2995 923 3044 urbis
948 2995 1069 3055 erit,
1096 2988 1329 3043 hocloco

309 3071 434 3124 urbs
457 3069 731 3125 condetur.
746 3098 811 3109 —
826 3071 1108 3129 Promissa,
1138 3067 1329 3121 vatici-

311 3150 654 3204 nium—Pro
663 3150 901 3218 suerunt,
934 3147 1330 3215 Arondel.sue-

311 3246 397 3291 re‚·
420 3228 670 3280 Heinsius
695 3237 842 3295 putat
852 3224 1039 3292 fecisse.

381 3322 460 3355 20.
481 3307 739 3373 Myscelos
767 3315 905 3357 recte
931 3303 1240 3372 rescriptum
1264 3302 1330 3355 ab

317 3383 540 3435 Heinsio
569 3400 581 3433 ι
606 3400 730 3433 nam
756 3381 1039 3454 Dionysius
1064 3382 1329 3435 Halicarn.

316 3460 493 3516 Schol.
514 3459 780 3530 Aristoph.
800 3460 863 3513 ad
883 3461 1020 3514 Nub.
1036 3461 1162 3528 370,
1186 3460 1332 3513 Stra-

316 3540 387 3593 bo
403 3578 417 3604 ,
434 3544 682 3604 mainan,
708 3548 797 3590 aut
812 3543 1063 3596 Μύσκιλλος
1084 3537 1333 3590 scribunt.

317 3621 474 3690 Argis
488 3629 541 3672 et
558 3620 663 3688 ipse
681 3618 931 3671 habitasse
951 3615 1173 3669 videtur.
1191 3616 1334 3669 Pau·-

317 3699 485 3763 sanias
506 3717 633 3751 vero
651 3696 768 3749 Lac.
784 3695 882 3763 Ep.
903 3695 934 3745 3
950 3734 963 3758 ,
989 3703 1197 3758 narrat,
1224 3694 1335 3747 Po-

317 3776 505 3848 lydoro
535 3785 787 3844 regnante
809 3812 824 3839 ,
866 3791 895 3824 a
926 3769 1333 3825 Lacedaemoniis

319 3853 580 3908 coloniam
598 3871 705 3904 esse
724 3849 1001 3904 deductam
1022 3847 1333 3902 Crotonem.

324 3929 658 3994 Herodotus,
689 3927 859 3993 VIII,
894 3929 985 3995 47,
1020 3940 1333 4003 Κροτωνιῆται

323 4015 372 4063 δι’
394 4011 514 4075 γένος
543 4012 634 4060 ἀεὶ
660 3994 852 4072 Α’χαιοί.
883 4003 1088 4058 Ducem
1116 4005 1335 4059 colonie

320 4087 581 4158 Alfi-celon
596 4084 875 4136 nominant
891 4093 941 4134 et
953 4082 1034 4135 alii
1050 4104 1062 4145 ;
1080 4083 1179 4135 vid.
1194 4083 1336 4136 Stra·

320 4164 390 4223 bo
406 4204 421 4230 ‚
451 4163 586 4217 Vlll
603 4204 616 4226 ,
644 4183 692 4232 p.
720 4163 1069 4235 593.—-Il.'1’us
1087 4168 1207 4224 evi,
1230 4161 1334 4215 ho·

322 4244 530 4295 minum
561 4240 695 4293 illius
723 4241 894 4294 oevi—
915 4242 1235 4301 Iucunda-5,
1275 4250 1336 4292 ut

324 4320 401 4375 xl
415 4361 429 4387 ,
445 4321 626 4391 557.-
641 4320 710 4373 Et
724 4320 960 4374 membra
977 4323 1335 4387 somuogran‘a

1424 1906 1477 1948 et
1487 1915 1637 1964 sopor
1647 1895 1752 1965 ipse
1762 1902 1947 1963 gram,
1965 1897 2084 1966 quia
2096 1896 2442 1954 redditmem·

1422 1973 1516 2026 bra
1554 1973 1741 2043 gravia.
1782 1973 2035 2028 Gravitati
2077 1978 2445 2032 accommoda-

1425 2061 1537 2103 tum
1568 2063 1645 2105 est
1675 2057 1726 2105 ro*
1746 2071 1975 2116 pressum
1994 2093 2006 2105 .
2050 2073 2145 2121 pro
2172 2074 2278 2123 quo
2307 2076 2443 2111 unus

1424 2126 1700 2181 Medicens
1723 2139 1775 2180 et
1799 2149 1898 2181 sec.
1925 2129 2301 2185 Ambrosianus
2318 2154 2445 2187 met*-

1421 2223 1545 2257 sum.
1566 2232 1632 2244 ·--
1663 2208 1893 2273 Clave‘get
1913 2217 2001 2259 aut
2022 2211 2320 2274 clavigerum
2346 2230 2445 2262 nu·-

1422 2302 1534 2336 men
1559 2324 1572 2346 ‚
1612 2303 1706 2353 pro
1745 2285 1975 2337 Hercule
1997 2324 2012 2350 ‚
2052 2286 2262 2339 obvium
2304 2289 2443 2357 apud

1424 2370 1619 2430 poetas.
1650 2361 1804 2431 Apud
1841 2361 2014 2415 Schol.
2048 2363 2440 2433 Aristophanis,

1427 2437 1492 2491 ad
1509 2439 1647 2491 Nub.
1665 2439 1783 2508 3¹70,
1802 2438 2060 2511 Myscelus
2076 2443 2286 2494 oraculo
2301 2445 2446 2512 jube·

1426 2525 1511 2567 tur
1532 2515 1716 2567 urbem
1737 2517 1963 2571 condere
1982 2554 1996 2583 ,
2024 2535 2129 2585 quo
2143 2517 2256 2573 loco
2271 2519 2444 2590 ipsum

1424 2591 1596 2646 imber
1634 2594 1756 2647 caelo
1792 2613 1981 2649 sereno
2017 2596 2443 2664 deprehenderit.

1427 2670 1577 2724 Idem
1598 2673 1867 2726 oraculum
1886 2674 1952 2727 de
1969 2674 2262 2729 Phalantho
2277 2714 2292 2742 ,
2322 2676 2443 2729 Ta·-

1424 2748 1562 2801 renti
1590 2748 1862 2804 conditore
1880 2791 1895 2817 ‚
1932 2751 2097 2805 refert
2123 2753 2404 2807 Pausanias
2424 2791 2441 2820 ,

1428 2825 1592 2880 Phoc.
1619 2847 1669 2896 p.
1701 2829 1811 2881 822.
1845 2829 2113 2883 Videntur
2137 2841 2312 2883 autem
2337 2831 2445 2884 ha-

1424 2925 1546 2958 rum
1572 2905 1798 2959 duarum
1821 2909 2030 2962 urbium
2055 2910 2281 2979 origines
2303 2930 2447 2964 con-

1425 2983 1554 3037 fusae
1578 3003 1688 3038 esse
1717 3005 1745 3037 a
1766 2987 2042 3041 veteribus.
2074 2990 2256 3056 ltaque
2283 2989 2447 3043 etiam

1426 3061 1729 3115 Lactantius
1754 3062 1810 3115 in
1838 3065 1964 3135 Arg.
1992 3065 2126 3119 hanc
2150 3065 2256 3119 sab.
2273 3066 2442 3121 addit:

1428 3160 1455 3185 κ
1484 3141 1529 3192 A
1572 3140 1810 3209 proximo
1851 3143 2090 3209 tumulo,
2124 3143 2208 3197 cui
2244 3144 2442 3213 Tares,

1429 3242 1458 3267 »ι
1487 3221 1722 3290 Neptuni
1773 3221 1909 3276 silius
1928 3263 1943 3289 ,
1988 3224 2253 3292 subjectus
2293 3234 2406 3278 erat
2427 3262 2443 3291 ,

1429 3320 1456 3345 »
1487 3300 1781 3353 Tarentum
1807 3302 2115 3355 nominavit.
2134 3321 2160 3346 ν

1493 3397 1573 3430 aa.
1584 3381 1813 3441 Patrios,
1844 3400 1941 3447 age
1955 3421 1967 3434 .
1984 3422 1996 3434 .
2010 3419 2023 3431 .
2041 3385 2244 3435 AErartssr
2263 3385 2445 3438 undas.

1429 3456 1508 3509 Ita
1534 3456 1780 3511 ordinem
1804 3460 2087 3512 verborum
2115 3479 2175 3512 ex
2207 3461 2444 3514 Palatino

1428 3534 1812 3587 restituendum
1837 3536 2037 3605 primus
2058 3539 2264 3592 monuit
2288 3539 2446 3593 Gru-

1426 3622 1570 3666 terus
1592 3652 1608 3678 ,
1652 3613 1975 3683 adprobante
2015 3616 2239 3670 Heinsio
2265 3640 2278 3681 ς
2319 3619 2447 3674 olim

1428 3692 1685 3745 edebatur
1700 3711 1713 3744 z
1733 3695 2021 3762 lapidosas
2035 3699 2238 3749 AEsaris
2252 3702 2417 3751 undas
2431 3740 2446 3764 ,

1428 3773 1478 3827 I.
1504 3783 1621 3838 μα·
1644 3775 1855 3833 detrusi,-
1877 3779 2079 3840 palrt‘as
2092 3815 2105 3833 .
2130 3795 2247 3842 age,
2275 3781 2446 3830 desem

1427 3852 1588 3901 sedes.
1612 3878 1677 3890 —
1703 3850 1934 3905 Priscam
1975 3851 2254 3906 lectionem
2287 3855 2447 3909 habet

1428 3926 1591 3980 codex
1623 3929 1817 3999 Regius
1846 3930 1928 3991 A;
1965 3932 2312 3985 recentiorem
2348 3953 2448 3986 au·-

1430 4015 1537 4058 tem
1553 4006 1715 4060 codex
1737 4009 1782 4061 B
1799 4047 1814 4073 ,
1837 4007 1929 4062 sed
1947 4028 1975 4060 a
1997 4028 2156 4062 manu
2180 4012 2409 4064 secunda
2426 4050 2444 4078 ,

1430 4084 1588 4152 priori
1614 4088 2085 4148 «παι-Βίαντά
2114 4088 2166 4139 in
2188 4088 2297 4141 aliis
2317 4129 2331 4153 ,
2354 4089 2445 4143 iis-

1432 4180 1534 4231 que
1556 4164 1771 4217 remotis
1786 4164 1934 4217 terris
1952 4162 2164 4218 fluentis
2180 4188 2192 4228 ;
2215 4167 2299 4232 11,
2315 4168 2413 4220 323
2426 4207 2442 4235 ‚

1432 4240 1709 4295 Phaethon
1733 4241 1995 4311 reperitur
2018 4246 2213 4298 diuerso
2233 4250 2290 4297 in
2315 4249 2449 4298 orbe.

1430 4321 1666 4373 —AEsar
1684 4318 1802 4375 alias
1824 4321 2038 4375 AEsarus
2052 4361 2065 4384 ,
2095 4329 2316 4399 Αἷσαρος,
2340 4342 2447 4378 vo-
