3185 5138
719 517 855 603 ⁵54
1288 517 1372 584 P.
1431 514 1793 586 ov1n11
1848 518 2309 591 NAsoms

720 657 912 754 Quid
946 655 1071 732 tibi
1104 655 1521 747 Barbarion,
1557 676 1919 761 gentesque
1950 660 2039 734 ab
2069 679 2358 765 utroque
2379 663 2710 763 jacentes

722 774 994 848 Oceano
1014 830 1034 860 ,
1073 777 1463 849 numerem?
1498 774 1972 877 quodcumque
2003 777 2372 853 habitabile
2405 779 2618 858 tellus
2818 806 2939 862 830

720 889 1054 980 Sustinet,
1090 889 1294 990 hujus
1325 889 1496 964 erit:
1525 909 1779 992 pontus
1815 922 2087 995 quoque
2122 897 2360 970 serviet
2385 895 2510 971 illi.

718 1006 890 1081 Pace
925 1006 1077 1082 data
1112 1006 1340 1093 terris,
1375 1007 1672 1083 animum
1705 1008 1789 1082 ad
1820 1007 2038 1084 civilia
2064 1028 2278 1084 vertet

719 1126 763 1197 J
768 1152 884 1198 ura
917 1152 1111 1198 snum
1132 1180 1153 1213 ,
1187 1122 1496 1225 legesque
1532 1123 1704 1199 seret
1729 1123 2135 1222 justissimus
2166 1142 2399 1199 auctor
2425 1183 2446 1216 ,

718 1239 1179 1342 Exemploque
1212 1269 1338 1317 suo
1369 1268 1588 1315 mores
1620 1257 1809 1335 reget
1838 1270 1855 1314 :
1885 1241 2089 1342 inque
2118 1240 2330 1315 futuri

723 1357 1078 1458 Temporis
1111 1375 1402 1445 aetatem,
1435 1373 1998 1458 venturorumque
2030 1377 2349 1459 nepotum
2792 1386 2903 1445 83⁵

724 1473 1177 1575 Prospiciens,
1212 1471 1467 1574 prolem
1503 1490 1730 1548 sancta
1761 1473 1841 1547 de
1873 1474 2154 1574 conjuge
2185 1493 2406 1550 natam

723 1591 924 1664 Perre
958 1590 1196 1679 simul,
1233 1619 1610 1693 nomenque
1646 1620 1878 1678 suum,
1912 1619 2232 1694 curasque
2258 1594 2525 1693 jubebit
2552 1624 2572 1669 ε

723 1706 902 1792 Nec,
936 1703 1068 1777 nisi
1102 1734 1309 1806 quum
1346 1706 1566 1780 senior
1594 1704 1844 1781 similes
1877 1709 2232 1807 aequaverit
2263 1737 2515 1800 annos,

721 1822 1058 1898 AEtherias
1090 1823 1276 1897 sedes
1295 1880 1315 1911 ,
1354 1843 1769 1927 cognataque
1797 1827 2013 1902 sidera
2048 1844 2293 1922 tanget.

723 1940 915 2014 Hanc
947 1937 1227 2012 animam
1258 1938 1506 2013 interea
1539 1968 1708 2014 caeso
1743 1940 1824 2015 de
1860 1969 2141 2043 corpore
2172 1959 2430 2044 raptam
2774 1955 2881 2040 840

720 2055 850 2130 Pae
880 2052 1113 2153 jubar,
1149 2070 1228 2126 ut
1259 2080 1516 2155 semper
1545 2054 1880 2156 Capitolia
1908 2065 2142 2130 n'ostra
2174 2056 2533 2159 forumque

725 2168 938 2242 Divus
971 2166 1055 2242 ab
1089 2167 1344 2247 excelsa
1365 2187 1746 2271 prospectet
1769 2167 1995 2244 Julius
2024 2199 2189 2245 arce.
2227 2205 2263 2237 >2

820 2283 952 2358 Vix
986 2312 1061 2358 ea
1092 2281 1268 2359 fatus
1301 2302 1473 2373 erat,
1505 2284 1722 2359 media
1757 2315 1964 2387 quum
2003 2286 2155 2360 sede
2191 2304 2456 2362 senatus

724 2401 1047 2475 Constitit
1075 2400 1246 2475 alma
1276 2404 1503 2477 Venus
1525 2460 1544 2490 ,
1581 2402 1751 2476 nulli
1780 2403 2106 2479 cernenda
2127 2460 2147 2492 ‚
2186 2405 2426 2505 suique

725 2518 1002 2593 Caesaris
1041 2518 1284 2621 eripuit
1314 2520 1630 2595 membris
1651 2577 1670 2609 ,
1706 2547 1828 2593 nec
1861 2519 1932 2592 in
1968 2547 2117 2595 aera
2145 2518 2314 2594 solvi
2765 2544 2865 2614 845

616 2662 639 2677 f
720 2636 919 2709 Passa
945 2653 1272 2711 recentem
1306 2638 1623 2723 animam,
1660 2636 2035 2713 caelestibus
2063 2636 2292 2710 intulit
2326 2636 2545 2712 astris.

626 2806 636 2821 .
722 2752 1034 2854 Dumque
1069 2752 1255 2844 tulit,
1288 2742 1534 2855 [lumen
1568 2781 1832 2855 capere,
1869 2771 2068 2855 atque
2098 2756 2436 2849 ignescere
2467 2752 2717 2845 sensit,

722 2871 1097 2971 Emisitque
1131 2870 1336 2946 sinu':
1371 2871 1528 2945 luna
1564 2869 1739 2944 volat
1774 2870 1974 2947 altius
2010 2869 2123 2946 illa
2144 2929 2163 2961 ,

787 3067 1182 3137 829.Barban'a‚
1207 3077 1461 3120 monente
1478 3067 1741 3121 Burman·
1836 3089 1949 3124 non
1984 3069 2272 3124 admodum
2298 3070 2487 3141 longus
2521 3071 2641 3124 vite
2671 3073 2861 3125 termi-

720 3160 793 3196 no
811 3182 826 3209 ,
851 3153 991 3196 totus
1016 3152 1209 3198 tractus
1242 3154 1502 3198 terrarum
1523 3184 1538 3212 ,
1579 3166 1743 3216 quem
1838 3168 1940 3202 nus
1951 3151 2292 3218 promittatur
2308 3150 2580 3219 Augusto,
2605 3151 2858 3204 Heinsius

718 3221 925 3275 barbari
948 3221 1125 3292 populi
1152 3232 1352 3277 tenent.
1830 3227 2040 3289 suadet,
2066 3248 2214 3297 quum
2238 3234 2408 3282 ,τεκὼν
2421 3230 2599 3300 Pylios
2621 3248 2853 3297 equs-e-

785 3300 898 3354 833.
922 3301 1145 3364 Auctor,
1169 3299 1459 3370 legislator,
1487 3311 1547 3355 ut
1562 3303 1734 3368 v111,
1830 3313 1902 3361 rit
1925 3325 2104 3360 annos.
2138 3305 2300 3361 Certe
2335 3309 2513 3379 &lios
2543 3326 2709 3361 annos
2737 3308 2855 3360 Au-

726 3396 837 3431 ιοι.
856 3378 1141 3432 Suetonius
1160 3418 1176 3446 ,
1208 3380 1341 3449 Aug.
1377 3380 1474 3446 34:
1506 3402 1534 3428 σι
1569 3380 1735 3451 Leges
1833 3394 1985 3454 gusto
2012 3395 2258 3455 precatur
2281 3385 2473 3439 Noster
2500 3385 2661 3438 etiam
2696 3385 2853 3437 Pont.

721 3479 750 3505 ιο
776 3459 1074 3513 retractavit
1098 3500 1113 3527 ,
1149 3471 1203 3515 et
1225 3459 1475 3530 quasdam
1499 3482 1561 3516 ex
1583 3463 1735 3516 inte-
1836 3464 1927 3528 11,
1957 3480 2065 3517 vm
2082 3503 2097 3530 ,
2122 3467 2180 3531 4¹
2203 3503 2218 3529 ,
2242 3475 2298 3517 et
2320 3465 2369 3515 V
2393 3463 2552 3517 Trist.
2571 3482 2636 3528 ν,
2659 3462 2745 3515 62.
2763 3461 2851 3516 Cf.

722 3558 750 3584 κ
779 3556 871 3607 gro
894 3539 1075 3592 sanxit.
1093 3560 1120 3585 ιο
1141 3538 1293 3593 Idem
1308 3541 1403 3594 32³.
1423 3564 1450 3588 σι
1477 3541 1735 3611 Pleraque
1832 3542 2062 3595 Martial.
2096 3544 2176 3596 lv
2204 3581 2219 3608 ,
2269 3541 2445 3612 Epigr.
2489 3558 2510 3595 1
2538 3561 2551 3605 ς
2593 3540 2734 3594 vm
2755 3581 2771 3607 ,
2804 3562 2848 3594 s.

720 3636 749 3664 ιο
779 3617 983 3685 pessimi
1008 3618 1227 3688 exempli
1252 3619 1506 3687 correxit,
1525 3631 1622 3674 etc.
1642 3643 1669 3668 ιο
1836 3620 2024 3690 Quum
2059 3620 2206 3673 MSS
2240 3620 2455 3689 quidam
2482 3625 2685 3689 patrios
2716 3638 2848 3689 pre-

784 3696 897 3749 836.
941 3699 1136 3751 Prolem
1153 3736 1168 3756 ,
1209 3697 1483 3751 Tiberium
1500 3738 1515 3765 ,
1552 3708 1738 3752 sancta
1828 3699 2006 3754 ferant
2019 3740 2034 3768 ,
2061 3701 2288 3754 Lenzius
2309 3699 2523 3767 suadet,
2540 3704 2742 3769 patrios
2760 3714 2854 3751 ,τιό

719 3778 785 3828 de
822 3778 1033 3845 conjuge
1054 3819 1068 3840 ,
1106 3776 1284 3845 Livia,
1329 3789 1502 3832 natam
1516 3820 1530 3842 ,
1574 3799 1735 3849 quam
1821 3784 2071 3846 peruecti!
2082 3799 2262 3832 annos.

720 3868 1081 3928 praegnantem
1115 3878 1146 3911 a
1182 3859 1396 3912 Nerone
1435 3858 1581 3912 duxit
1610 3861 1733 3913 Au-
1913 3859 2024 3923 842.
2082 3858 2311 3911 Excelsa
2357 3877 2475 3911 arr-e
2516 3856 2742 3927 prefero
2785 3876 2847 3911 ex

648 4002 655 4009 ·
721 3938 1185 4003 gustus—Sancta
1204 3937 1440 3991 solemne
1462 3937 1733 4007 epitheton
1830 3936 2039 3991 Thuau.
2063 3935 2167 3989 MS
2188 3976 2202 4001 ,
2239 3945 2304 3990 τῶ
2326 3939 2735 3990 eda—Excelsa
2753 3955 2849 3989 m

721 4015 1005 4070 mulierum
1041 4027 1298 4070 castarum
1332 4027 1386 4069 et
1412 4017 1694 4086 probarum
1715 4056 1731 4084 ,
1831 4024 1910 4068 est
1934 4013 2135 4068 eaelum.
2161 4013 2301 4066 Alibi
2325 4052 2341 4080 ,
2379 4033 2575 4066 summa
2605 4033 2717 4066 art.
2749 4014 2846 4068 si-

721 4094 879 4146 etiam
906 4096 959 4147 in
980 4095 1354 4149 monumentis.
1831 4094 1967 4148 milis
1991 4094 2252 4148 sententia
2271 4093 2326 4146 in
2353 4093 2566 4163 Epieed.
2591 4094 2754 4148 Drusi
2775 4114 2846 4148 vs.

787 4173 899 4225 838.
917 4176 1320 4245 Nec‚n13n’quum
1334 4180 1607 4230 senioreto.
1625 4175 1732 4230 Jul.
1830 4176 1890 4229 δι
1920 4194 1933 4229 t
1973 4197 2001 4222 σι
2035 4192 2241 4228 summa
2276 4194 2422 4229 sacer
2450 4175 2534 4228 ille
2571 4173 2770 4229 locatus
2792 4176 2848 4229 iu

723 4248 928 4315 (ἵκευ,
955 4271 1119 4319 quum
1140 4254 1527 4309 interficeretur
1543 4294 1558 4321 ,
1579 4266 1734 4309 natus
1831 4276 1861 4303 ι»
1888 4275 2004 4310 arce
2026 4295 2041 4322 ,
2073 4256 2180 4309 Res
2203 4254 2481 4307 hominum
2506 4272 2568 4306 ex
2592 4262 2709 4306 tuto
2730 4273 2849 4306 cer·-

721 4336 833 4380 erat
868 4346 1033 4382 annos
1073 4331 1150 4384 56.
1201 4331 1388 4400 Quum
1424 4333 1582 4404 igitur
1613 4332 1664 4386 h.
1698 4332 1734 4387 l.
1832 4353 1862 4382 κ
1886 4352 2016 4388 nere
2031 4331 2356 4404 diguuserat.
2377 4331 2597 4390 »v.v01.
2613 4331 2659 4399 1,
2671 4334 2857 4401 124&
