3185 5138
657 556 792 641 314

1221 559 1302 624 Ρ.
1352 557 1712 626 ov1D11
1757 558 2213 627 NASONIS

651 698 1088 799 Loricamque
1118 698 1317 773 simul
1346 755 1365 788 ‚
1402 701 1833 802 subjectaque
1862 720 2134 802 pectora
2164 702 2396 802 rupit:

654 818 817 915 Quo
850 815 1208 918 plangente
1237 845 1500 913 gravem
1533 817 1940 892 moribundo
1975 819 2218 891 vertice
2252 836 2490 892 terram
2511 873 2532 907 ,

653 933 965 1008 Extrahit
999 932 1166 1007 illud
1199 934 1378 1009 idem
1406 934 1622 1009 calido
1657 934 1740 1009 de
1774 934 2042 1010 vulnere
2077 934 2280 1010 telum
2300 991 2321 1022 ‚

652 1049 877 1150 Atque
896 1050 1018 1122 ait:
1043 1084 1077 1115 α
1100 1051 1258 1124 Haec
1280 1079 1516 1126 manus
1536 1068 1639 1126 est
1656 1080 1672 1138 ;
1689 1052 1853 1142 haec‚
1875 1080 2006 1152 qua
2023 1050 2228 1125 modo
2250 1051 2547 1139 vicimus»,
2564 1049 2755 1124 hasta
2769 1080 2797 1123 ε·
2868 1080 2873 1083 ·

659 1199 695 1230 2»
736 1167 907 1239 Utar
931 1166 1000 1238 in
1027 1166 1206 1240 hunc
1235 1166 1445 1242 isdem
1475 1168 1703 1243 :sitin
1728 1169 1859 1241 hoc
1881 1197 2119 1270 precor
2144 1168 2359 1242 exitus
2389 1167 2581 1242 idem.
2614 1199 2651 1232 »
2694 1204 2783 1241 121

657 1281 768 1354 Sic
799 1282 1013 1368 fatus,
1054 1284 1484 1386 Cycnumque
1516 1286 1725 1386 petit;
1762 1315 1882 1361 nec
1916 1286 2213 1361 fraxinus
2244 1305 2453 1376 errat,

656 1401 870 1499 Inque
900 1400 1179 1475 humero
1215 1403 1446 1475 sonuit
1479 1432 1620 1476 non
1656 1404 1893 1478 evitata
1928 1404 2244 1492 sinistr03

658 1514 853 1605 lude,
889 1516 1068 1591 velut
1099 1546 1292 1592 muro
1325 1519 1615 1595 solidave
1646 1549 1685 1593 a
1717 1538 1943 1608 caute,
1977 1519 2243 1622 repulsa
2276 1536 2397 1594 est.

665 1633 820 1729 Qua
852 1652 1065 1708 tamen
1101 1636 1274 1711 ictus
1308 1656 1487 1726 erat,
1524 1637 1859 1735 signatum
1892 1638 2213 1734 sanguine
2253 1638 2548 1739 Cycnum

2707 1659 2799 1710 125

662 1748 940 1824 Viderat
961 1807 980 1839 ,
1015 1768 1083 1824 et
1111 1751 1355 1826 frustra
1389 1752 1603 1828 suerat
1634 1753 1898 1849 gavisus
1922 1751 2259 1828 Achilles:

663 1864 928 1939 Vulnus
962 1885 1103 1940 erat
1135 1866 1431 1957 nullum;
1468 1871 1740 1965 sanguis
1772 1887 1910 1942 erat
1943 1868 2054 1942 ille
2088 1870 2415 1943 Menoetae.

662 1981 1026 2068 Tumvero
1061 2011 1394 2087 praecep3‚
1432 2013 1632 2059 curru
1663 1985 2141 2060 fremebundus
2173 1986 2260 2059 ab
2296 1984 2476 2074 alto,

663 2096 943 2186 Desilit,
978 2117 1046 2174 et
1069 2100 1286 2175 nitido
1324 2130 1628 2177 securum
1663 2103 1968 2179 cominus
2003 2102 2266 2177 hostem

664 2214 842 2288 Ense
876 2232 1138 2316 peten8‚
1176 2246 1467 2318 parmam
1507 2217 1730 2314 gladio
1752 2274 1771 2306 ‚
1806 2217 2193 2317 galeamque
2221 2216 2435 2291 cavari

663 2388 932 2432 vocantur.
958 2379 1212 2435 Similiter
1232 2385 1346 2436 loca
1363 2385 1597 2445 adversa,
1618 2381 1684 2436 ad

666 2472 783 2523 quae
806 2457 919 2525 quis
944 2458 1129 2512 tendit.
1150 2487 1217 2501 ·--
1240 2462 1404 2531 lycia
1432 2464 1499 2513 de
1521 2464 1686 2528 plebe.

663 2535 860 2607 Sprotii
884 2538 1046 2594 codex
1067 2545 1233 2595 media
1255 2545 1318 2595 de
1334 2552 1480 2609 gente
1495 2583 1508 2604 ,
1541 2539 1685 2612 quod

663 2617 950 2685 repetitum
982 2639 1043 2672 ex
1079 2620 1211 2674 libro
1248 2623 1329 2686 V,
1362 2640 1456 2689 ²07
1479 2660 1495 2687 ‚
1535 2630 1686 2688 putat

666 2693 1038 2759 Burmann„
1078 2698 1253 2768 plures
1288 2701 1551 2770 [scim—
1577 2699 1685 2752 Pro

663 2773 902 2827 Nemea-n
944 2776 1128 2829 Heius.
1168 2796 1229 2829 ex
1265 2776 1470 2830 duobus
1505 2777 1684 2847 Regiis

666 2846 811 2901 dedit
833 2852 1095 2905 M'enoelen.
1116 2881 1181 2892 —
1205 2853 1358 2922 Regii
1382 2854 1547 2906 nostri
1577 2854 1687 2907 ha·-

663 2924 794 2978 bent
819 2928 984 2998 Lycia
1005 2932 1070 2983 de
1085 2942 1233 2998 gente
1254 2933 1521 2986 Mena-ten.

737 3023 756 3054 ι
774 3005 845 3056 ι8.
870 3008 1160 3073 Plangente.
1182 3007 1455 3062 Mediceus
1477 3007 1571 3078 (et
1595 3028 1688 3062 co-

668 3078 768 3133 dex
791 3093 970 3136 noster
986 3084 1030 3137 B
1045 3085 1331 3153 )saedante,·
1351 3087 1689 3154 sedplangere

667 3160 919 3214 usitatum
941 3162 996 3215 iu
1020 3161 1116 3218 hac
1140 3183 1197 3217 re
1218 3185 1231 3228 ς
1267 3163 1384 3217 vide
1404 3165 1687 3218 Heinsium

667 3235 732 3290 ad
764 3239 848 3293 III
865 3280 880 3307 ‚
916 3244 1022 3295 125.
1043 3270 1110 3283 -
1132 3245 1376 3304 Gravem.
1402 3243 1690 3297 duram.—

677 3320 876 3372 Vertice
900 3321 1133 3391 reposuit
1157 3322 1408 3377 Heinsius
1433 3343 1460 3376 e
1485 3323 1652 3379 tribus
1670 3363 1686 3390 ,

667 3414 835 3465 quum
867 3408 989 3453 ante
1016 3399 1038 3465 (
1066 3410 1125 3455 ut
1154 3401 1211 3453 in
1246 3401 1436 3455 nostris
1470 3401 1686 3470 Regiis)

662 3474 932 3547 legeretur
937 3489 1222 3546 pectore.·-
1226 3483 1459 3534 Calidum
1472 3486 1655 3535 vulnus
1664 3523 1679 3544 .

665 3573 729 3608 ex
753 3575 857 3624 quo
876 3558 1073 3613 calidus
1090 3561 1297 3631 sanguis
1313 3560 1543 3630 profluit.
1566 3565 1691 3615 Fer-

665 3651 790 3686 vens
813 3639 996 3689 vulnus
1020 3637 1118 3705 w,
1155 3657 1262 3693 121.

739 3731 846 3767 121.
894 3715 1031 3768 Utar
1063 3722 1119 3768 in
1157 3720 1290 3770 hunc
1323 3718 1498 3770 Isdem.
1539 3714 1688 3769 Olim

667 3788 922 3845 edebatur
940 3799 997 3846 in
1020 3797 1116 3848 boc
1142 3797 1274 3848 idem
1295 3812 1314 3860 ‚-
1345 3794 1691 3848 Constantius

666 3869 922 3926 Fanensis
957 3873 1183 3927 correxit
1211 3878 1404 3939 isdum
1439 3873 1691 3927 Heinsius

666 3960 846 4004 autem
860 3957 916 4004 in
932 3955 1065 4004 bunc
1083 3953 1280 4022 recepit
1302 3973 1332 4006 e
1355 3951 1686 4018 melioribus,

667 4041 721 4084 et
742 4050 863 4085 mox
872 4032 1030 4101 satur
1049 4033 1272 4087 mutavit
1294 4034 1347 4086 iu
1366 4033 1523 4100 satus
1554 4052 1689 4086 auc—

664 4110 875 4165 toritate
921 4123 1150 4182 quatuor
1186 4111 1333 4166 MSS
1358 4132 1374 4174 3
1422 4111 1690 4166 Palatinus

664 4188 924 4244 secundus
954 4189 1111 4244 babet
1145 4193 1324 4244 Vertar
1348 4194 1401 4242 in
1426 4192 1587 4251 hunc,
1632 4198 1692 4242 ut

664 4270 692 4322 1
708 4306 722 4334 ‚
753 4270 848 4322 236
865 4310 881 4336 ,
905 4276 1114 4325 vermer
1128 4275 1182 4324 in
1191 4269 1691 4338 pecudes.-Regiu⁸

666 4359 845 4404 noster
870 4350 918 4404 Α
947 4351 1078 4404 Utar
1095 4353 1150 4403 in
1184 4351 1280 4402 boc
1314 4351 1503 4415 isdem,·
1527 4347 1691 4401 codex

2708 2239 2799 2289 nso

1779 2383 1827 2435 B
1859 2384 1992 2436 Utar
2007 2387 2062 2434 ia
2082 2384 2194 2436 hoc.
2207 2421 2218 2434 .
2235 2419 2248 2432 .
2265 2399 2363 2433 vox
2383 2388 2647 2450 postrema
2663 2380 2800 2452 stylo

1778 2462 1878 2516 suit
1905 2462 2092 2516 deleta.

1852 2560 1942 2594 122
1954 2580 1967 2593 .
1989 2543 2304 2612 Cycnumque
2315 2543 2456 2608 petit.
2474 2537 2653 2593 Placet
2673 2556 2802 2593 eou-

1781 2620 1982 2688 jectura
2009 2619 2307 2672 Burmanni
2345 2619 2565 2689 Cycnum
2587 2621 2792 2683 repetit,

1781 2700 1976 2752 iterum
2011 2697 2141 2768 petit
2163 2737 2180 2763 ,
2216 2716 2375 2766 quem
2420 2706 2573 2750 antea
2609 2697 2803 2749 frustra

1781 2776 2018 2846 petierat.
2041 2778 2399 2835 -Fraxnws‚
2429 2774 2551 2843 quia
2571 2771 2803 2826 fraxinea

1783 2854 1929 2908 hasta
1951 2855 2016 2907 ab
2037 2854 2280 2907 Homero
2295 2853 2345 2905 ei
2364 2852 2485 2904 data
2500 2889 2514 2916 ‚
2535 2850 2676 2903 unde
2694 2851 2801 2919 ipse

1784 2934 2292 3001 &pane—Evilat&
2307 2929 2573 2983 Leidensis
2594 2939 2730 2981 unus
2747 2940 2802 2982 et

1784 3013 1912 3067 alius
1946 3013 2153 3067 Heinsii
2181 3016 2431 3071 devitata,
2476 3020 2533 3061 ut
2572 3009 2651 3073 11,
2682 3008 2799 3061 605.

1782 3120 1850 3132 —
1863 3091 2015 3160 Regii
2036 3090 2239 3144 codices
2260 3094 2461 3141 en’tata.
2476 3113 2544 3126 -·
2559 3088 2613 3139 A
2634 3096 2797 3137 caute.

1785 3168 2093 3239 Proepositio
2127 3168 2256 3222 solet
2288 3164 2558 3219 interdum
2583 3202 2598 3230 ‚
2638 3163 2799 3216 etiam

1783 3251 1919 3320 apud
1939 3249 2169 3312 Graecos,
2192 3246 2464 3319 posteriori
2482 3244 2687 3298 nomini
2705 3242 2801 3294 ad·-

1786 3332 1840 3385 di
1857 3354 1870 3392 ς
1889 3331 2007 3384 vide
2020 3330 2189 3384 Fiseh.
2201 3329 2265 3383 ad
2280 3329 2469 3381 Anser.
2484 3324 2703 3389 Od.1x‚
2722 3344 2800 3375 22.

1854 3429 1875 3462 ι
1885 3409 1961 3461 26.
1987 3411 2445 3475 Wilemt...5avisus
2451 3404 2644 3472 fuerat.
2660 3401 2803 3455 Plus·

1786 3504 1943 3554 quam
1960 3486 2188 3555 perfecta
2203 3482 2537 3538 cumdilecm
2553 3480 2803 3551 posita.—

1784 3563 2004 3632 Sanguis
2031 3574 2154 3615 emt.
2185 3560 2360 3631 Vulgo
2400 3561 2420 3626 (
2443 3571 2496 3613 et
2530 3560 2586 3611 in
2612 3557 2803 3611 nostris

1787 3641 2008 3713 Regiis)
2029 3642 2367 3710 magneti-fui!
2378 3659 2398 3707 ,·
2421 3639 2513 3692 sed
2536 3640 2804 3692 Burman-

1784 3738 1885 3772 nus
1907 3739 1938 3774 e
1963 3718 2217 3773 Cantabr.
2237 3728 2291 3770 et
2310 3734 2421 3769 uuo
2439 3711 2806 3768 Heinsiidedit

1784 3810 1896 3852 emt
1916 3809 1977 3852 ut
1999 3799 2064 3851 sit
2086 3806 2305 3851 venusta
2328 3805 2382 3849 et
2405 3793 2695 3848 necessaria
2717 3810 2806 3844 re-

1785 3876 1984 3947 petitio.
2116 3879 2123 3886 '

1857 3957 1965 4008 128.
1990 3958 2217 4022 Princeps
2232 3994 2246 4016 ,
2281 3951 2523 4007 celeriter
2539 3989 2554 4016 ‚
2591 3947 2769 4018 rapide
2789 3967 2803 4009 3

1788 4032 1873 4087 111
1894 4072 1907 4098 ‚
1935 4034 2034 4106 694
2056 4072 2070 4099 ,
2084 4036 2392 4100 pmcaejoitem
2411 4047 2601 4097 rupem.
2617 4054 2684 4067 —·
2701 4026 2811 4079 Pro

1771 4111 2134 4178 fremebundus
2176 4109 2201 4179 (
2229 4108 2371 4178 quod
2420 4106 2618 4160 habeut
2656 4100 2805 4171 Regii

1788 4191 1952 4244 nostri
1971 4189 1995 4259 )
2011 4188 2252 4243 Francos.
2278 4198 2331 4241 et
2349 4187 2457 4239 duo
2474 4185 2556 4239 alii
2566 4185 2808 4251 furibun-

1787 4274 1897 4324 dus.
1916 4298 1985 4311 -
2006 4272 2081 4324 Et
2107 4273 2282 4323 nitido.
2318 4268 2476 4322 Unus
2512 4261 2715 4318 Heinsii
2750 4269 2805 4310 et

1788 4345 2096 4402 Basileensis
2117 4347 2265 4398 audo.
2291 4342 2442 4411 Regii
2463 4339 2627 4395 nostri
2649 4333 2808 4388 ambo
