3185 5138
638 556 1668 626 METAMORPHOSEON
1716 559 1911 627 LIB.
1962 560 2192 629 VIII.
2411 565 2489 629 61

362 701 744 801 Inciperent
778 726 967 772 casus
988 755 1008 788 ,
1041 697 1348 773 frondere
1380 697 1775 773 Philemona
1806 699 2048 774 Baucis
2070 756 2089 789 ‚

365 817 662 893 Baucida
696 815 1042 916 conspexit
1072 815 1295 889 senior
1321 814 1632 890 frondere
1671 816 2066 892 Philemon:

2407 845 2505 916 715

368 939 652 1038 Jamque
688 962 891 1036 super
924 932 1184 1028 gelidos
1216 951 1545 1009 crescente
1582 935 1919 1009 cacumine
1952 935 2175 1013 vultus
2198 994 2217 1027 ‚

373 1054 649 1138 Mutua,
697 1051 859 1125 dum
890 1049 1115 1138 licuit,
1144 1049 1515 1125 reddebant
1540 1050 1752 1139 dicta:
1788 1084 1823 1115 «
1853 1052 2150 1154 Valeque
2170 1110 2189 1144 ,
2270 1144 2278 1151 .

379 1187 417 1236 >5
458 1170 524 1242 Ο
559 1168 840 1267 conjux,
877 1199 913 1234 ι)
947 1164 1168 1241 dixere
1201 1165 1440 1255 simul,
1472 1166 1672 1240 simul
1701 1167 1927 1242 abdita
1959 1171 2122 1244 texit

379 1286 521 1360 Ora
546 1285 765 1359 frutex
796 1315 812 1358 :
852 1283 1151 1359 ostendit
1182 1282 1400 1357 adhuc
1427 1284 1762 1385 Tyaneius
1798 1283 1936 1361 illic

373 1400 606 1476 Incola
639 1400 721 1474 de
756 1401 1018 1496 gemino
1051 1401 1307 1475 vicinos
1344 1429 1623 1502 corpore
1654 1419 1947 1476 truncos,

2417 1445 2515 1500 72⁰

377 1518 539 1592 Haec
573 1517 737 1591 mihi
773 1546 911 1591 non
945 1518 1094 1592 vani
1116 1575 1137 1613 ‚
1171 1546 1387 1619 neque
1420 1534 1560 1592 erat
1590 1547 1712 1592 cur
1743 1517 1968 1594 fallere
2001 1519 2282 1613 vellent,

377 1634 737 1709 Narravere
771 1662 959 1709 senes
995 1665 1011 1710 :
1043 1634 1353 1736 equidem
1385 1634 1744 1736 pendentia
1778 1635 1914 1708 vidi

379 1749 572 1824 Serta
602 1779 1090 1853 superramos:
1134 1752 1528 1853 ponensque
1561 1752 1888 1841 recentia,
1928 1751 2103 1826 dixi:

390 1899 426 1932 «
467 1868 643 1942 Cura
674 1867 770 1968 pii
807 1869 933 1942 Dis
968 1885 1165 1956 sunt;
1204 1886 1311 1957 et,
1349 1869 1467 1969 qui
1503 1867 1803 1956 coluere,
1840 1869 2171 1943 coluntur.
2213 1905 2250 1936 ι»

377 2062 667 2130 ·Inct'perent
682 2082 852 2125 casus,
878 2080 1028 2116 more
1053 2062 1403 2125 aedituorum,

386 2139 477 2208 qui
495 2140 785 2210 peregrinis
804 2139 1081 2194 tradebant
1099 2140 1283 2211 templi
1298 2141 1409 2194 ori-

386 2218 599 2288 ginem,
626 2236 772 2273 sacra
791 2221 1218 2282 ete—Phasine,
1245 2220 1406 2272 fron-

387 2295 632 2363 descere,
665 2306 723 2350 ut
746 2317 904 2367 supra
918 2305 1095 2365 potere
1117 2316 1214 2366 pro
1234 2306 1413 2366 pales-

389 2392 512 2427 cere.
539 2373 805 2427 Fronduit
837 2384 1017 2427 autem
1043 2373 1368 2427 Philemon’
1353 2392 1412 2426 m

388 2470 633 2521 quercum,
658 2451 848 2506 Baucis
858 2452 913 2504 in
927 2455 1109 2514 liliam,
1126 2471 1282 2505 versu
1297 2451 1411 2504 620.

458 2530 571 2602 715.
596 2531 807 2584 Gelidus
826 2549 856 2585 e
875 2530 1114 2584 Juniano
1137 2548 1234 2601 pro
1252 2532 1415 2597 gemi-

388 2629 499 2672 nos,
524 2608 667 2678 quod
688 2629 812 2664 mox
828 2610 1091 2679 reperitur
1107 2650 1123 2677 ,
1149 2610 1414 2679 amplexus

391 2698 470 2741 est
498 2687 857 2744 Burmannus.
887 2703 955 2731 ·'—·
978 2689 1132 2758 Regii
1159 2689 1209 2742 A
1242 2699 1296 2742 et
1329 2689 1374 2741 B
1397 2728 1412 2755 ‚

387 2772 631 2835 geminos.

459 2865 573 2918 7¹9·
596 2849 882 2919 Tyanee’us,·
903 2847 1016 2912 alii,
1032 2849 1265 2911 Matius,
1301 2849 1419 2899 Tre·-

391 2931 538 2979 aeeius
552 2967 566 2989 ‚
607 2928 862 2997 Thineyus
878 2966 892 2988 ,
925 2927 1210 2979 Tt'n'nlbins
1227 2965 1241 2989 ,
1283 2927 1418 2978 Che·-

394 3009 553 3066 neius‚
586 3006 851 3074 Tyaneus.
872 3004 1054 3058 Nostri
1075 3003 1247 3074 Regii,
1275 3004 1422 3055 Thir—

394 3088 556 3136 σείω-
575 3109 644 3121 -
669 3084 922 3154 Tyanee‘us
940 3080 1082 3134 haud
1101 3080 1260 3134 dubie
1289 3098 1420 3133 cor-
1450 3115 1457 3120 »

397 3170 617 3230 ruptum
632 3171 725 3214 est.
742 3160 930 3231 Tyana
942 3160 1087 3213 enim
1102 3199 1116 3225 ‚
1137 3160 1260 3212 urbs
1276 3157 1423 3228 Cap-

401 3238 653 3309 psalmia,
670 3248 877 3291 remota
891 3237 1049 3290 nimis
1066 3249 1161 3304 est,
1181 3256 1341 3306 quam
1363 3247 1423 3290 ut
1448 3267 1451 3270 ·

401 3316 574 3370 incola
590 3318 705 3386 ejus
729 3317 940 3369 arbores
962 3315 1216 3388 Phrygias
1239 3327 1421 3370 osten-

404 3394 531 3448 dere
558 3395 806 3464 potuerit.
831 3393 1058 3449 Lenzius
1085 3403 1269 3464 putat,
1306 3414 1424 3448 rem

402 3472 647 3527 accidisse
688 3473 746 3526 in
794 3471 1030 3526 confinio
1079 3470 1324 3543 Phrygio
1373 3483 1426 3526 et

409 3551 788 3624 Cappadociae,
816 3551 1052 3621 adeoque
1082 3571 1426 3605 communem

404 3633 560 3687 fuisse
574 3633 785 3701 utrique
798 3642 968 3685 terre.
973 3633 1092 3686 Hoc
1101 3633 1225 3686 ferri
1234 3642 1425 3702 posset,

405 3711 449 3765 si
484 3710 648 3764 modo
685 3720 950 3764 constaret
993 3708 1251 3764 Ovidium
1290 3714 1429 3783 Tya-

405 3795 549 3842 κείω·
574 3787 794 3843 dedisse.
821 3787 927 3841 Sed
960 3788 1123 3843 MSS.
1149 3789 1346 3843 mirum
1373 3790 1430 3842 in

408 3867 633 3923 modum
669 3867 756 3922 hic
786 3869 1027 3934 variant,
1058 3878 1111 3921 et
1142 3869 1213 3921 ita
1232 3907 1248 3934 ,
1284 3879 1344 3921 nt
1369 3887 1432 3920 ex

407 3948 503 4001 ista
515 3947 766 4002 varietate
780 3948 862 3999 vix
875 3946 1166 4017 quidquam
1177 3946 1306 3999 certi
1318 3946 1432 3999 elici

406 4024 661 4095 possit—
674 4025 804 4077 Mox
820 4024 1059 4078 revocavi
1076 4022 1433 4090 antiquiorem

407 4101 692 4156 lectionem
696 4107 895 4170 gemino
904 4118 1123 4168 corporae.
1139 4117 1297 4168 quam
1312 4097 1434 4152 Cio·

409 4180 564 4235 sanus
582 4200 650 4234 ex
665 4182 923 4235 Vaticano
950 4178 1105 4234 Statii
1128 4189 1184 4232 et
1207 4198 1316 4232 uno
1339 4197 1435 4232 suo

411 4258 469 4313 in
480 4264 686 4327 gemma
703 4263 882 4313 arbore
891 4267 1216 4324 mutaverat,
1234 4274 1437 4326 appro-

414 4337 575 4395 bante
600 4337 858 4393 Burman.
884 4337 976 4408 qui
992 4346 1208 4394 truncos
1229 4343 1438 4391 tantum

1504 2064 1755 2117 arborum
1783 2063 2028 2117 restitisse
2053 2064 2299 2133 putabat,
2328 2066 2523 2120 amissis

1503 2155 1758 2198 vetustate
1784 2144 1956 2198 ramis.
1981 2145 2154 2197 Immo
2168 2149 2433 2197 ramimox
2449 2146 2523 2198 di·

1501 2232 1640 2275 serte
1657 2231 2038 2274 memorantur.
2051 2223 2243 2274 Trunci
2258 2240 2385 2292 ergo
2398 2235 2523 2276 sunt

1505 2299 1718 2354 arbores
1736 2339 1751 2366 ‚
1770 2318 1888 2369 quae
1904 2300 2106 2368 Lelegis
2129 2310 2368 2368 tempore
2384 2301 2524 2354 intem

1506 2396 1612 2448 grae
1635 2377 1900 2430 restabant
1919 2416 1933 2442 ,
1962 2394 2116 2428 versu
2128 2377 2228 2429 620
2247 2416 2260 2442 ‚
2284 2387 2337 2430 et
2361 2396 2525 2446 repe-

1507 2457 1637 2509 titur
1651 2454 1736 2508 hic
1748 2493 1764 2520 ,
1781 2452 1923 2523 quod
1942 2454 2164 2506 maxime
2180 2453 2234 2506 in
2253 2455 2312 2506 iis
2325 2474 2525 2509 memo-

1505 2532 1666 2586 rabile
1683 2571 1699 2599 ,
1732 2532 1890 2586 saetas
1913 2549 2022 2585 esse
2045 2550 2074 2584 e
2093 2537 2293 2599 gemino
2312 2551 2525 2602 corpore.

1505 2610 1772 2680 —Regius
1792 2619 1974 2663 noster
1988 2609 2037 2663 A
2053 2648 2068 2674 ‚
2091 2615 2293 2677 gemina
2305 2615 2495 2665 arbore.

1578 2710 1637 2758 72
1648 2710 1688 2742 ι.
1709 2692 1882 2757 Neque
1899 2699 2011 2742 era!
2029 2689 2315 2756 cut-sallem
2333 2695 2531 2746 vellent.

1512 2767 1671 2820 Unus
1695 2766 1965 2820 Medic-eus
1985 2807 2000 2834 ‚
2033 2786 2127 2821 nec
2150 2777 2295 2821 erant
2323 2776 2415 2837 qui
2432 2782 2530 2825 etc.

1513 2845 1699 2898 Codex
1720 2845 1917 2915 Regius
1933 2846 2002 2913 A,
2020 2865 2113 2899 nec
2133 2855 2244 2900 era!
2255 2868 2376 2915 cur,-
2408 2848 2531 2903 Co—

1511 2922 1612 2976 dex
1633 2923 1677 2976 B
1697 2963 1712 2990 ‚
1737 2942 1890 2991 neque
1908 2933 2020 2977 erat
2036 2945 2140 2978 cur.

1582 3003 1694 3071 723.
1714 3003 1869 3055 Sed&
1883 3002 2096 3073 aliisque
2113 3004 2342 3059 donariis
2357 3010 2533 3062 ornari

1514 3079 1752 3133 solebant
1765 3082 1978 3135 arbores
1992 3121 2007 3148 ‚
2031 3102 2210 3153 ecque
2223 3103 2430 3139 summa
2446 3107 2537 3140 re-

1514 3156 1710 3227 ligione
1749 3158 2060 3214 colebantur
2096 3180 2124 3214 a
2159 3167 2535 3232 praetereunti-

1516 3237 1637 3302 bus,
1651 3255 1750 3291 nec
1761 3238 1906 3291 facile
1922 3239 2199 3308 quisquam
2215 3260 2300 3294 eas
2313 3242 2533 3297 violabat

1519 3333 1683 3368 manu
1708 3325 1798 3368 aut
1819 3317 2005 3369 securi.
2051 3316 2188 3370 Vide
2226 3318 2442 3371 Her-ald.
2471 3321 2536 3373 ad

1516 3391 1719 3445 Arnob.
1741 3393 1765 3446 Ι
1782 3432 1797 3459 ,
1814 3412 1865 3462 p.
1884 3395 2373 3462 22.—-Curape‘1‘l)is
2388 3406 2530 3462 σαπῇ·

1520 3479 1571 3524 e!
1646 3475 1891 3525 coluntur.
1907 3472 2158 3525 Heinsius
2175 3473 2315 3527 hunc
2330 3495 2540 3530 versum

1520 3548 1590 3602 ita
1601 3549 1843 3615 correxit,
1862 3567 2027 3618 quum
2045 3560 2199 3604 antea
2212 3551 2540 3622 vulgaretur:

1526 3630 1665 3682 Cura
1683 3630 1848 3680 Deum
1881 3631 1965 3681 m
1991 3635 2100 3681 sin!
2118 3639 2170 3682 e!
2183 3671 2195 3683 .
2208 3671 2220 3683 .
2235 3671 2247 3684 .
2261 3673 2273 3686 .
2297 3639 2543 3690 colantur.

1526 3702 1710 3757 Codex
1734 3704 1783 3758 A
1802 3743 1818 3770 ,
1837 3704 1991 3758 sicuti
2013 3707 2384 3777 castigatiores,
2411 3715 2545 3766 Cura
2635 3761 2642 3768 .

1522 3787 1687 3837 Deum
1713 3787 1792 3836 D!
1810 3793 1931 3838 sunt
1950 3793 2002 3838 et
2077 3791 2331 3853 coluntur:
2361 3788 2545 3845 Codex

1525 3864 1573 3917 B
1599 3863 1758 3918 habet
1788 3864 2074 3934 antiquam.
2118 3867 2252 3918 Colit
2273 3867 2420 3921 Deus
2442 3868 2546 3923 ho-

1528 3942 1699 3994 mines
1714 3980 1729 4007 ‚
1750 3941 1964 4009 quando
1985 3961 2167 3995 curam
2186 3962 2372 3996 eorum
2396 3947 2548 4016 gerit.

1533 4018 1646 4072 Cic.
1665 4020 1730 4073 N.
1753 4019 1821 4071 D.
1851 4021 1908 4086 1,
1934 4023 1991 4086 41
2013 4022 2147 4073 :Cur
2157 4024 2297 4074 Ileos
2308 4027 2550 4078 abhomi-

1529 4099 1678 4149 m'bus
1690 4100 1929 4150 colendos
1950 4101 2097 4150 dicas
2110 4138 2124 4158 ‚
2158 4119 2304 4167 quum
2328 4104 2552 4157 milm—

1531 4180 1692 4229 nu‘aes
1708 4196 1809 4229 non
1822 4179 2037 4231 colant?
2053 4179 2243 4232 Lactan
2251 4190 2284 4233 t.
2302 4181 2440 4252 Epir.
2462 4203 2520 4253 ²7
2538 4204 2552 4235 :

1532 4259 1695 4308 vitam
1727 4258 1976 4311 hommum
2002 4262 2252 4322 excolere,
2283 4279 2461 4330 eosque
2483 4265 2552 4314 ab

1535 4338 1676 4387 omni
1692 4337 1828 4387 malo
1848 4340 1986 4389 eneti.
