3185 5138
749 573 792 655 4
1305 576 1401 641 P.
1451 575 1812 645 OVIDII
1863 573 2312 645 NASONIS

747 716 1054 817 Spectare
1088 743 1166 789 ex
1202 713 1313 790 illa
1346 715 1545 811 rigidi
1582 715 1936 789 certamina
1967 713 2224 791 Martis.
2811 759 2872 793 20

743 837 1023 934 Jamque
1059 830 1430 906 mora-belli
1461 859 1811 931 procerum
1849 859 2116 931 quoque
2151 833 2423 907 nomina
2455 853 2686 923 norat,

744 954 1112 1051 Armaque,
1141 975 1514 1049 equosque,
1549 946 1980 1048 habitusque,
2011 947 2487 1052 Cydoneasque
2503 951 2864 1052 pharetras.

742 1070 1033 1142 Noverat
1062 1083 1212 1141 ante
1248 1062 1412 1135 alios
1439 1062 1671 1136 faciem
1702 1063 1887 1137 ducis
1921 1068 2229 1166 Europaei
2258 1097 2275 1157 ;

743 1182 905 1258 Plus
939 1181 1409 1278 etiam„quam
1440 1206 1637 1251 nosse
1677 1196 1777 1251 sat
1808 1198 1907 1253 est.
1944 1211 1958 1253 :
1997 1181 2119 1256 hac
2148 1182 2366 1282 judice
2388 1240 2406 1273 ,
2443 1186 2670 1260 Minos
2693 1244 2711 1274 ,

741 1302 876 1376 Seu
908 1315 1107 1399 caput
1136 1293 1480 1370 abdiderat
1513 1294 1780 1368 cristata
1815 1295 2064 1369 casside
2100 1298 2376 1396 pennis,
2808 1324 2870 1374 25

740 1420 827 1491 In
863 1414 1045 1512 galea
1076 1413 1410 1487 formosus
1446 1428 1584 1485 erat
1615 1442 1630 1483 :
1660 1441 1774 1486 seu
1809 1431 2131 1485 sumserat
2158 1441 2295 1486 aere

740 1599 869 1652 pore
887 1578 1135 1633 ludorum
1150 1619 1163 1641 ,
1185 1577 1555 1631 sacrificiorum
1578 1596 1590 1630 :
1612 1577 1755 1629 abla-

740 1659 829 1714 tivi
852 1668 1125 1728 ponuntur
1145 1657 1216 1710 sic
1241 1656 1470 1709 absolute
1489 1696 1503 1722 ,
1523 1664 1580 1708 ut
1606 1666 1754 1707 tem-

740 1758 837 1810 pus
851 1735 1146 1806 significent
1163 1774 1178 1801 ‚
1200 1753 1305 1803 quo
1319 1733 1445 1802 quid
1462 1734 1657 1786 sartum
1674 1734 1755 1787 sit.

738 1815 877 1868 Vide
896 1814 1267 1866 Burmannum
1291 1810 1356 1864 ad
1380 1809 1521 1863 hunc
1544 1809 1718 1861 locum
1736 1848 1752 1874 ,

737 1903 791 1945 et
821 1891 1028 1945 Ernesti
1057 1889 1121 1943 ad
1152 1889 1499 1953 Suetonium,
1533 1888 1586 1939 in
1622 1886 1753 1940 Caes.

744 1991 765 2024 1
780 1992 818 2022 ι.
833 1996 897 2010 -·
916 1970 1146 2036 Spectate
1164 1987 1229 2021 ex
1253 1970 1347 2019 illa
1364 1976 1460 2019 etc.
1475 1966 1754 2035 Spectabat

736 2061 901 2104 castra
927 2048 1130 2102 hostilia
1147 2088 1162 2114 ,
1194 2058 1253 2101 ut
1281 2047 1546 2115 Antigone
1571 2086 1585 2113 ,
1615 2045 1753 2113 apud

740 2127 1071 2197 Euripidem,
1090 2126 1276 2179 Phoen.
1301 2146 1319 2177 ι
1334 2142 1393 2177 ιο
1408 2144 1518 2193 sqq.
1534 2164 1549 2190 ,
1576 2135 1628 2177 et
1647 2126 1754 2178 He·

737 2207 857 2260 lena
876 2247 891 2274 ,
922 2206 1059 2275 apud
1095 2206 1396 2258 Homerum
1414 2242 1429 2268 ,
1468 2203 1527 2255 Il.
1566 2214 1599 2257 Γ
1614 2244 1629 2271 ,
1663 2205 1755 2269 ι54

736 2304 847 2354 sqq.
867 2285 1028 2337 :confi
1044 2293 1099 2336 et
1118 2282 1320 2353 Virgilii
1343 2280 1514 2347 Cirin,
1540 2302 1558 2334 1
1570 2303 1628 2352 7²
1644 2302 1754 2351 sqq.

804 2381 882 2415 αι.
904 2364 1118 2430 Jamque
1140 2381 1279 2414 mora
1301 2363 1431 2413 belli.
1453 2359 1759 2429 Neapolita-

735 2459 837 2494 nus
851 2449 905 2492 et
921 2441 1064 2508 prior
1082 2438 1423 2503 Ersurtensis,
1438 2456 1606 2490 moras
1619 2440 1751 2498 belli,

733 2525 793 2569 ut
805 2534 1045 2586 proceres
1055 2517 1179 2567 belle·
1188 2534 1335 2567 more
1348 2512 1379 2565 d
1385 2511 1753 2582 icantur,quod

732 2594 957 2648 illustrat
971 2593 1234 2646 Heinsius.
1247 2592 1401 2662 Regii
1416 2592 1600 2657 nostri,
1616 2612 1756 2644 mora

734 2678 877 2737 belli,
906 2672 1048 2743 quod
1065 2673 1349 2743 elegantius
1367 2711 1383 2738 ,
1415 2683 1467 2724 et
1492 2683 1756 2740 pra-‚stan-

735 2753 854 2805 tius.
877 2752 1209 2808 Ed—Morm
1231 2748 1573 2801 diuturnitate
1590 2787 1605 2814 ,
1623 2758 1682 2799 ut
1698 2748 1721 2799 Ι
1737 2785 1753 2812 ,

737 2832 852 2894 402.
863 2855 929 2868 --
941 2830 1298 2898 Cydoneasque
1314 2824 1439 2876 olim
1466 2821 1719 2874 edebatur
1735 2860 1751 2887 ,

738 2906 880 2974 quod
896 2904 1087 2957 Ciosan
1095 2923 1151 2955 us
1167 2923 1227 2955 ex
1241 2902 1533 2970 antiquiore
1544 2920 1640 2953 suo
1655 2900 1756 2953 Co·

736 2984 850 3036 dice
878 2983 934 3034 in
961 2983 1307 3053 Cydone‘asque
1328 2980 1562 3032 mutavit.
1594 2980 1665 3031 At
1682 2979 1755 3031 al-

736 3073 913 3114 terum
928 3061 1183 3113 Burman.
1199 3061 1477 3127 revocavit,
1492 3060 1611 3129 quia
1624 3068 1675 3112 et
1690 3060 1755 3112 A.

740 3142 789 3193 A
803 3181 816 3206 ,
838 3143 861 3194 1
881 3179 895 3206 ,
917 3141 1012 3212 ²93
1027 3179 1041 3206 ,
1067 3141 1574 3210 Cydoneoejuvencae;
1596 3140 1756 3192 etiam

739 3217 990 3287 Virgilius
1009 3258 1023 3284 ,
1053 3216 1163 3270 Ecl.
1186 3217 1236 3269 X
1252 3257 1266 3282 ,
1292 3223 1370 3289 59.
1399 3219 1619 3271 Variant
1642 3216 1756 3270 Co·-

738 3297 879 3350 dices
906 3296 959 3348 in
985 3296 1084 3348 hoc
1101 3296 1334 3347 nomine.
1360 3295 1629 3348 Berkelius
1645 3335 1659 3361 ,
1689 3295 1753 3347 ad

740 3376 992 3448 Stephan.
1005 3376 1061 3428 in
1076 3383 1308 3441 Κυδὶυνιόε,
1325 3377 1432 3428 vult
1450 3378 1756 3446 Cydoneas-

738 3475 831 3524 que
853 3474 962 3508 esse
985 3452 1336 3507 scribendum.
1356 3483 1423 3494 —
1442 3452 1622 3506 Codex
1645 3455 1755 3506 Re-

740 3536 850 3603 gius
867 3544 1047 3587 noster
1061 3533 1105 3584 A
1125 3535 1172 3586 C
1160 3536 1402 3603 ydom’as,
1426 3534 1558 3585 sicut
1573 3543 1626 3584 et
1642 3531 1757 3585 Co-

740 3612 841 3664 dex
867 3612 941 3675 B,
979 3631 1007 3663 a
1038 3610 1207 3679 prima
1236 3630 1399 3663 manu
1429 3633 1442 3675 ;
1481 3622 1532 3663 at
1566 3629 1755 3662 manus

738 3689 966 3743 secunda
994 3688 1199 3743 literam
1221 3690 1312 3741 e'in
1335 3710 1365 3742 e
1387 3691 1545 3743 vertit
1572 3689 1625 3742 in
1655 3689 1757 3742 hoc

744 3768 940 3823 Codice
960 3809 974 3835 ,
1000 3782 1053 3822 et
1071 3769 1290 3838 margini
1312 3770 1566 3838 inscripsit
1588 3770 1758 3839 Cydo-

739 3864 877 3899 neas.
904 3846 1005 3900 Ed.
1027 3875 1092 3885 —-
1121 3848 1347 3915 Cydonia
1369 3864 1474 3896 una
1507 3864 1567 3896 ex
1595 3844 1757 3896 tribus

742 3924 1092 3978 celeberrimis
1129 3922 1303 3975 Cretae
1335 3923 1561 3975 urbibus.
1596 3920 1755 3975 Creta

744 4002 1038 4054 abundabat
1060 4001 1278 4053 materia
1297 4040 1313 4066 ,
1354 4000 1493 4054 unde
1526 4000 1752 4071 sagittae,

742 4098 891 4133 arcus
905 4120 920 4146 ,
956 4080 1212 4149 pharetrae
1246 4080 1634 4133 conficerentur
1651 4120 1666 4146 ,
1703 4091 1756 4133 et

745 4155 1028 4211 Cretenses
1083 4159 1389 4212 excellentes
1429 4159 1756 4212 habebantur

742 4235 1004 4304 sagittarii.

813 4313 887 4365 23.
909 4315 1149 4378 Europaee‘.
1174 4311 1308 4364 Vide
1334 4311 1394 4364 ad
1416 4331 1623 4364 versum
1649 4333 1752 4365 120.

1858 1574 2031 1626 Amor
2061 1574 2145 1627 ine
2177 1575 2362 1646 Scyuae
2394 1576 2617 1644 injectus
2650 1577 2876 1633 traditur

1851 1653 1933 1705 vel
1955 1674 1983 1706 a
1999 1656 2212 1708 Venere
2232 1656 2500 1727 (Hyginus
2517 1697 2532 1723 ,
2549 1657 2690 1711 dicto
2707 1659 2869 1730 loro),

1851 1732 1932 1784 vel
1958 1752 1986 1785 a
2007 1733 2224 1786 Junone
2254 1754 2266 1786 :
2297 1735 2542 1804 Virgilius
2567 1777 2579 1797 ,
2608 1737 2664 1788 in
2686 1736 2836 1793 Cirin
2856 1779 2872 1806 ,

1859 1810 1965 1863 133.
1988 1811 2143 1880 Apud
2165 1813 2418 1865 Nostrum
2436 1814 2693 1882 originem
2714 1815 2875 1868 habet

1851 1890 1972 1944 satis
1985 1892 2296 1945 naturalem.
2309 1921 2375 1933 —
2388 1894 2481 1945 Sa!
2490 1904 2591 1954 est,
2608 1894 2873 1949 conducit.

1851 1971 2119 2022 -Facae'em
2133 1981 2186 2023 et
2202 1971 2437 2024 habitum
2453 1972 2652 2026 Minois
2670 1984 2786 2041 apte
2804 1972 2871 2026 ad

1853 2050 2177 2117 propositum
2207 2049 2448 2103 describit
2463 2051 2516 2103 in
2538 2072 2648 2120 sqq.
2663 2080 2729 2093 —-
2753 2056 2874 2106 Hac

1839 2127 2021 2193 judice
2055 2128 2188 2180 bene
2231 2127 2466 2180 additum
2494 2151 2507 2191 ς
2548 2148 2671 2181 nam
2702 2132 2872 2184 amori

1851 2205 2030 2256 omnia
2054 2204 2301 2257 videntur
2327 2206 2527 2259 eximia.
2553 2208 2632 2260 Ita
2660 2227 2738 2259 mc
2761 2208 2870 2275 ju—

1848 2282 1989 2342 dice,
2020 2281 2073 2333 ΙΙ
2093 2318 2109 2345 ,
2135 2283 2247 2346 428.
2281 2281 2408 2333 Jam
2431 2301 2537 2351 seq.
2573 2282 2714 2336 locus
2737 2284 2864 2353 pul-

1848 2357 2007 2424 cher,
2038 2378 2302 2427 expressus
2328 2379 2355 2411 e
2386 2360 2596 2416 Tibullo
2614 2401 2629 2427 ,
2665 2362 2763 2429 1V,
2792 2380 2867 2430 ιι,

1852 2456 1918 2507 7-
1931 2458 1985 2488 12
2014 2456 2026 2489 :
2049 2439 2198 2488 Illam
2217 2477 2230 2496 ,
2258 2440 2506 2506 quidquid
2523 2445 2654 2507 agit,
2681 2460 2872 2510 quoque

1845 2520 2063 2583 wste'geia
2079 2519 2254 2577 movit,
2282 2518 2543 2583 Compom't
2548 2516 2730 2584 fite-tim
2745 2522 2871 2573 sub-

1846 2600 2158 2663 sequitur-quc
2184 2598 2364 2649 Decor.
2388 2597 2484 2648 Seu
2505 2601 2660 2649 solvit
2678 2603 2840 2652 crines
2853 2642 2868 2663 ,

1832 2672 1980 2739 susis
2002 2674 2144 2725 decet
2159 2693 2271 2726 csse
2285 2678 2489 2741 capillis
2505 2715 2516 2735 ,
2541 2675 2636 2727 Seu
2657 2682 2868 2739 comsit,

1848 2753 2026 2800 comtes
2046 2758 2128 2800 est
2145 2753 2425 2802 veneranda
2442 2756 2614 2802 comis.
2638 2753 2766 2814 Urit,
2782 2773 2873 2806 seu

1858 2827 2012 2895 Tyria
2036 2829 2199 2878 wlue't
2221 2828 2485 2894 procedere
2502 2831 2653 2894 palla
2679 2848 2693 2880 .-
2722 2832 2862 2893 Urit,

1848 2922 1937 2957 seu
1958 2911 2102 2957 nivea
2127 2909 2352 2958 candida
2374 2915 2509 2958 veste
2535 2910 2685 2960 oenit.
2710 2906 2872 2961 Con-

1849 2982 1948 3047 fer,
1969 2983 2055 3049 11,
2084 2984 2265 3035 Amor.
2285 2983 2365 3035 El.
2383 3000 2418 3035 v
2437 3022 2454 3048 ,
2479 2984 2559 3050 43.
2577 2983 2753 3038 Etiam
2771 2986 2874 3041 hoc

1849 3059 1965 3113 loco
1983 3071 2110 3129 quot
2136 3060 2306 3114 modis
2320 3061 2577 3115 variatum
2597 3063 2742 3131 illud,
2759 3067 2871 3118 sor-

1850 3139 2045 3191 mosius
2061 3149 2185 3192 erat.
2209 3139 2278 3192 Et
2299 3149 2437 3193 totus
2456 3141 2705 3196 orationis
2727 3144 2872 3197 color

1849 3217 2129 3269 notandus.
2150 3246 2215 3256 —
2234 3219 2408 3270 Crista·
2433 3220 2750 3288 praedpuum
2778 3241 2872 3289 ga-

1849 3296 1942 3349 leae
1985 3306 2375 3349 ornamentum.
2424 3298 2567 3351 Hinc
2608 3304 2869 3366 superbum

1847 3379 2113 3426 castarum
2148 3376 2297 3425 decus
2325 3414 2339 3436 ,
2389 3373 2547 3427 Silius
2567 3413 2581 3440 ,
2631 3376 2680 3428 X
2700 3415 2714 3442 ,
2756 3377 2869 3450 399.

1851 3449 1983 3502 Erat
1999 3470 2107 3502 non
2123 3451 2294 3502 solum
2313 3471 2340 3502 e
2358 3452 2479 3504 setis
2492 3452 2697 3521 equinis
2710 3453 2867 3525 (ΧΠ,

1850 3532 1983 3595 88),
2010 3529 2101 3582 sed
2125 3530 2284 3582 etiam
2305 3539 2588 3598 exponatis,
2612 3554 2728 3604 quae
2751 3536 2869 3606 pul-

1850 3608 2036 3660 chrum
2064 3609 2249 3661 Minoa
2274 3612 2436 3681 magis
2458 3611 2728 3667 decebant.

1922 3686 1999 3739 26.
2012 3689 2134 3739 AEre
2147 3690 2379 3758 rescripsi
2394 3692 2696 3745 auctoritate
2708 3689 2869 3743 MSS.

1851 3765 1941 3832 qui
1955 3766 2062 3818 sere
2080 3785 2263 3830 omnes
2282 3769 2336 3821 in
2357 3769 2454 3823 hoc
2474 3767 2723 3821 vocabulo
2738 3785 2870 3818 con-

1851 3843 2065 3911 spirant.
2088 3844 2156 3898 Et
2182 3865 2300 3899 mox
2325 3865 2471 3900 versu
2499 3847 2562 3895 32
2579 3881 2594 3907 ,
2633 3862 2742 3895 non
2772 3844 2869 3898 nisi

1852 3941 1986 3976 erea
2005 3924 2145 3993 galea
2169 3926 2339 3978 Minoi
2372 3920 2636 3983 tribuitur,
2657 3932 2714 3973 ut
2731 3923 2866 3991 apud

1854 4000 2152 4058 Homerum
2173 4042 2187 4069 ,
2241 4003 2301 4055 ΙΙ.
2340 3998 2392 4050 Κ
2411 4036 2426 4061 ,
2464 3998 2528 4046 30
2549 4034 2566 4062 ,
2604 3997 2868 4052 Menelao.

1853 4079 2068 4135 Primus
2092 4080 2372 4132 Vaticanus
2397 4085 2449 4126 et
2474 4074 2579 4128 duo
2606 4077 2722 4144 alii,
2756 4099 2862 4141 om,

1853 4159 1992 4228 quod
2011 4168 2186 4227 aperte
2205 4175 2265 4208 ex
2281 4175 2375 4207 ere
2389 4166 2581 4210 ortum.
2595 4157 2751 4211 Unus
2768 4159 2867 4212 Re-

1851 4240 1961 4306 gius
1985 4236 2195 4303 praesert
2221 4252 2346 4286 auro
2365 4275 2377 4295 .
2421 4234 2563 4305 quod
2595 4247 2863 4305 receptum

1853 4314 1916 4364 ab
1943 4310 2164 4362 Heinsio
2189 4315 2487 4382 propagavit
2510 4313 2862 4367 Burmannus.
