3185 5138
652 544 740 631 98

1214 539 1296 606 P.
1358 539 1720 608 0v1D11
1783 540 2244 612 NASONIS

655 713 692 745 »
733 681 874 753 Nec
906 677 1072 752 mihi
1111 677 1423 752 Centauri
1455 697 1737 780 potuere
1769 681 2072 757 resistere
2097 739 2116 769 ‚
2150 712 2272 760 nec
2300 687 2395 760 mi

654 830 692 862 »
728 795 1025 870 Arcadiae
1060 811 1351 868 vastator
1383 824 1543 897 aper
1571 826 1587 868 ε
1618 825 1741 871 nec
1776 799 2035 898 profuit
2070 801 2317 903 Hydrae

654 947 692 979 »
732 915 1040 990 Crescere
1069 941 1194 1015 per
1224 912 1573 1000 damnum,
1614 915 2042 1018 geminasque
2067 947 2400 1004 resumere
2433 923 2605 998 vires
2634 954 2650 999 :

655 1064 691 1097 »
729 1029 970 1127 Quid?
1003 1058 1210 1131 quum
1228 1028 1521 1103 Thracas
1543 1058 1788 1130 equoS‚
1812 1031 2107 1107 humano
2132 1038 2455 1132 sanguine
2476 1041 2760 1141 pingues
2777 1098 2796 1129 ‚

652 1182 688 1213 »
731 1146 1070 1247 Plenaque
1106 1144 1506 1244 corporibus
1538 1144 1770 1221 laceris
1799 1152 2122 1252 praesepia
2152 1153 2332 1240 vidi,

2701 1182 2796 1250 195

650 1300 686 1332 »
728 1265 1024 1364 Visaque
1059 1260 1302 1360 dejeci,
1342 1261 1858 1365 dominumque,
1898 1267 2221 1370 ipsosque
2255 1273 2552 1372 peremi:

651 1417 688 1449 »
726 1384 857 1456 nis
892 1380 1054 1456 elisa
1083 1381 1254 1481 jacet
1286 1377 1499 1455 moles
1532 1383 1832 1456 Nemeaea
1862 1380 2125 1459 lacertis
2153 1416 2171 1458 ε

639 1576 813 1631 636.-
823 1575 982 1635 Male.
1000 1573 1193 1627 frustra
1210 1594 1224 1634 3
1248 1571 1368 1625 vide
1394 1571 1666 1625 Burman-

637 1675 791 1710 num.
837 1656 983 1707 Male
1020 1650 1169 1706 dedit
1205 1650 1463 1705 Heinsius
1495 1670 1509 1704 ι
1543 1661 1668 1703 ante

640 1755 768 1791 eum
791 1733 1048 1788 edebatur
1069 1749 1170 1783 non
1191 1733 1448 1782 custodim
1476 1727 1502 1799 (
1523 1727 1667 1797 quod

638 1816 800 1869 babet
815 1821 997 1865 noster
1011 1808 1209 1878 Regius
1221 1809 1268 1861 A
1283 1806 1336 1876 );
1358 1807 1569 1877 plurimi
1585 1825 1670 1860 co-

637 1891 821 1963 dices(
837 1892 980 1944 inter
994 1906 1125 1958 quos
1144 1896 1324 1940 noster
1339 1886 1384 1939 B
1403 1887 1424 1952 )
1448 1905 1669 1939 concus-

635 1973 818 2031 todita,
836 1966 978 2037 quod
991 1964 1335 2034 degenerasse
1353 1982 1415 2016 ex
1427 1982 1525 2015 non
1536 1971 1666 2014 cust.

639 2050 894 2104 Heinsius
916 2056 1120 2101 monet.
1138 2044 1247 2099 Sed
1263 2042 1530 2097 Gebhard.
1544 2042 1659 2108 111,

640 2130 802 2200 Crep.
829 2130 893 2181 23
910 2169 925 2196 ,
952 2125 1080 2180 illud
1100 2125 1286 2196 probat
1301 2163 1318 2192 ,
1345 2123 1467 2192 quia
1486 2122 1632 2175 Atlas
1648 2161 1663 2188 ,

635 2204 961 2278 Hesperides
991 2203 1111 2257 filiae
1138 2221 1198 2257 ac
1228 2199 1388 2253 draeo
1423 2197 1665 2253 custodes

634 2285 864 2344 coadditi
889 2287 1116 2339 fuerant.

705 2388 725 2420 ι
734 2387 814 2440 9²·
840 2366 1079 2419 Arcadia
1092 2370 1327 2415 vastator
1338 2379 1474 2428 aper.
1490 2358 1665 2413 Maxi-

633 2463 755 2498 mus
790 2462 952 2515 aper,
994 2440 1279 2495 Arcadiam
1315 2449 1554 2505 vastans,
1598 2437 1663 2490 ab

633 2523 868 2579 Hercule
894 2521 1042 2576 vivus
1073 2519 1138 2574 ad
1164 2517 1529 2590 Eurystheum
1562 2516 1664 2571 suit

631 2602 903 2659 adductus.
927 2603 1025 2654 Ed.
1049 2627 1120 2640 -
1142 2600 1373 2651 Crescere
1386 2617 1482 2666 per
1500 2601 1663 2650 dam-

630 2701 783 2749 num5
806 2679 990 2735 confer
1007 2696 1221 2731 versum
1247 2695 1341 2746 7⁰3
1371 2676 1627 2730 Horatius
1646 2714 1662 2741 ,

632 2764 747 2830 IV,
772 2759 881 2816 od.
906 2776 965 2813 tv
983 2798 998 2826 ,
1034 2763 1098 2829 59
1114 2797 1130 2824 ,
1146 2776 1245 2824 per
1266 2760 1457 2810 damna
1484 2759 1667 2809 ducere

633 2860 757 2911 opes
772 2881 787 2904 ,
823 2847 878 2891 et
897 2843 1132 2891 antheum.

706 2923 816 2994 194.
854 2921 1084 2971 Thracas
1106 2934 1256 2984 equos
1266 2933 1284 2981 ,·
1317 2914 1485 2967 nostri
1510 2912 1664 2984 Regii

645 3002 861 3054 Thracis
889 3036 903 3059 ‚
963 2993 1157 3048 scilicet
1203 2990 1481 3070 Diognedis
1523 2991 1663 3060 regis

635 3076 891 3132 Thracia.
934 3100 1001 3115 —-·
1039 3071 1219 3140 Huius
1264 3087 1428 3139 equos
1472 3069 1662 3138 quibus

633 3155 865 3225 hospites
909 3148 1199 3205 devorandi
1242 3149 1659 3217 objiciebantur,

632 3232 925 3290 secundum
943 3232 1069 3286 alios
1084 3227 1297 3283 adduxit
1313 3228 1456 3282 vivos
1473 3227 1535 3280 ad
1556 3227 1661 3280 Eu·
1686 3276 1691 3279 .

634 3311 862 3386 rysthea.
897 3311 976 3364 Ex
1016 3306 1451 3378 interpretatione
1476 3305 1661 3359 Theo-

632 3393 715 3446 nis
740 3390 1030 3460 Sophistae,
1062 3387 1353 3459 Progymn.
1377 3404 1487 3455 cap.
1513 3384 1577 3453 6,
1605 3395 1659 3438 et

632 3472 949 3542 Palaepbati,
976 3489 1086 3540 cap.
1112 3472 1172 3536 4,
1199 3465 1487 3520 Diomedes
1511 3467 1659 3536 equis

563 3514 611 3558 N
631 3552 832 3607 alendis
848 3550 909 3605 ad
928 3558 1294 3622 paupertatem
1307 3545 1547 3599 redactus
1558 3545 1659 3598 ori·

633 3634 811 3706 ginem
832 3631 1017 3686 sabulae
1032 3628 1178 3683 dedit
1197 3628 1261 3681 de
1279 3626 1426 3696 equis
1440 3627 1554 3694 eius
1573 3627 1658 3679 ἄν·

634 3714 872 3787 &posuique
889 3732 902 3771 ς
922 3708 1144 3778 eamque
1161 3705 1655 3776 interpretationem

631 3791 820 3865 probat
834 3787 1162 3853 Gronovius,
1186 3784 1314 3839 obs.
1334 3785 1436 3851 IV,
1454 3787 1516 3851 ²4
1529 3824 1544 3850 ‚
1564 3784 1655 3837 ubi

630 3872 786 3926 docet
819 3866 1067 3936 exemplis
1097 3864 1259 3917 allatis
1294 3877 1363 3915 ιο.
1385 3862 1655 3931 patrimo—

630 3950 783 4003 nium
799 3947 1021 4000 Veteres
1036 3942 1217 3996 dixisse
1234 3947 1445 4001 viscera,
1459 3959 1650 3999 nervos,

630 4033 923 4096 sanguinem
945 4067 957 4085 ‚
996 4029 1130 4076 vires
1152 4063 1166 4084 ,
1203 4025 1420 4086 vt‘tale'a5
1454 4036 1527 4072 20.
1561 4019 1651 4089 qui

630 4105 1010 4177 patrimonium
1032 4101 1244 4155 alterius
1266 4100 1543 4165 minuant,
1568 4097 1654 4150 di-

627 4184 675 4238 ci
689 4224 704 4250 ,
730 4186 965 4235 devorare
982 4220 996 4244 ,
1020 4183 1275 4234 comedere
1299 4195 1423 4229 eum
1440 4216 1454 4241 ,
1485 4194 1651 4228 etsu-

621 4283 740 4333 gere
762 4260 874 4329 eius
891 4266 1266 4329 sanguinem—
1277 4260 1496 4324 Pingues
1513 4275 1651 4307 san-

622 4347 775 4410 quiue
792 4338 975 4393 melius
994 4356 1153 4407 quam
1167 4375 1181 4401 ,
1189 4344 1371 4401 pastos
1385 4338 1649 4401 sanguine,

1767 1570 1909 1641 quod
1926 1571 2008 1624 alii
2024 1571 2223 1627 habent
2241 1596 2254 1637 ς
2276 1574 2533 1629 Horatius
2547 1616 2562 1642 ,
2585 1578 2665 1643 11,
2687 1577 2795 1632 Od.

1767 1669 1833 1722 ²9
1847 1689 1862 1715 ,
1875 1656 2123 1717 sanguine
2129 1657 2336 1719 pinguis
2351 1672 2641 1720 campus.—-
2652 1659 2797 1708 Visa·

1764 1747 1859 1796 que
1888 1729 2090 1795 dejeci5
2134 1730 2387 1785 Heinsius
2418 1733 2566 1786 malit
2598 1735 2796 1800 disjeci.

1767 1805 1891 1858 Non
1913 1805 1950 1858 ii
1972 1825 2154 1860 sumus
2170 1809 2260 1876 qui
2281 1809 2592 1876 iudicemus,
2610 1821 2794 1863 utrum

1765 1886 2093 1954 prestantius
2114 1888 2350 1956 germani
2373 1888 2539 1942 critici
2561 1928 2576 1951 ,
2617 1908 2683 1940 an
2713 1909 2793 1940 ro·

1762 1963 1909 2016 mani
1949 1974 2119 2033 poetae
2151 1965 2418 2031 verbum3
2457 1967 2642 2021 saltem
2679 1988 2789 2021 non

1763 2060 2039 2110 possumus
2069 2062 2178 2094 non
2210 2042 2388 2097 dolere
2419 2053 2528 2097 tam
2560 2046 2789 2114 sagacis-

1761 2120 1958 2173 simum
1974 2121 2147 2173 virum
2165 2122 2448 2176 Heinsium
2470 2125 2654 2194 saepius
2676 2136 2793 2178 tex-

1730 2257 1735 2266 ,
1763 2211 1879 2254 tum
1902 2202 2183 2256 deturbare
2203 2243 2218 2270 ,
2249 2215 2310 2257 ut
2333 2225 2470 2258 nova
2492 2246 2507 2272 ,
2543 2207 2656 2260 sine
2682 2208 2791 2261 ullo

1761 2279 2005 2334 codicum
2029 2301 2288 2335 consensu
2307 2323 2321 2350 ,
2350 2284 2564 2351 injiciat.
2590 2289 2691 2339 Ed.

1835 2378 1942 2432 ¹97·
1969 2361 2168 2424 Moles-5
2196 2362 2399 2430 primus
2415 2361 2674 2417 Gronovii
2694 2406 2708 2432 ,
2735 2376 2790 2419 et

1763 2438 1908 2508 prior
1933 2439 2257 2509 Twisdenii,
2285 2447 2463 2510 pestes.
2502 2443 2792 2514 Sophocles

1761 2536 1826 2572 ex
1855 2519 2296 2589 interpretatione
2328 2520 2601 2578 Ciceronis
2626 2565 2640 2592 ,
2674 2548 2700 2573 α
2733 2526 2788 2581 Ο

1764 2620 1793 2645 »
1817 2609 2031 2669 pectora
2054 2642 2068 2662 ‚
2108 2620 2141 2653 o
2174 2611 2320 2671 terga
2345 2642 2360 2667 ,
2400 2622 2434 2655 o
2468 2602 2787 2659 lacertorum

1764 2698 1791 2724 ›-
1818 2678 1952 2731 tori!
1991 2681 2261 2733 Vestrone
2297 2700 2479 2751 pressu
2516 2684 2787 2750 quondam

1764 2781 1791 2807 ›·
1818 2761 2098 2815 Nemeaeus
2110 2760 2193 2813 leo
2204 2761 2456 2816 frendens
2468 2762 2666 2818 efflavit
2676 2786 2786 2836 gra-

1761 2860 1790 2886 »
1817 2839 1954 2893 viter
1972 2849 2268 2893 extremum
2285 2840 2506 2894 halitum
2528 2842 2553 2894 ?
2575 2866 2669 2888 ιι-
2679 2847 2789 2897 Mo-

1758 2919 1835 2970 les
1859 2921 2093 2970 Nemeen
2116 2959 2129 2977 ,
2162 2928 2336 2972 vastus
2370 2918 2454 2972 leo
2491 2921 2785 2977 Nemeaeus.

1764 2992 2000 3061 Curtius,
2018 2994 2177 3061 Vlll,
2194 3012 2319 3061 xnl,
2342 3001 2660 3069 imag-entes
2673 3021 2786 3051 vas-

1757 3079 1917 3125 torum
1939 3093 2195 3142 corporum
2213 3078 2382 3127 moles.
2406 3074 2785 3143 Statiusfl'heb.

1759 3148 1841 3203 vl
1865 3190 1880 3217 ,
1907 3151 2004 3204 835
2023 3191 2038 3218 ,
2063 3153 2317 3205 Herculea
2337 3172 2436 3206 non
2458 3158 2588 3206 mole
2609 3160 2785 3207 mehor.

1760 3227 1910 3282 Livio
1926 3270 1941 3296 ,
1963 3229 2050 3283 lib.
2076 3229 2241 3294 XXI,
2268 3251 2357 3296 αα,
2381 3236 2538 3285 moles
2560 3243 2639 3286 est
2658 3252 2784 3286 ser-—

1756 3325 1888 3376 pens
1915 3306 2142 3377 ingentis
2168 3309 2565 3379 magnitudinis.
2593 3312 2782 3381 Virgil.

1759 3384 1973 3440 AEneid.
1999 3386 2082 3440 111
2100 3426 2115 3453 ‚
2140 3386 2272 3453 656,
2298 3399 2451 3441 uasta
2467 3388 2781 3462 Polyphemi

1755 3469 1927 3519 moles.
1958 3464 2282 3521 Claudianus
2302 3509 2318 3535 ,
2345 3467 2402 3521 in
2437 3469 2656 3540 Eutrop.
2690 3471 2776 3538 11,

1756 3545 1851 3615 377
1871 3585 1885 3610 ,
1902 3564 2083 3598 crassa
2101 3549 2233 3598 mole
2252 3548 2345 3598 leo.
2370 3547 2601 3602 Pessime
2619 3549 2781 3619 igitur

1754 3624 1970 3678 Safftius
1997 3642 2010 3677 ε
2046 3625 2232 3677 Haben
2267 3628 2411 3678 nicht
2448 3631 2587 3680 diese
2620 3629 2780 3681 Arme

1737 3704 1899 3770 senen
1926 3704 2115 3755 Damm
2128 3744 2140 3764 ,
2169 3706 2260 3755 der
2290 3706 2387 3756 den
2417 3707 2657 3773 Eae'ngang
2688 3710 2781 3759 des

1752 3784 2116 3835 Nemaetltchen
2150 3783 2225 3834 W
2213 3786 2360 3836 aldes
2376 3795 2657 3850 versperrte,
2676 3806 2779 3837 ser·

1750 3864 1913 3913 tinen
1939 3864 1969 3916 ?
2001 3861 2128 3914 Post
2149 3859 2292 3915 hunc
2314 3881 2527 3915 versum
2549 3863 2676 3915 olim
2699 3865 2777 3917 le-

1751 3941 1970 4011 gebatur
1992 3940 2107 3995 bic:
2136 3944 2283 3995 Ceus
2305 3952 2359 3994 et
2376 3944 2670 3995 horrendum
2690 3945 2779 3996 Tt-

1749 4024 1920 4073 berino
1955 4026 2149 4088 gurgite
2197 4019 2221 4090 (
2248 4031 2339 4074 aut
2377 4026 2525 4074 litore
2548 4023 2568 4086 )
2593 4042 2771 4075 mons-

1746 4107 1876 4151 trum
1896 4139 1909 4160 ,
1957 4117 2116 4168 quem
2148 4098 2397 4168 expunxit
2434 4099 2727 4168 Naugerius
2757 4140 2772 4166 ,

1748 4179 1869 4247 quia
1893 4178 1946 4230 in
1971 4178 2210 4247 plurimis
2233 4179 2460 4249 antiquis
2483 4179 2629 4233 MSS
2660 4198 2773 4232 non

1744 4256 2021 4325 reperitur.
2033 4257 2332 4308 —Versum
2353 4256 2511 4310 istum
2538 4276 2648 4309 non
2674 4276 2769 4309 ac—

1746 4345 2002 4403 ceperunt
2026 4334 2191 4390 nostri
2221 4335 2389 4406 Regii.
2422 4337 2524 4389 Ed.
