3185 5138
707 547 1765 622 METAMORPHOSEON
1812 550 2015 618 LIB.
2066 550 2160 618 X.

348 699 530 771 Dum
567 694 739 769 ferat
774 712 841 768 et
871 694 1252 794 Myrrham!
1295 692 1461 802 tanti
1496 719 1666 764 nova
1699 719 1839 763 non
1876 690 2001 764 fuit
2037 690 2280 765 arbos!

2377 549 2499 616 185

2404 712 2503 764 310

349 815 505 913 Ipse
539 828 741 907 negat
772 809 1082 883 nocuisse
1123 810 1247 883 tibi
1283 838 1399 883 sua
1435 808 1563 882 tela
1602 807 1867 909 Cupido
1888 862 1907 893 ‚

355 930 677 1029 Myrrha3
715 928 1019 1028 facesque
1056 956 1211 1001 suas
1241 957 1276 1001 a
1311 928 1583 1000 crimine
1616 926 1906 1000 vindicat
1935 926 2086 1000 isto.

352 1047 597 1147 Stipite
634 1064 697 1119 te
730 1045 961 1146 Stygio
984 1100 1002 1131 ,
1043 1043 1470 1144 tumidisque·
1491 1042 1756 1117 adflavit
1788 1042 2147 1130 Echidnis‚

353 1165 413 1236 E
452 1162 669 1235 tribus
705 1189 836 1235 una
873 1188 1109 1233 soror:
1142 1159 1359 1234 scelus
1393 1180 1495 1234 est
1529 1160 1754 1234 odisse
1788 1178 2130 1261 parentem
2162 1189 2178 1233 :

355 1277 489 1377 Hic
522 1306 709 1351 amor
740 1294 841 1350 est
878 1276 1035 1348 odio
1072 1276 1286 1375 majus
1324 1275 1537 1350 scelus
1571 1307 1586 1348 1
1625 1276 1922 1378 undique
1959 1275 2114 1349 lecti

2405 1298 2503 1351 315

353 1397 450 1469 Te
488 1394 770 1495 cupiunt
802 1421 1150 1494 proceres;
1181 1411 1456 1494 totoque
1493 1393 1772 1468 Oriente
1802 1394 2116 1493 juventus

354 1584 622 1635 Panchaia
649 1581 807 1634 etiam
833 1580 1073 1634 Tibullus
1091 1620 1106 1647 ,
1136 1580 1220 1633 III
1237 1618 1252 1645 ,
1289 1596 1335 1631 11
1358 1619 1373 1647 ,

353 1659 449 1722 233
473 1661 632 1711 Dives
654 1660 859 1720 Arabs,
891 1659 970 1712 IV
989 1698 1004 1725 ,
1031 1674 1075 1709 11
1096 1697 1110 1724 ,
1147 1659 1206 1710 18
1229 1677 1242 1720 ;
1272 1659 1377 1709 Tu-

349 1739 518 1806 re‘sere‘s
531 1741 797 1791 Panchaia
804 1742 1011 1807 pinguis
1027 1742 1214 1799 arcmk,
1237 1737 1374 1807 apud

355 1817 635 1886 Virgilium
662 1857 676 1882 ,
704 1816 899 1887 Georg.
925 1818 978 1871 ll
999 1856 1014 1883 ,
1051 1817 1156 1888 ¹39·
1189 1816 1259 1869 Et
1277 1816 1375 1869 illae

355 1895 593 1948 Arabum
634 1895 824 1948 divitiae
871 1897 892 1962 (
916 1895 981 1948 de
1014 1895 1200 1964 quibus
1234 1896 1373 1948 cons.

356 1974 706 2039 Claudianus,
729 1976 891 2045 Nupt.
913 1976 1060 2027 11011.
1083 1994 1148 2046 9²
1161 1993 1260 2043 sqq
1279 1974 1298 2038 )
1317 1973 1371 2025 in

354 2055 694 2123 proverbium
718 2055 976 2107 abierunt.
1002 2055 1141 2107 Tam
1164 2056 1219 2107 in
1244 2055 1374 2106 Ara-

353 2133 456 2198 bia,
476 2133 700 2202 quamin
721 2134 976 2186 Armenia
993 2143 1046 2186 et
1065 2131 1246 2185 Media
1261 2151 1374 2185 nas·

354 2211 570 2264 cebatur
590 2232 853 2274 amomum,
877 2211 1076 2265 fruticis
1092 2208 1296 2262 odorati
1319 2219 1374 2262 et

356 2310 479 2345 uvas
502 2291 720 2344 serentis
744 2310 911 2360 genus
933 2311 947 2353 ;
972 2290 1176 2343 Plinius
1194 2328 1209 2355 ,
1236 2289 1375 2354 xil,

361 2370 421 2423 13
444 2390 456 2423 :
490 2369 581 2423 sed
601 2370 805 2433 ,deinde
844 2369 909 2422 de
951 2368 1100 2422 omni
1141 2376 1375 2420 aromate

352 2449 559 2501 sincero
583 2447 782 2501 dictum
818 2447 973 2501 docet
1005 2444 1286 2499 Salmasius
1311 2442 1374 2495 ad

354 2528 522 2583 Solin.
544 2549 593 2599 p.
620 2528 1103 2595 284.—Ci1mamum
1125 2543 1236 2578 non
1260 2523 1379 2577 tulit

356 2608 549 2661 Arabia
571 2648 586 2675 ,
631 2607 724 2661 sed
762 2606 1057 2661 secundum
1099 2602 1333 2657 Plinium
1358 2642 1373 2669 ,

355 2687 500 2753 XII,
545 2706 605 2758 ¹9
624 2727 639 2751 ,
686 2688 749 2739 ab
778 2686 1114 2755 AEthiopibus
1144 2682 1321 2753 (sorte
1347 2702 1378 2734 a

354 2763 692 2834 Sinensibus)
712 2766 1053 2834 importatum
1072 2765 1386 2816 est.—Costi

353 2843 498 2896 radix
535 2854 588 2896 et
616 2844 739 2896 solia
775 2843 966 2896 eximio
1006 2842 1170 2895 odore
1195 2881 1210 2908 ,
1254 2840 1380 2894 111110

355 2923 503 2976 Indis
535 2923 593 2975 in
636 2922 868 2975 maximo
905 2921 1091 2991 pretio.
1133 2920 1376 2986 Plinius,

357 3000 466 3053 xll
483 3041 498 3065 ,
530 3021 606 3053 12.
620 3028 686 3039 —
708 3002 847 3052 Tura
861 2999 980 3053 solis
1001 2998 1220 3064 Sabaeis,
1241 2997 1382 3050 Ara-

354 3079 451 3132 bia
476 3079 671 3148 populo
694 3117 711 3144 ,
738 3097 979 3131 concessa
996 3116 1011 3142 ,
1052 3076 1295 3130 sudantia
1316 3094 1379 3128 ex

355 3159 628 3211 arboribus
644 3157 831 3211 incisis.
848 3157 1051 3210 Plinius
1072 3195 1086 3221 ,
1113 3156 1220 3210 ΧΠ
1238 3196 1249 3217 ,
1285 3157 1377 3220 14;

358 3237 545 3306 Virgil-
568 3236 762 3305 Georg.
790 3235 844 3290 ll
866 3274 881 3301 ,
927 3254 1034 3305 ¹¹7³
1072 3262 1140 3274 —
1163 3237 1335 3286 Hares
1360 3272 1376 3294 ,

356 3315 577 3385 plantas,
592 3316 821 3369 frutices.
843 3312 951 3366 Sed
977 3313 1156 3365 omnia
1174 3313 1256 3366 illa
1280 3313 1379 3365 bo-

356 3415 426 3448 na
448 3406 662 3465 superat
683 3394 812 3447 illud
836 3395 999 3446 nefas.
1025 3394 1149 3446 Non
1175 3401 1380 3461 poterat

354 3475 524 3528 acrius
540 3473 762 3527 aversari
781 3470 1021 3543 Myrrha
1045 3472 1297 3523 furorem.
1312 3495 1380 3510 -

356 3555 424 3608 111
444 3553 634 3606 Arabia
652 3552 811 3621 igitur
823 3560 1022 3602 mutata
1039 3559 1116 3602 est
1135 3547 1376 3621 Myrrha,

354 3642 410 3685 et
432 3631 556 3684 hine
582 3631 741 3684 etiam
760 3632 788 3683 s
786 3628 895 3699 ugit
912 3648 1043 3681 vers.
1060 3630 1172 3695 478.
1193 3631 1377 3696 Itaque

355 3729 455 3764 nec
495 3709 830 3781 Assyriorum
853 3747 868 3773 ,
914 3726 1015 3760 nec
1056 3705 1382 3778 Cypriorum

354 3809 445 3843 rex
469 3807 577 3842 esse
612 3788 782 3858 potuit
819 3785 1061 3858 Cinyras.
1088 3785 1382 3838 Glareanus

353 3869 645 3936 suspicatur
669 3908 683 3934 ,
736 3866 996 3939 Cinyram
1023 3866 1205 3935 Papho
1227 3865 1378 3918 fratri

325 3955 328 3956 ’
359 3944 528 4016 Cypri
550 3945 775 4014 irnperio
787 3944 994 3998 cessisse
1020 3944 1074 3996 in
1099 3944 1346 3996 Arabiam
1362 3981 1377 4009 ,

355 4023 448 4075 ubi
478 4022 756 4093 Myrrham
783 4023 1042 4092 genuerit.
1081 4021 1188 4075 Sed
1212 4041 1381 4091 quum

356 4101 680 4167 nesciamus,
716 4120 845 4170 quos
878 4112 1117 4154 auctores
1154 4099 1380 4153 Ovidius

355 4188 567 4233 secutus
592 4178 686 4243 sit,
714 4179 842 4231 nihil
867 4178 952 4232 hic
976 4188 1121 4231 certo
1144 4176 1244 4229 11101
1271 4195 1380 4245 po-

357 4266 474 4309 test.
521 4257 588 4309 ln
618 4255 819 4309 Libano
844 4267 1026 4310 monte
1052 4275 1170 4309 eam
1199 4267 1378 4308 natam

357 4352 489 4402 esse,
504 4343 686 4388 auctor
698 4344 775 4389 est
794 4334 1101 4389 Antoninus
1112 4331 1379 4388 Liberalis.

1543 1582 1602 1635 31
1619 1603 1660 1635 ι.
1697 1585 1815 1652 Ipse
1840 1594 1991 1651 nega!
2009 1587 2259 1637 nocuisse.
2290 1582 2502 1652 Turpi-

1475 1662 1718 1717 tudinem
1745 1664 1889 1717 istius
1912 1665 2106 1717 amoris
2130 1662 2359 1716 ostendit
2380 1664 2501 1733 pri—

1476 1762 1626 1795 mum
1645 1763 1705 1795 011
1721 1744 1834 1812 ejus
1844 1743 2044 1813 origine
2066 1782 2081 1809 ,
2112 1753 2225 1795 tum
2242 1762 2338 1811 per
2349 1761 2501 1807 com-

1475 1822 1802 1892 parationem
1820 1841 1940 1875 cum
1953 1821 2078 1874 odio
2093 1822 2342 1891 parentis,
2357 1820 2504 1873 deni·

1475 1919 1576 1969 que
1591 1920 1653 1952 ex
1670 1900 1868 1953 insania
1886 1899 2100 1971 virginis
2115 1900 2170 1952 in
2188 1898 2501 1968 spernendis

1475 1979 1658 2047 procis.
1678 1979 1800 2031 Non
1819 1978 1902 2031 ille
1922 1997 2072 2030 amor
2090 1978 2314 2047 injectus
2335 1996 2363 2029 a
2388 1975 2503 2029 Cu-

1476 2057 1654 2127 pidine
1676 2097 1691 2121 ,
1735 2057 1825 2110 sed
1866 2057 1931 2110 ad
1974 2056 2159 2111 Furias
2193 2053 2503 2109 referendus

1480 2136 1591 2189 talis
1612 2136 1935 2189 surorzbene
1956 2134 2280 2205 Cupidinem
2302 2133 2505 2187 inducit
2556 2156 2565 2165 ‘

1478 2235 1533 2267 se
1567 2225 1899 2284 purgantem.
1954 2213 2108 2283 Apud
2137 2213 2412 2285 Hyginum
2448 2221 2503 2264 et

1473 2294 1709 2346 Lactant.
1734 2293 1787 2345 in
1818 2293 2036 2361 Argum.
2060 2291 2244 2344 Venus
2261 2292 2501 2344 immittit

1474 2370 1713 2443 Myrrhae
1739 2372 1909 2436 (sorte
1936 2370 2219 2423 Furiarum
2243 2370 2497 2423 ministe-

1473 2451 1574 2514 rio)
1591 2451 1747 2502 istum
1764 2450 2021 2512 furorem,
2039 2447 2179 2517 quod
2198 2458 2369 2500 mater
2383 2448 2499 2516 ejus
2554 2466 2557 2469 ’

1475 2545 1599 2580 ausa
1628 2536 1758 2580 esset
1787 2545 1840 2580 se
1866 2525 2111 2595 praeserre
2138 2524 2268 2578 Deae
2291 2546 2305 2588 ς
2341 2543 2499 2578 eam-

1474 2605 1705 2673 demque
1735 2605 2044 2675 opinionem
2077 2603 2239 2657 etiam
2267 2604 2460 2656 Noster
2481 2642 2496 2670 ,

1472 2704 1605 2738 vers.
1625 2687 1724 2750 524
1740 2723 1754 2750 ,
1772 2693 1980 2737 secutus
1996 2681 2499 2753 videtum—Myrrha

1475 2766 1539 2818 ab
1576 2764 1685 2818 aliis
1714 2773 1930 2817 vocatur
1964 2764 2201 2834 Smyrna.
2234 2782 2385 2816 031133
2420 2774 2502 2817 est

1473 2842 1605 2910 haec,
1627 2842 1747 2912 quia
1772 2844 1928 2895 arbor
1951 2842 2037 2894 illa
2056 2841 2254 2895 Grecis
2275 2852 2330 2895 et
2352 2847 2502 2919 μύῤῥα

1477 2932 1531 2975 et
1564 2928 1742 2996 σμύρνα
1766 2921 1919 2974 dieta.
1949 2920 2055 2974 Sed
2083 2921 2254 2974 Latini
2286 2922 2501 2975 malue-

1475 3011 1604 3053 runt
1627 3002 1837 3072 Myrrha
1858 3000 2081 3055 scribere
2102 3021 2115 3054 ε
2142 3000 2247 3053 vid.
2266 3001 2503 3055 Munke·

1475 3099 1564 3133 rus
1588 3078 1652 3131 ad
1682 3080 1882 3153 Hygini
1905 3080 2135 3133 sabulam
2163 3079 2499 3134 58.—-Gravis

1476 3160 1732 3230 oppositio
1749 3161 1803 3213 in
1826 3165 1943 3214 telis
1963 3164 2228 3229 Cupidine?
2251 3170 2305 3212 et
2327 3164 2505 3226 stipite

1475 3240 1663 3309 Stygio.
1686 3239 1950 3292 Junianus
1975 3249 2029 3291 et
2061 3237 2374 3292 Bersmanni
2398 3236 2502 3289 MS

1476 3316 1634 3371 habet
1648 3319 1828 3386 Su’pt'ie
1840 3321 1903 3369 dc
1917 3319 2175 3388 Stygia—
2184 3316 2505 3384 Tume’de'sque

1473 3398 1701 3463 afflavit.
1718 3396 1915 3465 Regius
1932 3405 1987 3447 et
2003 3394 2270 3447 Junianus
2284 3395 2360 3458 (et
2377 3410 2506 3444 nos-

1475 3482 1560 3526 ter
1575 3474 1621 3526 A
1640 3473 1858 3541 Regius)
1875 3477 2081 3526 tumidis
2094 3473 2206 3525 sine
2223 3489 2330 3539 que.
2346 3480 2404 3523 ut
2415 3471 2502 3536 sit,

1479 3550 1693 3604 tumidis
1729 3551 1794 3603 de
1835 3552 2007 3620 stipite
2036 3549 2288 3603 Echidnis
2311 3567 2324 3601 2
2349 3549 2505 3602 male.

1487 3631 1718 3682 Tume‘de’s
1733 3669 1745 3688 ,
1784 3628 1975 3681 scilicet
1998 3646 2224 3680 veneno.
2240 3628 2506 3696 —Aassa-

1477 3711 1553 3758 01'!
1571 3725 1677 3758 non
1703 3705 1801 3757 nisi
1826 3704 1891 3756 de
1917 3704 2168 3758 Echidnis
2189 3704 2288 3758 dici
2310 3716 2501 3774 potest,

1476 3784 1566 3840 sed
1592 3803 1742 3836 more
1768 3793 2245 3853 poetarummnum
2283 3784 2507 3837 verbum

1478 3862 1683 3914 duobus
1695 3861 1999 3913 nominibus
2010 3862 2201 3915 Noster
2214 3880 2503 3915 accommo-

1474 3941 1635 3995 davit.
1658 3940 1846 4009 Stipite
1874 3950 1927 3992 et
1951 3938 2148 3992 adflatu
2175 3939 2429 3992 Echiduae
2450 3949 2502 3993 te

1478 4020 1772 4072 vulneravit
1790 4059 1804 4084 ,
1821 4037 2058 4071 amorem
2077 4029 2230 4071 tuum
2247 4017 2502 4070 excitavit.

1478 4126 1544 4137 —
1555 4101 1609 4150 E
1618 4101 1779 4150 tribus
1793 4116 1897 4149 una
1912 4116 2067 4149 soror.
2086 4097 2211 4149 Una
2232 4115 2294 4148 ex
2314 4095 2505 4163 Furiis,

1480 4175 1792 4246 Tisiphone,
1812 4176 2011 4238 Alect0,
2029 4186 2118 4228 aut
2134 4176 2380 4245 Megaera.
2404 4178 2505 4227 Ed.

1547 4255 1662 4309 316.
1707 4256 1778 4307 Te
1813 4260 2024 4322 cupiunt
2045 4272 2289 4321 proceres.
2334 4253 2511 4306 Tanto

1482 4332 1660 4387 minus
1685 4332 1896 4387 veniam
1920 4331 2226 4386 merebatur
2242 4329 2468 4402 Myrrha
2489 4366 2507 4396 ,
