3185 5138
636 524 1676 595 METAMORPHOSEON
1728 529 1920 597 LIB.
1979 532 2170 600 XII.

2345 536 2469 603 351

341 668 482 741 Det
512 665 677 739 mihi
715 693 782 740 se
814 695 830 739 z
861 664 1012 740 saxo
1035 722 1054 754 ‚
1093 665 1338 768 triplici
1374 667 1536 770 quid
1572 669 1845 771 cuspide
1881 673 2128 772 possim
2152 730 2172 763 ‚

343 779 644 853 Sentiat:
675 797 741 852 at
776 779 1091 880 quoniam
1128 809 1513 856 concurrere
1549 786 1850 858 cominus
1879 783 2061 860 hosti

2370 810 2471 881 595

343 896 500 966 Non
534 891 729 967 datur
749 948 768 979 ‚
807 891 1065 966 occulta
1099 921 1223 967 nec
1258 897 1530 997 opinum
1566 896 1767 997 perde
1811 899 2065 995 sagitta.
2095 934 2131 967 »

347 1010 640 1097 Adnuit3
671 1029 866 1111 atque
903 1011 1124 1085 animo
1158 1013 1407 1113 pariter
1438 1032 1811 1116 patruoque
1844 1045 2100 1118 suoque

347 1126 581 1201 Delius
616 1126 1003 1223 indulgens»,
1041 1126 1290 1202 nebula
1320 1128 1571 1205 velatus
1606 1133 1677 1205 in
1709 1160 1946 1228 agmen

350 1241 656 1315 Pervenit
689 1240 961 1316 Iliacum
983 1299 1002 1329 ,
1038 1243 1382 1343 mediaque
1416 1244 1484 1317 in
1519 1244 1693 1320 caede
1728 1246 2021 1321 virorum
2094 1276 2101 1285 ¹

346 1358 523 1432 Rara
561 1385 681 1459 per
714 1358 985 1453 ignotos
1020 1377 1438 1459 spargentem
1472 1361 1679 1434 cernit
1712 1361 2007 1438 Achivos

2379 1391 2480 1444 Goo

348 1471 513 1546 Tela
545 1472 748 1546 Parin
778 1504 795 1547 :
833 1472 1175 1574 fassusque
1205 1474 1423 1549 Deum
1454 1504 1470 1548 ε
1506 1509 1539 1542 «
1575 1476 1766 1572 Quid
1797 1477 2049 1578 spicula
2083 1481 2305 1583 perdis

357 1621 393 1652 »
432 1587 766 1684 Sanguine
799 1587 1071 1689 plebis?
1100 1590 1191 1663 ait
1220 1620 1236 1664 ε
1267 1589 1323 1663 si
1361 1617 1491 1690 qua
1524 1608 1624 1664 est
1656 1591 1782 1664 tibi
1814 1619 1970 1667 cura
2002 1609 2268 1670 tuorum
2290 1654 2308 1685 ,

352 1737 389 1769 »
429 1706 704 1778 Vertere
738 1704 809 1778 in
841 1706 1157 1781 AEaciden
1180 1763 1200 1795 ‚
1237 1734 1572 1807 caesosque
1604 1705 1918 1782 ulciscere
1950 1709 2206 1788 fratres.
2244 1747 2283 1780 »ι

347 1820 579 1893 Dixit:
617 1839 684 1895 et
716 1822 1067 1896 ostendens
1102 1841 1499 1905 sternentem
1534 1825 1741 1898 Troia
1774 1824 1946 1900 ferro

352 1935 651 2035 Corpora
690 1934 962 2010 Peliden
982 1992 1002 2026 ‚
1037 1965 1226 2012 arcus
1259 1937 1549 2011 obvertit
1580 1936 1653 2011 in
1686 1936 1916 2027 illum,

2378 1965 2479 2019 605

351 2053 675 2153 Certaque
704 2051 959 2129 letifera
993 2054 1232 2129 direxit
1263 2054 1517 2159 spicula
1543 2052 1789 2130 dextra.

416 2243 528 2314 594.
542 2242 718 2296 Datse
730 2242 898 2309 alteri,
917 2244 1007 2313 qui
1031 2244 1079 2297 ei
1093 2244 1274 2297 obvius
1291 2243 1367 2297 fit.

350 2321 561 2373 —Faxo
573 2361 585 2381 ,
604 2329 657 2372 et
664 2319 842 2386 faxim
855 2322 1017 2391 antiq.
1035 2340 1130 2390 pro
1153 2320 1334 2375 saeiam
1351 2361 1367 2389 ,
1387 2329 1395 2339 “

351 2407 442 2449 aut
462 2395 691 2450 fecerim.
708 2427 774 2438 —
799 2400 1014 2452 Occulta
1035 2441 1049 2463 ,
1071 2401 1191 2468 quia
1213 2398 1369 2468 Apol·

351 2477 402 2530 lo
428 2478 616 2531 nebula
639 2479 836 2534 velatus
859 2499 969 2533 non
1005 2481 1333 2533 cernebatur.

410 2557 522 2630 596.
542 2559 701 2611 Perde
711 2564 932 2626 sagium·
953 2557 1202 2613 Cantabr.
1212 2560 1371 2626 prode

347 2641 540 2702 sagitta
564 2636 705 2705 quod
732 2636 929 2690 arridet
956 2636 1369 2690 Heinsio—Pa-

347 2723 480 2775 tmo,
516 2731 613 2782 pro
629 2717 846 2781 patrui(
867 2713 1009 2783 quod
1035 2713 1230 2769 babent
1256 2714 1370 2778 Re—

351 2791 455 2859 gii)
477 2829 492 2855 ,
517 2802 575 2844 ut
601 2791 713 2857 xl,
745 2793 875 2859 328,
896 2804 1083 2860 patruo
1104 2795 1276 2855 corde,
1313 2804 1369 2847 et

351 2869 431 2922 lv
460 2869 595 2923 Fast.
622 2873 683 2924 55
703 2909 719 2936 ,
744 2889 864 2924 ense
879 2879 1080 2939 patruo.
1115 2870 1368 2926 Libenter

350 2947 492 3001 enim
516 2948 701 3002 talibus
725 2968 834 3004 voc.
860 2949 1113 3017 adjective
1140 2960 1368 3005 utuntur

351 3035 548 3092 βοείας
584 3024 701 3078 vide
727 3025 996 3080 Drakenb.
1033 3026 1097 3080 ad
1134 3028 1324 3082 Silium
1347 3068 1365 3097 ,

355 3101 437 3156 111
455 3144 471 3169 ,
496 3101 590 3171 387
610 3122 622 3156 ε
642 3104 714 3158 sic
738 3104 872 3174 apud
894 3105 1148 3162 Nostrum
1164 3116 1369 3160 autum-

352 3199 467 3232 num
486 3178 660 3250 frigus
674 3222 688 3243 ,
723 3188 935 3236 maritus
963 3188 1123 3238 lectus
1146 3226 1160 3248 ,
1192 3185 1369 3254 infans

351 3278 529 3312 manus
546 3271 711 3313 etc.—
719 3263 910 3315 Am’mo
931 3267 1196 3331 indulgens
1208 3305 1221 3325 ,
1259 3263 1368 3317 ob-

353 3358 576 3407 sequens
600 3341 730 3394 irato
753 3341 974 3410 impetui
995 3343 1172 3395 animi.

418 3416 534 3469 Boo.
556 3420 699 3471 Rara
713 3439 808 3487 per
826 3426 1023 3486 ignotos
1050 3430 1145 3474 etc.
1176 3419 1370 3489 Dupli-

354 3495 483 3548 citer
506 3498 669 3567 tangit
689 3498 947 3568 ignaviam
971 3497 1173 3550 Paridis
1190 3537 1205 3564 ,
1225 3497 1369 3567 quod

353 3592 472 3624 ram
511 3574 613 3627 tela
646 3575 873 3644 spargit,
911 3586 963 3628 et
999 3575 1138 3643 quod
1180 3594 1240 3627 ea
1274 3593 1371 3643 per

357 3655 574 3718 ignotos,
593 3653 845 3723 ignobiles
859 3650 1010 3722 (vide
1027 3651 1091 3704 ad
1107 3651 1185 3705 lx
1199 3690 1214 3717 ,
1231 3650 1368 3722 669)

357 3731 575 3799 spargit:
594 3729 683 3783 sed
704 3730 823 3799 quia
841 3728 1114 3799 precedit,
1137 3732 1303 3780 media
1315 3734 1369 3782 in

358 3811 493 3860 cede
516 3813 731 3861 virorum
745 3849 757 3866 .
802 3818 857 3860 et
879 3808 999 3876 quia
1019 3806 1207 3875 Apollo
1228 3805 1372 3859 dolet

358 3883 577 3952 perdere
621 3905 745 3939 eum
786 3885 978 3954 spicula
1020 3883 1074 3935 in
1115 3883 1370 3952 sanguine

358 3962 519 4030 plebis
550 4002 565 4029 ,
609 3972 885 4031 propterea
924 3981 1042 4012 rara
1077 3963 1179 4011 tela
1219 3959 1368 4011 Bur-

357 4057 556 4092 manno
576 4058 684 4091 non
710 4037 928 4107 placent.
957 4037 1188 4106 Conjicit
1210 4055 1365 4104 ergo,

357 4136 527 4177 vana,
556 4116 608 4170 id
643 4127 721 4169 est
745 4156 761 4181 ,
808 4117 1010 4170 inutilia
1036 4156 1052 4183 ,
1088 4136 1147 4169 ex
1185 4115 1372 4184 quibus

357 4195 487 4249 nibil
513 4194 577 4249 ad
599 4213 862 4249 summam
885 4194 1006 4247 belli
1030 4193 1232 4247 redibat
1257 4193 1373 4246 uti-

357 4272 513 4327 litatis
531 4312 546 4339 ,
572 4273 692 4342 quia
707 4313 721 4339 ,
741 4273 856 4327 licet
880 4273 1053 4341 plures
1076 4281 1336 4325 sterneret
1354 4309 1368 4337 ,

1465 2241 1595 2298 dum
1640 2241 1868 2297 Achilles
1918 2253 2097 2296 tamen
2145 2259 2437 2315 superesset
2462 2290 2477 2314 ‚

1466 2332 1616 2374 metu
1648 2321 1779 2374 solvi
1813 2320 2033 2389 Troiani
2071 2340 2181 2374 non
2219 2334 2478 2392 poterant.

1465 2396 1701 2450 Florent.
1726 2396 1830 2450 MS
1850 2419 2012 2465 gnara
2028 2438 2043 2463 ,
2081 2399 2221 2468 quod
2260 2402 2481 2456 Heinsio

1466 2473 1724 2543 placebat,
1749 2474 1836 2543 qui
1857 2474 2321 2544 interpretabatur,
2342 2478 2481 2532 bene

1465 2572 1523 2606 ac
1561 2552 1725 2623 perite
1765 2561 1916 2605 torta.
1950 2553 2024 2606 At
2046 2553 2088 2608 si
2112 2553 2212 2610 hoc
2239 2554 2483 2613 voluisset

1464 2641 1619 2700 poeta
1634 2670 1650 2694 ,
1680 2629 1884 2686 dixisset
1907 2631 2045 2684 baud
2071 2631 2227 2686 dubie
2241 2646 2393 2687 certa.
2414 2663 2480 2676 -

1463 2710 1699 2776 Spargere
1719 2712 1846 2772 tela,
1890 2720 1945 2762 ut
1979 2730 2209 2778 spargere
2217 2712 2475 2783 salentina,

1465 2788 1489 2840 1
1508 2826 1524 2854 ,
1551 2788 1647 2840 253
1664 2809 1675 2851 ;
1694 2806 1930 2855 spargere
1944 2788 2330 2857 glandesfianda
2344 2792 2485 2861 apud

1466 2865 1825 2919 Claudianum
1845 2907 1860 2934 ,
1893 2868 2007 2923 Vll
2028 2908 2044 2936 ,
2074 2872 2155 2922 50.

1525 2943 1645 2998 θοι.
1669 2947 1862 2997 Fessus
1878 2946 2070 3007 Deum,
2098 2957 2374 3016 postquam
2396 2949 2483 3002 in-

1466 3022 1760 3093 dicaverat,
1785 3044 1839 3077 se
1861 3024 2039 3079 Deum
2058 3047 2165 3081 esse
2183 3069 2198 3096 ,
2223 3040 2282 3082 ut
2296 3029 2381 3085 111
2395 3070 2410 3097 ,
2429 3050 2480 3097 1,

1465 3115 1518 3158 et
1541 3104 1773 3177 pluribus
1794 3108 1932 3163 locis.
1953 3110 2127 3164 Etiam
2150 3111 2285 3181 apud
2306 3113 2484 3183 Virgi-

1461 3182 1590 3236 lium
1612 3223 1627 3250 ‚
1655 3185 1779 3238 AEn.
1808 3186 1921 3252 v1,
1943 3190 2003 3255 57
2022 3227 2037 3253 ,
2069 3187 2256 3257 Apollo
2282 3186 2483 3242 Paridis

1464 3261 1629 3314 telum
1651 3261 1826 3332 dirigit
1847 3263 1901 3316 in
1923 3265 2177 3318 Achillem
2191 3304 2207 3332 ,
2224 3263 2481 3332 quemad-

1465 3340 1686 3392 modum
1727 3341 1929 3394 Hector
1963 3342 2195 3395 moriens
2229 3340 2483 3411 predixe-

1462 3427 1559 3469 rat.
1587 3417 1857 3471 Homerus
1874 3458 1889 3485 ,
1916 3417 1975 3471 11.
2000 3428 2073 3484 X,
2095 3421 2221 3491 359,
2247 3422 2313 3472 ἔτι
2338 3422 2412 3472 κέν
2430 3442 2479 3473 σε

1466 3498 1611 3570 Πάρις
1641 3505 1720 3550 καὶ
1753 3502 1905 3556 0:160<
1931 3483 2148 3557 A'oeo'noev
2178 3498 2389 3549 ὅλίσωσιν
2420 3498 2486 3549 ι’νί

1462 3582 1658 3649 Σκαιῇσι
1682 3578 1890 3644 πύλῃσιν.
1915 3573 2067 3642 Apud
2096 3572 2365 3640 Quintum
2382 3571 2482 3627 Ca·

1462 3648 1589 3701 labr.
1615 3649 1731 3714 111,
1759 3650 1825 3702 60
1841 3667 1964 3717 sqq,
1992 3649 2184 3718 Apollo
2206 3650 2310 3718 ipse
2327 3689 2343 3716 ,
2367 3651 2481 3704 sine

1465 3725 1670 3779 Paridis
1690 3727 1982 3779 ministerio
2001 3766 2016 3793 ,
2044 3727 2286 3783 vuluerat
2304 3727 2481 3781 Achil·

1462 3801 1584 3855 lem.
1611 3803 1799 3857 Sumta
1825 3803 2029 3857 Paridis
2062 3803 2231 3856 forma
2268 3823 2395 3858 eum
2427 3803 2485 3857 id

1463 3880 1642 3934 secisse
1668 3881 1828 3935 tradit
1854 3882 2125 3954 Hyginus,
2153 3882 2255 3936 fab.
2297 3903 2404 3953 ¹⁰7·
2428 3884 2481 3938 Α

1463 3960 1575 4011 solo
1604 3959 1793 4012 Paride
1825 3979 1947 4013 eum
1976 3960 2235 4013 sublatum
2266 3979 2484 4014 memo-

1465 4047 1588 4089 rant
1615 4075 1630 4101 ,
1672 4039 1888 4090 remotis
1926 4037 2191 4108 figmentis
2232 4040 2479 4109 poeticis,

1465 4115 1634 4167 Dares
1665 4115 1948 4188 Phrygius,
1971 4136 2080 4186 cap.
2104 4119 2196 4183 35,
2222 4128 2275 4171 et
2298 4117 2481 4190 Dictys

1475 4193 1735 4264 Cretjv,
1757 4218 1876 4248 2.—
1892 4199 2108 4259 Vertere,
2137 4196 2357 4251 transfer
2381 4198 2482 4252 tela

1466 4282 1556 4325 tua
1576 4273 1641 4324 ab
1666 4273 1851 4334 istisin
1889 4273 2160 4329 AEaciden.
2183 4303 2249 4317 —
2275 4277 2479 4344 Spei-ula
