3185 5138
657 525 788 591 360

1198 528 1275 592 P.
1341 526 1708 594 OVIDII
1777 526 2233 596 NASONIS

659 665 906 740 Ultima
946 666 1057 767 qui
1096 667 1310 772 cepit,
1349 667 1858 770 detrectavitque
1896 670 2118 744 furore

663 782 971 856 Militiam
1009 784 1163 858 ficto
1203 814 1217 858 ε
1258 786 1465 860 donec
1495 784 1827 860 sollertior
1862 784 1993 860 isto
2015 842 2034 874 ‚

662 898 790 972 Sed
825 901 955 972 sibi
988 900 1326 987 inutilior,
1363 903 1576 977 timidi
1614 917 1977 977 commenta
2012 901 2248 976 retexit

658 1017 1062 1118 Naupliades
1092 1020 1331 1108 animi,
1367 1022 1698 1121 vitataque
1733 1018 1932 1094 traxit
1954 1019 2030 1091 in
2065 1019 2297 1091 arma?

664 1133 939 1233 Optima
974 1163 1149 1208 nunc
1183 1153 1431 1222 sumat,
1475 1135 1590 1235 qui
1624 1162 1877 1208 sumere
1912 1130 2135 1206 noluit
2166 1129 2301 1205 ulla
2330 1159 2348 1203 ε
2726 1151 2793 1218 4ο

660 1251 803 1322 Nos
841 1251 1260 1339 inhonorati,
1300 1270 1366 1324 et
1393 1251 1586 1325 donis
1623 1248 2035 1350 patruelibus
2069 1246 2256 1335 orbi,

667 1368 1056 1442 Obtulimus
1087 1371 1201 1470 qui
1241 1399 1368 1444 nos
1402 1370 1485 1442 ad
1519 1369 1732 1470 prima
1765 1365 2085 1468 pericula,
2122 1366 2346 1438 simus.

664 1488 886 1586 Atque
919 1484 1170 1560 utinam
1202 1506 1317 1561 aut
1353 1515 1545 1561 verus
1570 1487 1760 1560 furor
1788 1484 1897 1559 ille
1919 1540 1938 1571 ,
1970 1501 2085 1557 aut
2120 1482 2408 1557 creditus
2442 1500 2652 1570 esset3

663 1600 799 1675 Nec
837 1630 1053 1675 comes
1091 1602 1199 1675 hic
1236 1602 1558 1703 Phrygias
1595 1630 1886 1702 unquam
1922 1600 2207 1675 venisset
2238 1599 2322 1673 ad
2356 1627 2534 1674 arces

667 1721 992 1793 Hortator
1026 1718 1382 1794 scelerum!
1417 1749 1553 1793 non
1588 1738 1689 1808 te,
1724 1718 2024 1793 Poeantia
2064 1716 2322 1818 proles,
2726 1737 2792 1805 45

669 1905 847 1943 versus
895 1890 1156 1957 Troianos
1212 1889 1629 1959 proficisceretur
1667 1911 1681 1952 ς

672 1969 975 2033 Homerus,
1010 1966 1115 2021 od.
1139 1977 1189 2021 Ω.
1205 2006 1220 2032 ,
1258 1988 1275 2020 ι
1291 1987 1364 2038 ¹9·
1388 1966 1566 2032 Idem,
1591 1966 1683 2021 sed

669 2045 937 2098 obscurius
965 2084 980 2110 ,
1029 2044 1201 2116 Ulyssi
1256 2046 1501 2114 objicitur
1545 2045 1683 2115 apud

673 2123 940 2192 Quintum
985 2122 1190 2176 Calabr.
1237 2124 1345 2196 193.
1379 2122 1486 2176 Sed
1512 2134 1684 2177 totum

669 2200 770 2253 boc
806 2200 981 2269 tragici
1017 2211 1132 2270 post
1173 2202 1470 2254 Homerum
1504 2201 1684 2254 finxe—

669 2288 797 2330 runt
828 2318 843 2343 ,
889 2289 1141 2332 monente
1181 2279 1339 2331 etiam
1382 2277 1640 2331 Cicerone
1668 2316 1684 2343 ,

674 2355 830 2409 Offic.
853 2356 934 2409 Ill
955 2396 968 2418 ,
996 2358 1056 2407 26
1072 2396 1084 2420 ,
1108 2356 1192 2408 ubi
1218 2356 1282 2408 de
1303 2354 1575 2409 honestate
1595 2355 1687 2407 bu-

673 2435 756 2501 ius
792 2434 991 2486 consilii
1019 2433 1263 2502 disputat.
1299 2434 1502 2487 Ibidem
1528 2432 1688 2485 babes

674 2511 769 2565 hoe
809 2511 950 2564 idem
984 2512 1183 2564 crimen
1221 2530 1250 2563 a
1287 2521 1441 2581 poeta
1469 2510 1688 2580 antiquo

672 2599 966 2642 tractatum.
990 2617 1057 2631 -
1082 2591 1367 2648 Sollertior,
1412 2588 1645 2641 callidior
1671 2609 1685 2651 ς

679 2667 915 2735 Quintus
954 2666 1129 2720 Calah.
1161 2683 1254 2738 199
1272 2705 1287 2731 ,
1321 2669 1364 2725 ἲς
1392 2670 1466 2721 σίο
1494 2670 1692 2742 φίρτφος

675 2752 771 2800 reae
796 2755 878 2820 βίῃ
912 2754 991 2800 καὶ
1018 2748 1189 2819 Rhype-n
1217 2751 1372 2821 βουλῇ.
1391 2771 1456 2782 -
1479 2745 1698 2796 Sedsibt’

675 2834 770 2875 etc.
784 2825 1001 2876 sednon
1023 2822 1120 2875 nisi
1140 2842 1273 2874 unus
1291 2820 1529 2874 Leidens.
1547 2819 1688 2873 unde

675 2903 859 2954 sumsit
882 2901 1129 2953 Heinsius
1145 2938 1159 2965 ,
1191 2899 1280 2968 qui
1298 2899 1443 2952 malit
1470 2901 1570 2963 At,·
1587 2916 1690 2951 τε·

680 2979 778 3032 teri
803 2978 827 3047 (
852 2988 904 3030 et
930 2977 1081 3046 Regii
1105 2977 1307 3031 codices
1329 2979 1349 3041 )
1380 2979 1465 3029 Et.
1493 3005 1557 3015 —
1583 2978 1699 3029 Sibi

675 3059 925 3111 mutilior.
961 3072 1067 3106 suae
1091 3054 1242 3107 saluti
1278 3054 1454 3106 minus
1487 3073 1689 3107 consu·-

678 3133 820 3195 lens;
849 3132 963 3185 vide
988 3131 1052 3184 ad
1069 3152 1140 3185 vs.
1161 3135 1240 3204 59.
1256 3159 1320 3172 -
1344 3135 1624 3200 Vt'tataque.
1645 3170 1656 3182 .
1677 3167 1691 3184 .

675 3221 728 3267 ia
742 3233 886 3266 arma
901 3229 918 3269 ,·
951 3211 1159 3280 plurimi
1164 3214 1436 3279 jurataque
1447 3216 1608 3264 traxit
1621 3216 1699 3264 ad

674 3309 852 3352 arma,-
879 3288 984 3341 duo
1005 3293 1270 3356 e'noitaquc.
1304 3288 1452 3357 Regii
1488 3288 1691 3343 codices

678 3373 935 3438 vitataque
1041 3370 1118 3420 ad
1132 3387 1277 3420 amm
1289 3384 1307 3431 ,·
1339 3366 1491 3422 lectio
1509 3369 1691 3435 jurala

677 3449 887 3502 videtur
910 3445 1209 3501 emendatio
1225 3485 1239 3512 ,
1267 3457 1485 3515 ortaque
1509 3465 1538 3499 e
1561 3447 1689 3500 vitio

677 3527 945 3597 scripture
974 3525 1161 3579 codicis
1198 3525 1448 3594 alicujus,
1488 3525 1540 3577 in
1584 3545 1690 3595 quo

674 3611 840 3658 vitata
870 3614 982 3657 erat
1010 3603 1258 3673 scriptum
1286 3642 1301 3669 ,
1340 3603 1487 3656 litera
1513 3613 1537 3655 t
1555 3602 1689 3656 male

677 3681 902 3736 formata
921 3703 934 3744 ;
951 3682 1047 3735 nisi
1069 3684 1226 3736 etiam
1243 3692 1356 3734 orta
1376 3682 1442 3734 sit
1460 3701 1488 3733 e
1505 3679 1691 3734 sabulo

684 3761 885 3833 Hygini
921 3760 1100 3814 ultima
1132 3761 1303 3831 phrasi
1329 3779 1484 3830 supra
1504 3760 1690 3814 citata:

675 3843 994 3893 simulatione
1014 3843 1241 3908 deposita
1256 3880 1268 3901 ,
1302 3845 1433 3891 inter
1445 3838 1693 3903 conjura-

679 3928 759 3972 tos
783 3924 912 3973 mni.
944 3917 1220 3987 Quidquid
1249 3918 1348 3983 sit,
1384 3934 1495 3969 non
1525 3916 1693 3986 placet

679 3988 762 4050 bic
774 3997 958 4062 J’eerata
976 4016 1121 4049 arma
1136 4005 1348 4068 propter
1367 4014 1473 4063 seq.
1485 3995 1694 4062 lineatus

678 4076 734 4124 in
753 4093 922 4134 arma,
955 4094 1024 4127 vs.
1052 4079 1129 4129 50.
1155 4075 1381 4126 Ed.-!n
1405 4092 1547 4126 arma
1570 4075 1592 4141 (
1611 4073 1693 4127 vel

680 4154 757 4202 ad
772 4150 951 4221 arma)
981 4154 1172 4205 trabere
1188 4192 1201 4214 ‚
1237 4171 1418 4206 wear-e
1436 4191 1452 4213 ‚
1488 4156 1656 4206 unite
1668 4191 1683 4217 ,

679 4234 868 4283 mittem
889 4241 1067 4283 amant
1096 4240 1277 4300 poetae.
1301 4258 1368 4271 —
1394 4226 1692 4283 Commode

681 4309 737 4362 in
757 4328 871 4363 rem
884 4328 1034 4364 suam
1049 4310 1216 4366 utitur
1231 4308 1315 4362 illa
1329 4308 1661 4363 simulatione
1673 4347 1691 4376 ,

1786 1894 1991 1957 Optima
2010 1907 2141 1943 nnnc
2159 1897 2329 1942 suma!
2347 1898 2445 1942 etc.
2464 1888 2650 1956 quibus
2672 1907 2793 1939 ver-

1779 1968 1856 2021 bis
1881 1967 2160 2036 indignitas
2175 1968 2250 2019 rei
2274 1986 2453 2020 rursus
2470 1966 2791 2035 exprimitur.

1778 2043 2134 2097 -Florentim
2149 2044 2203 2097 S.
2221 2044 2387 2096 Marci
2405 2043 2560 2095 habet
2581 2062 2695 2095 num
2710 2063 2791 2094 su·

1778 2133 1911 2183 mol,
1941 2145 2035 2194 per
2057 2125 2541 2194 interrogationem.
2559 2151 2626 2164 —
2645 2125 2791 2175 Iaho-

1777 2207 1948 2255 norati
1958 2244 1970 2261 .
1998 2201 2143 2254 nullo
2168 2202 2383 2270 praemio
2401 2199 2601 2253 adfecti.
2618 2228 2684 2240 —
2705 2202 2797 2253 Ad

1771 2285 1939 2346 primo
1950 2284 2181 2347 pericula
2205 2298 2298 2348 pro
2316 2318 2330 2344 ,
2367 2277 2521 2346 primi
2547 2277 2610 2330 ad
2639 2279 2792 2348 peri-

1781 2357 1894 2410 cula
1911 2396 1926 2423 ,
1955 2367 2010 2409 ut
2036 2377 2168 2410 vers.
2200 2358 2266 2410 36
2287 2396 2301 2422 ,
2333 2360 2509 2409 ultima
2539 2361 2634 2423 qui
2660 2360 2797 2424 cepi!

1782 2454 1878 2505 pro
1894 2475 1908 2500 ,
1934 2435 2162 2489 ultimus.

1847 2514 1925 2579 43.
1951 2514 2111 2565 Furor
2127 2514 2247 2579 1'lle‚·
2269 2530 2404 2564 unus
2432 2510 2635 2563 Heinsii
2644 2509 2799 2577 saror

1781 2595 1890 2653 illi,
1925 2587 2064 2660 quod
2099 2610 2208 2644 non
2243 2591 2504 2659 improbat
2530 2589 2799 2642 Burman-

1783 2687 1884 2721 nus
1900 2708 1914 2733 ,
1944 2668 2105 2720 modo
2126 2666 2408 2734 distinguas
2432 2675 2547 2735 post
2555 2664 2799 2731 sutor.—

1785 2748 1894 2798 Nec
1908 2765 2070 2798 comes
2082 2755 2179 2799 etc.
2202 2744 2389 2812 Quint.
2408 2743 2650 2808 Calaber,
2670 2746 2762 2816 ¹94
2779 2782 2795 2809 ,

1787 2826 1847 2882 ὦς
1869 2832 1934 2890 μὴ
1962 2830 2144 2895 ὥμιλες
2174 2825 2365 2877 inicam.
2401 2822 2543 2873 Tum
2580 2821 2795 2887 eadem,

1786 2919 1903 2968 qun
1934 2901 2017 2954 bic
2040 2940 2055 2965 ,
2095 2898 2329 2967 exempla
2363 2918 2799 2953 commemoran-

1788 2987 1903 3042 tur,
1939 2976 2240 3031 Pbiloctetae
2269 2986 2322 3029 et
2349 2976 2639 3030 Palamedis
2664 3015 2679 3041 ,
2706 2976 2797 3030 sed

1785 3055 1924 3123 iusto
1967 3054 2174 3107 brevius
2202 3094 2217 3120 ,
2259 3063 2313 3106 et
2356 3055 2468 3107 sine
2514 3053 2795 3108 affectuum

1786 3132 2157 3190 commotione.
2171 3158 2239 3172 ·-
2259 3134 2504 3185 Hortator
2520 3136 2761 3186 scelernm
2772 3173 2787 3194 ‚

1789 3209 2026 3281 Ulysses‚
2043 3229 2106 3262 ex
2125 3208 2309 3279 Virgil.
2329 3209 2456 3262 AEn.
2474 3210 2553 3262 Vl
2571 3249 2585 3274 ,
2607 3214 2797 3281 5²9·-.·

1786 3289 2209 3354 Paeantiaproles.
2238 3287 2551 3353 Philocteta,
2571 3288 2797 3341 Poeantis

1787 3366 1950 3431 filius,
1977 3367 2182 3435 sagittas
2203 3367 2266 3418 ab
2288 3365 2514 3418 Hercule
2533 3377 2799 3435 acceperat

1789 3445 1813 3514 (
1840 3445 1946 3509 IX,
1976 3447 2067 3497 232
2093 3445 2146 3509 ),
2176 3444 2362 3511 quibus
2386 3444 2667 3496 instructus
2700 3444 2798 3496 in-

1788 3522 1968 3576 terfuit
1986 3521 2118 3575 bello
2136 3522 2184 3574 T
2186 3522 2385 3590 roiano.
2405 3520 2509 3574 Sed
2530 3521 2584 3573 in
2610 3521 2796 3575 itinere

1788 3623 1849 3656 ex
1868 3603 2066 3656 colubri
2086 3621 2260 3655 morsu
2276 3602 2327 3654 in
2352 3602 2607 3655 insaniam
2621 3622 2793 3656 versus

1786 3683 1843 3738 in
1867 3683 2033 3737 insula
2055 3683 2259 3735 Lemno
2281 3703 2310 3736 a
2334 3681 2528 3735 Graeris
2555 3693 2632 3735 est
2664 3683 2791 3736 reli·-

1788 3775 1912 3818 ctus.
1938 3763 2113 3830 Huius
2142 3764 2217 3818 rei
2241 3764 2446 3832 culpam
2474 3763 2525 3816 in
2554 3763 2793 3834 Ulyssem

1787 3842 1990 3896 confert
2027 3843 2172 3911 Aiax.
2210 3842 2621 3912 Agamemnonis
2656 3842 2795 3908 iussu

1785 3921 1980 3975 sactum
2005 3939 2112 3974 esse
2141 3920 2299 3973 tradit
2324 3920 2568 3992 Hyginus
2591 3959 2607 3983 ,
2639 3917 2792 3972 fabul.

1796 4017 1930 4062 1023
1968 3998 2080 4051 sine
2122 3997 2283 4050 dubio
2321 4008 2548 4051 suaserat
2586 3996 2794 4069 Ulysses

1790 4074 2206 4144 Agamemnoni,
2226 4085 2283 4128 ut
2298 4075 2518 4146 juberet.
2532 4075 2658 4127 Jam
2672 4072 2794 4142 quid

1789 4153 1845 4206 in
1877 4153 1974 4206 hac
2005 4153 2171 4206 insula
2201 4172 2297 4222 per
2330 4155 2596 4224 integrum
2636 4170 2792 4222 prope

1791 4230 2106 4284 decennium
2146 4231 2438 4300 peregerit,
2475 4241 2792 4300 quantosque

1789 4308 2044 4364 cruciatus
2086 4307 2359 4379 pertulerit
2387 4347 2403 4375 ,
2448 4308 2679 4362 breviter
2716 4305 2793 4358 hic
