3185 5138
657 516 790 602 246

1220 518 1297 583 P.
1353 518 1705 584 OVIDII
1757 518 2216 589 NASONIS

657 658 943 730 Dextera
981 654 1211 751 Sigaei,
1247 655 1509 729 Rhoetei
1546 654 1703 729 laeva
1733 656 2050 757 profundi

657 776 794 847 Ara
829 773 1270 872 Panomphaeo
1303 791 1491 847 vetus
1526 791 1628 846 est
1662 791 1912 846 sacrata
1945 776 2258 848 Tonanti.

661 887 823 960 Inde
858 916 1041 960 novae
1077 887 1361 987 primum
1398 886 1611 961 moliri
1645 889 1884 963 moenia
1921 890 2138 988 Trojae

656 1005 1102 1081 Laomedonta
1141 1005 1356 1092 videt,
1396 1023 1830 1105 susceptaque
1863 1033 2096 1101 magna
2132 1003 2360 1079 labore

2694 1046 2792 1084 200

659 1123 967 1196 Crescere
1000 1120 1289 1207 difficili,
1326 1149 1445 1193 nec
1484 1149 1642 1221 opes
1677 1149 2025 1221 exposcere
2058 1149 2325 1220 parvas:

661 1238 965 1336 Cumque
999 1236 1422 1330 tridentigero
1460 1235 1694 1309 tumidi
1730 1237 2025 1330 genitore
2059 1235 2373 1336 profundi

656 1351 1010 1427 Mortalem
1044 1351 1342 1425 induitur
1370 1351 1689 1439 formam3
1727 1350 2150 1452 Phrygioque
2186 1369 2471 1451 tyranno.

655 1560 761 1602 tum
772 1552 961 1609 Helles,
978 1550 1403 1619 Hellespontum,
1419 1549 1674 1603 cuiTroas

655 1625 949 1694 adjacebat,
965 1628 1212 1680 consistit.
1224 1631 1371 1681 Helle
1383 1627 1491 1683 Ath
1498 1647 1673 1680 aman·

657 1705 722 1757 tis
752 1714 805 1757 et
831 1708 1069 1773 Nepheles
1097 1705 1202 1757 filia
1230 1744 1244 1769 ,
1284 1705 1458 1758 Phrixi
1486 1724 1670 1771 soror,

658 1801 773 1849 quae
790 1782 841 1833 in
857 1792 1069 1849 angusto
1083 1782 1169 1834 illo
1180 1782 1317 1834 sreto
1328 1783 1499 1852 periit,
1519 1783 1672 1851 eique

660 1879 857 1912 nomen
884 1858 1058 1920 dedit;
1087 1859 1437 1928 Apollodorus
1455 1899 1470 1926 ,
1496 1860 1578 1914 lib.
1608 1861 1632 1913 Ι
1654 1898 1671 1926 ,

661 1957 709 2005 p.
728 1938 822 2008 393
850 1936 1173 2006 Palaepbatus
1194 1978 1208 2003 ,
1231 1938 1311 1990 31.

731 2033 836 2084 ¹97·
863 2016 1087 2065 Dextera
1102 2016 1264 2081 Sz‘goee'.
1287 2015 1407 2066 Non
1433 2012 1585 2083 longe
1611 2014 1673 2066 ab

661 2091 758 2144 llio
780 2092 922 2143 sinus
949 2091 1160 2159 quidam
1194 2091 1521 2160 Hellesponti
1557 2092 1676 2144 litus

659 2169 979 2223 incurvabat.
997 2170 1073 2223 lbi
1086 2172 1295 2237 Sigeum
1312 2180 1364 2222 et
1383 2173 1667 2232 llhoeteum,

660 2247 766 2300 duo
795 2248 1153 2315 promontoria
1177 2267 1296 2300 cum
1323 2247 1524 2317 oppidis
1552 2267 1679 2318 cog-

660 2328 992 2392 nominibus,
1023 2346 1249 2395 quorum
1276 2326 1402 2380 illud
1429 2327 1675 2393 Achillis,

661 2407 757 2460 hoc
790 2408 963 2476 Aiacis
997 2407 1236 2476 sepulcro
1267 2419 1442 2476 postea
1475 2406 1678 2459 nobili-

661 2497 827 2539 tatum
859 2497 969 2546 est;
999 2485 1142 2538 Mela
1168 2487 1221 2550 1,
1253 2487 1324 2539 18.
1352 2485 1459 2538 Sed
1486 2485 1679 2538 Noster

661 2563 773 2618 loco
788 2563 1157 2634 promontorii,
1168 2561 1486 2631 profundum,
1507 2582 1677 2628 mare,

660 2642 946 2710 appellavit.
964 2670 1029 2681 —
1042 2644 1387 2708 Panomphaeo.
1405 2639 1551 2693 Olim
1571 2644 1680 2693 Pa-

657 2725 860 2787 nophoeo
874 2762 887 2780 ‚
916 2719 1055 2789 quod
1073 2721 1267 2789 Regius
1281 2731 1421 2773 recte
1439 2719 1678 2774 correxit.

656 2799 796 2851 —ln
817 2798 1006 2851 nostris
1023 2797 1198 2866 Regiis
1214 2801 1459 2862 Panopeo.
1476 2824 1544 2839 —
1557 2801 1678 2850 Pa-

657 2881 895 2944 nompheo
917 2878 954 2929 J
958 2877 1038 2928 ovi
1060 2877 1220 2930 etiam
1237 2875 1406 2931 Graeri
1428 2896 1569 2929 sarra
1588 2876 1677 2929 sa—

659 2955 806 3008 ciunt
833 2955 966 3024 apud
997 2956 1296 3007 Homerum
1317 2994 1332 3021 ,
1376 2954 1432 3008 ll.
1462 2965 1502 3009 θ
1526 2994 1541 3021 ,
1575 2958 1639 3022 48
1659 2994 1674 3021 ,

662 3034 749 3087 ubi
777 3033 1014 3086 Eustath.
1047 3037 1067 3088 ὅ
1089 3034 1238 3094 πάσης
1260 3044 1477 3100 μαντείας
1497 3041 1643 3094 αἴτιος
1659 3072 1674 3099 ,

656 3132 747 3165 seu
765 3111 950 3164 melius
966 3151 980 3177 ,
1015 3123 1072 3163 ut
1086 3111 1232 3179 origo
1251 3111 1386 3163 vocis
1403 3123 1674 3179 appareat,

661 3194 683 3246 ὖ
705 3201 862 3246 πασῶν
882 3191 1034 3260 δμῳῶν
1049 3196 1193 3247 αἴτιος
1207 3226 1222 3253 ,
1248 3188 1420 3240 omnis
1444 3189 1566 3240 artis
1585 3208 1679 3240 va-

657 3268 910 3324 ticinandi
950 3279 1132 3320 auctor
1161 3288 1176 3330 ;
1215 3267 1332 3320 vide
1374 3269 1570 3321 Potter.
1610 3267 1675 3320 ad

656 3346 918 3420 Lycophr.
939 3345 1187 3400 Cassand.
1205 3367 1334 3400 vers.
1351 3348 1397 3401 6.
1417 3346 1570 3400 Ordo
1585 3365 1674 3398 au·

656 3438 765 3481 tem
792 3427 1074 3479 verborum
1092 3436 1167 3478 est
1187 3424 1270 3478 hic
1289 3446 1300 3478 ;
1318 3427 1542 3478 Παίονα
1556 3445 1675 3494 pars

655 3507 812 3572 Sigei
821 3505 928 3559 sive
950 3508 1076 3556 lava
1093 3505 1394 3555 Rlucteiest
1406 3523 1499 3556 ara
1514 3544 1528 3564 ,
1556 3503 1604 3556 h.
1628 3522 1674 3556 e.

653 3582 712 3634 in
726 3582 906 3636 dextra
924 3593 1068 3650 parte
1085 3581 1237 3650 Siga-,i
1253 3591 1329 3634 est
1343 3601 1445 3634 ara.
1464 3582 1511 3635 U
1517 3581 1675 3634 trius-

655 3678 757 3726 que
778 3658 1126 3726 promontorii
1144 3658 1471 3711 mentionem
1494 3657 1580 3710 hic
1594 3656 1673 3710 sa·

654 3758 773 3792 cere
799 3738 977 3790 voluit.

723 3837 831 3889 ¹99·
845 3819 987 3868 Inde.
1008 3814 1244 3884 Quidam
1260 3815 1347 3885 (et
1364 3826 1543 3868 noster
1562 3815 1674 3868 Re-

650 3896 762 3964 gius
787 3893 875 3963 Α)
905 3896 1274 3946 Unda—Nova
1303 3894 1484 3959 Troja,
1514 3892 1671 3946 Ilium

650 3993 820 4042 nuper
835 3972 1110 4026 conditum
1130 3973 1192 4023 ab
1209 3972 1285 4024 llo
1303 4010 1318 4036 ,
1341 3971 1672 4023 Laomedon-

646 4052 710 4104 tis
736 4063 897 4118 patre.
921 4050 1075 4119 Apud
1103 4050 1480 4120 Apollodorum
1505 4049 1671 4104 muris

646 4129 863 4198 cingunt
891 4130 1225 4198 Pergamum.
1244 4132 1526 4186 —Molae'ri.
1562 4149 1669 4200 po-

649 4224 776 4259 nere
795 4244 810 4271 ,
837 4217 1113 4260 exstruere.
1147 4207 1420 4274 Virgilius,
1458 4206 1580 4259 AEn.
1612 4206 1666 4271 l,

648 4285 745 4351 423
763 4324 778 4351 ,
807 4305 934 4351 pars
964 4289 1140 4340 ducere
1171 4306 1334 4347 mms
1349 4326 1364 4350 ,
1401 4289 1672 4353 Mole’re'que

1769 1567 1946 1600 arcem.
1970 1574 2035 1586 —
2058 1547 2343 1612 susceptum
2371 1565 2511 1599 nunc
2538 1546 2787 1602 substan-

1771 1626 1873 1678 tive
1893 1665 1907 1690 ,
1935 1636 2180 1694 coeptum.
2202 1653 2270 1665 —
2289 1627 2535 1683 Crescere,
2562 1645 2788 1693 promo·-

1770 1702 1971 1755 veri.—
1990 1708 2089 1756 Nec
2107 1722 2240 1768 opes.
2265 1702 2571 1756 Basileensis
2585 1722 2680 1756 nec
2693 1723 2786 1758 res.

1770 1780 1999 1850 —Regii
2028 1780 2192 1832 nostri
2217 1799 2310 1833 nec
2331 1800 2463 1847 opes.

1838 1877 1951 1912 202.
1975 1861 2222 1913 Genitore.
2242 1858 2478 1926 Quidam
2498 1868 2684 1912 tectore
2699 1871 2788 1913 aut

1771 1939 2108 1989 dome‘lore.—
2124 1936 2272 2005 Regii
2297 1937 2458 1989 nostri
2480 1942 2709 2004 genitore.
2723 1966 2789 1978 —

1774 2016 1949 2069 Etiam
1967 2015 2101 2084 apud
2125 2015 2392 2068 Valerium
2408 2016 2667 2081 Flaccum,
2686 2016 2785 2081 JV,

1775 2097 1864 2163 571
1891 2133 1906 2160 ,
1934 2096 2212 2163 Neptunus
2225 2106 2376 2161 pater
2390 2102 2578 2159 marin
2602 2107 2654 2150 et
2671 2095 2787 2149 Sta-

1773 2173 1877 2225 tius
1903 2171 2030 2225 Ach.
2058 2173 2114 2238 l,
2145 2172 2205 2224 61
2227 2213 2241 2238 ,
2267 2179 2443 2239 magni
2466 2183 2628 2226 rector
2645 2179 2790 2240 geni-

1772 2261 1943 2320 torque
1955 2249 2210 2317 profundi.
2234 2251 2340 2304 Sed
2366 2252 2619 2319 quaeritur
2635 2291 2651 2318 ,
2683 2271 2788 2321 quo

1772 2346 1930 2381 sensu
1969 2328 2040 2380 ita
2084 2326 2300 2381 dicatur.
2343 2328 2685 2382 Burmannus
2723 2328 2784 2380 ad

1775 2405 2055 2473 Virgilium
2073 2443 2088 2471 ,
2115 2404 2314 2471 AEn.1,
2347 2409 2436 2458 155
2455 2445 2470 2471 ,
2489 2405 2627 2472 vult,
2647 2406 2787 2459 Deos

1774 2483 1873 2537 dici
1895 2503 2076 2537 earum
2100 2504 2281 2537 rerum
2301 2491 2549 2552 genitores
2564 2527 2577 2543 .
2604 2486 2789 2554 quibus

1773 2574 2016 2631 praesunt.
2058 2562 2327 2631 Improbat
2366 2583 2483 2617 eam
2527 2565 2785 2618 rationem

1774 2640 2017 2711 Heynius
2036 2652 2321 2710 monetque
2338 2682 2353 2707 ,
2370 2647 2608 2709 gem'tonlr
2625 2655 2678 2697 et
2697 2663 2791 2712 pa-

1770 2725 1863 2772 trelt
1884 2721 2098 2774 nomine
2116 2721 2350 2791 insigniri
2369 2723 2512 2776 Deos
2527 2723 2759 2776 seniores
2772 2761 2788 2788 ,

1772 2816 1892 2850 mox
1915 2810 1969 2852 et
1991 2819 2346 2868 quoscumque
2376 2801 2499 2854 alios
2514 2839 2529 2866 ,
2553 2800 2786 2869 nihilque

1772 2877 1910 2929 aliud
1952 2878 2229 2948 significari
2273 2880 2371 2932 nisi
2420 2877 2739 2933 venerabiles
2767 2918 2782 2943 ,

1771 2967 2066 3009 sanctos.—
2089 2959 2426 3025 Tn'dentigem
2457 2955 2592 3009 V111
2610 2994 2626 3021 ,
2658 2958 2783 3026 595,

1769 3034 2066 3101 tn'dentzser.

1838 3111 1948 3163 203.
1963 3114 2272 3182 Phrygioque
2292 3121 2501 3182 tyranno
2519 3120 2615 3163 etc.
2634 3107 2780 3163 Olim

1770 3184 2024 3240 edebatur
2044 3190 2359 3259 Phrygiaque
2373 3198 2585 3258 tyranno
2604 3189 2787 3256 zEdfi-

1769 3275 1858 3317 cat
1874 3286 2038 3318 muros
2055 3307 2067 3327 ,
2087 3277 2300 3344 pactus,
2332 3264 2543 3334 quidam
2559 3270 2786 3332 pecli.—

1772 3344 1966 3414 Regius
1986 3344 2166 3397 Codex
2186 3346 2232 3397 Α
2250 3383 2265 3410 ,
2281 3347 2599 3416 Phrygr'aeque
2611 3353 2784 3412 tyran-

1765 3442 1834 3475 no
1855 3426 2110 3492 edificari!
2125 3441 2291 3476 muros
2304 3462 2317 3483 ,
2334 3426 2511 3489 pacti,·
2542 3419 2723 3474 Codex
2738 3420 2782 3472 Β

1768 3498 1926 3553 habet
1952 3500 2231 3554 lectionem
2262 3499 2454 3552 datam.
2478 3525 2545 3539 --
2569 3497 2783 3552 Secun-

1768 3578 1896 3632 dum
1928 3580 2226 3633 Homerum
2244 3579 2440 3632 servire
2464 3598 2562 3647 per
2582 3595 2783 3629 annum

1767 3658 2114 3712 Laomedonti
2141 3659 2302 3711 coacti
2324 3668 2484 3723 sunt,
2511 3655 2653 3725 quod
2672 3656 2784 3707 Jo-

1765 3755 1883 3790 vem
1903 3738 2099 3790 vincire
2121 3735 2393 3788 voluerant
2411 3754 2424 3786 :
2442 3754 2611 3802 eoque
2633 3744 2782 3786 tem-

1764 3833 1890 3883 pore
1906 3816 2181 3883 Neptunus
2199 3814 2385 3866 urbem
2404 3823 2458 3865 et
2471 3830 2651 3864 muros
2664 3830 2784 3864 con·

1765 3891 1896 3945 didit
1928 3933 1943 3958 ,
1993 3891 2179 3961 Apollo
2223 3891 2380 3944 boves
2419 3890 2574 3959 pavit.
2624 3887 2783 3957 Apud

1765 3971 2146 4041 Apollodorum
2165 3970 2318 4022 ambo
2336 4009 2351 4035 ,
2370 3977 2453 4031 τὴν
2473 3970 2784 4032 Δαεμίὺντκ

1764 4057 1887 4126 xpm
1926 4051 2138 4125 terpsicore
2169 4053 2373 4107 θέλωσι-ες
2396 4085 2411 4112 ,
2465 4045 2783 4113 promittunt

1765 4131 1836 4183 ι’κί
1856 4137 2006 4198 pecto
2026 4138 2217 4193 τειχιεῖν
2240 4129 2289 4179 ro'
2309 4128 2366 4178 ni
2394 4147 2552 4190 γαμθν.
2579 4118 2781 4174 Confer

1763 4217 1817 4259 et
1831 4204 2124 4258 Hesiodum
2143 4202 2280 4271 apud
2296 4152 2468 4256 Sefuol.
2491 4196 2783 4270 Lycophro-

1762 4284 1875 4351 nis,
1902 4285 2015 4357 393.
2043 4311 2112 4325 —
2130 4286 2295 4338 Pac-lo
2328 4301 2464 4336 auro.
2504 4277 2746 4349 Hyginus
2765 4312 2782 4338 ,
