3185 5138
640 516 1672 626 METAMORPnosnoN
1724 554 1919 628 ΜΒ.
1983 562 2215 630 v111.

2403 565 2486 650 45

364 690 753 794 Vulgusque
785 720 1215 794 proceresque
1248 713 1555 789 gemunt3
1597 696 1944 798 scissaeque
1976 698 2248 801 capillos

367 796 782 904 Planguntur
810 827 1051 884 matres
1080 808 1514 911 Calydonides
1544 812 1870 885 Eveninae.

370 922 643 997 Pulvere
676 924 971 1004 canitiem
1007 925 1260 1019 genitor
1281 983 1300 1012 ‚
1332 924 1685 1027 vultusque
1717 926 1949 1002 seniles

368 1038 604 1114 Foedat
632 1038 818 1113 humi
849 1038 1037 1115 fusus
1063 1069 1080 1130 ;
1117 1041 1613 1141 spatiosumque
1642 1043 1932 1143 increpat
1964 1070 2187 1118 aevum.

369 1159 542 1234 Nam
577 1156 656 1229 de
685 1175 892 1231 matre
922 1185 1185 1245 manus,
1221 1156 1343 1230 diri
1372 1157 1501 1232 sibi
1536 1158 1790 1231 conscia
1824 1157 2010 1247 facti,
2387 1182 2485 1235 530

372 1272 616 1365 Exegit
644 1299 909 1371 poenas,
943 1290 1091 1345 acto
1121 1300 1239 1373 per
1267 1272 1509 1347 viscera
1542 1271 1736 1345 ferro.

375 1389 533 1461 Non
568 1386 733 1460 mihi
766 1389 822 1462 si
857 1405 1114 1462 centum
1146 1390 1328 1463 Deus
1362 1416 1475 1462 ora
1509 1389 1801 1462 sonantia
1831 1387 2106 1484 linguiS‚

378 1504 851 1604 Ingeniumque
886 1531 1085 1605 capax
1106 1560 1123 1592 ‚
1163 1521 1506 1606 totumque
1536 1503 1850 1579 Helicona
1883 1506 2199 1597 dedisset3

376 1617 629 1691 Tristia
661 1643 1081 1718 persequerer
1110 1617 1485 1693 miserarum
1522 1619 1696 1693 dieta
1726 1649 2061 1694 sororum:

377 1733 801 1805 Immemores
833 1731 1082 1806 decoris
1110 1730 1369 1808 liventia
1406 1751 1669 1835 pectora
1705 1735 2027 1823 tundunt;

2394 1760 2495 1815 535

380 1848 692 1947 Du'mque
719 1865 939 1921 manet
964 1875 1241 1949 corpus,
1279 1877 1521 1952 corpus
1550 1850 1972 1953 refoventque
1990 1909 2009 1941 ,
2043 1854 2422 1956 foventque:

377 2029 536 2099 primi
562 2027 812 2094 Palatini,
831 2039 884 2082 et
904 2028 1124 2083 aliorum
1144 2042 1387 2100 quatuor,

381 2108 614 2176 quicum
631 2107 687 2158 in
704 2108 940 2176 margine
957 2107 1273 2179 adscriptum
1296 2108 1393 2163 ha-

379 2185 511 2237 bent
533 2223 548 2250 ‚
594 2202 753 2252 quam
786 2194 1000 2253 propter
1031 2185 1286 2256 ingratam
1316 2197 1396 2242 τοῦ

373 2265 626 2329 paulatim
668 2260 1049 2331 repetitionem.
1071 2292 1138 2304 —
1165 2264 1393 2319 Versum

384 2360 546 2409 quem
568 2342 763 2411 respuit
789 2342 1038 2397 Heinsius
1053 2345 1247 2398 habent
1268 2365 1398 2400 nos-—

383 2420 452 2472 tri
476 2419 628 2488 Regii
653 2418 701 2472 A
726 2431 780 2472 et
804 2421 850 2475 B
866 2460 879 2485 ,
907 2441 1017 2475 non
1044 2423 1101 2475 in
1125 2424 1359 2492 margine
1377 2462 1394 2489 ,

385 2516 496 2551 non
533 2516 561 2550 a
598 2516 761 2550 manu
785 2500 1043 2565 secunda,
1068 2512 1122 2554 et
1155 2501 1267 2554 sine
1292 2501 1396 2554 ulla

383 2589 511 2633 nota
553 2597 655 2647 qua
689 2598 815 2632 eum
846 2579 1064 2636 librariis
1099 2592 1396 2649 suspectum

383 2657 540 2710 fuisse
576 2655 911 2709 indicaretur.
944 2657 1118 2711 Nemo
1141 2696 1157 2724 ,
1197 2658 1296 2711 nisi
1333 2659 1395 2711 ab

386 2732 654 2786 Ovidiano
670 2734 899 2790 carmine
914 2732 1129 2802 alienus,
1145 2754 1254 2787 non
1272 2754 1397 2789 con-

387 2810 625 2863 fitebitur
665 2810 1026 2880 hujuscemodi
1063 2813 1396 2883 repetitiones

385 2888 830 2958 stequentissimas
863 2889 999 2960 apud
1026 2890 1167 2946 hunc
1188 2902 1398 2961 poetam

388 2985 683 3031 occurrere3
696 2978 750 3021 et
758 2986 904 3036 paene
921 2970 1121 3022 restitui
1131 2969 1272 3024 hunc
1288 2989 1400 3023 ver-

390 3064 509 3098 sum
533 3045 742 3113 qualem
763 3044 920 3099 hahet
941 3044 1122 3099 Codex
1148 3046 1193 3099 Α
1216 3050 1399 3100 :Pau—

391 3128 534 3177 latim
560 3143 777 3190 prunam
810 3143 943 3176 cana
976 3127 1174 3179 velaenle
1193 3123 1400 3192 saville.

397 3202 495 3257 Ed.
514 3231 581 3243 —
602 3206 754 3263 Alta,
791 3203 925 3257 clara
948 3214 1002 3258 et
1025 3203 1155 3257 flore
1178 3223 1273 3257 suo
1298 3225 1399 3258 su-

393 3282 638 3351 perbiens
653 3320 669 3347 ‚
684 3283 829 3345 jace!
838 3322 851 3341 ,
880 3279 1071 3334 afflicta
1082 3293 1173 3335 est.
1183 3285 1401 3335 -ΡΙσπ-

391 3370 601 3427 fantur,
644 3360 897 3430 plangunt
919 3381 973 3414 se
999 3401 1014 3428 ‚
1052 3381 1142 3414 sua
1177 3374 1401 3432 pectora.

399 3438 673 3494 Editiones
688 3441 1004 3509 antiquiores
1020 3440 1215 3495 habent
1226 3462 1238 3494 ε
1250 3445 1401 3494 Plan-

392 3529 525 3586 gun!
549 3538 639 3571 ora
658 3524 814 3571 simul
835 3530 1016 3573 matres
1043 3522 1403 3591 Calydonides:

403 3597 592 3648 OE'aeeus
618 3607 714 3650 ete.
753 3598 1000 3651 Heinsius
1032 3598 1096 3651 de
1131 3617 1228 3652 suo
1260 3598 1404 3652 dedit

385 3676 721 3740 planguntur.
757 3675 1022 3744 ductuque
1050 3676 1202 3745 primi
1228 3675 1408 3729 Medi-

397 3752 476 3803 cei
501 3762 555 3804 et
573 3750 860 3821 Spirensis,
883 3755 1128 3806 Evenine.
1142 3781 1208 3793 —
1225 3752 1407 3807 Codex

394 3841 578 3883 noster
597 3832 639 3883 Α
654 3870 669 3897 ‚
689 3834 946 3900 plangunt
963 3851 1054 3884 om
1066 3837 1408 3885 se‘tswlmatms

403 3911 756 3968 Calidom'des.
794 3911 991 3963 Heben!
1002 3929 1007 3934 ·
1026 3910 1205 3962 Codex
1228 3910 1274 3972 Β
1302 3928 1407 3963 ma-

398 3984 449 4037 le
469 4023 484 4050 ‚
509 3987 765 4053 plangunt
784 3989 916 4038 bunc
939 3997 1123 4039 matres
1149 3988 1408 4038 Calidoness

399 4065 492 4115 des
507 4083 524 4113 .·
540 4065 726 4116 OEneus
740 4075 887 4133 atque
899 4067 1102 4118 Pulvere
1120 4066 1410 4116 ete—Eve-

400 4145 534 4192 nine
547 4181 561 4202 ,
589 4142 654 4192 ab
669 4142 852 4194 Eveno
869 4141 1029 4194 fluvio
1049 4181 1063 4208 ‚
1084 4143 1226 4210 juxta
1251 4159 1406 4209 quem

403 4218 651 4291 Calydon
674 4222 784 4274 sita.
808 4222 943 4275 Ptin.
967 4222 1065 4288 IV,
1094 4242 1138 4273 α.
1161 4221 1412 4290 Mar-pissa

401 4303 602 4361 Εὐμένη
624 4307 701 4350 est
724 4298 861 4367 apud
881 4299 1100 4353 Homer.
1120 4290 1211 4357 sti
1230 4337 1246 4366 ,
1266 4298 1377 4353 553.

1551 2038 1665 2107 529.
1688 2039 1865 2090 Fada!
1885 2038 2109 2107 graviter
2132 2040 2495 2115 pronadsper·

1489 2112 1576 2182 git.
1602 2111 1854 2168 Summus
1874 2115 2040 2170 luctus
2061 2116 2382 2171 describitur.
2404 2122 2498 2172 Ca·

1490 2194 1640 2242 niues
1660 2201 1713 2244 et
1736 2194 1904 2245 vultus
1924 2198 2106 2247 seniles
2121 2196 2293 2249 valent
2315 2195 2378 2248 ad
2400 2198 2496 2248 mi-

1492 2270 1809 2323 serationem
1832 2272 2138 2325 faciendam.

1560 2348 1672 2400 531.
1694 2349 1832 2402 Acta
1845 2369 1941 2416 per
1955 2353 2312 2420 vtleceraserm.
2342 2353 2499 2406 Juxta

1495 2423 1620 2477 alios
1635 2425 1820 2493 laqueo
1832 2426 1992 2479 vitam
2008 2427 2330 2482 finivitVide
2341 2430 2500 2482 Mun·

1493 2501 1678 2554 kerum
1693 2502 1757 2555 ad
1768 2503 1968 2575 Hygini
1981 2505 2079 2557 sab.
2098 2525 2115 2557 ι
2126 2509 2203 2577 74.
2218 2505 2304 2560 Ni!
2315 2506 2501 2560 definit

1496 2579 1740 2649 Hyginus
1763 2600 1776 2634 ε
1794 2601 2000 2635 merens
2014 2588 2068 2635 in
2084 2587 2222 2636 luctu
2240 2588 2467 2639 decessit.

1560 2656 1673 2708 532.
1699 2658 1763 2710 Si
1780 2668 1974 2711 ceulam
2005 2661 2147 2713 Deus
2173 2672 2268 2715 etc.
2297 2662 2386 2717 Sic
2419 2684 2502 2717 res
2607 2662 2611 2666 ’

1494 2731 1684 2787 arduas
1697 2736 1996 2804 exprimunt
2011 2748 2178 2806 poete
2193 2779 2207 2805 ,
2225 2738 2470 2810 Virgilius
2484 2781 2501 2807 ,

1495 2808 1690 2881 Georg.
1726 2812 1816 2878 11,
1847 2816 1944 2879 423
1976 2815 2186 2871 AEneid.
2218 2819 2296 2871 v1
2317 2857 2332 2884 ‚
2367 2818 2500 2882 625;

1496 2887 1715 2942 Hostius
1738 2890 1874 2959 apud
1897 2890 2131 2946 Macrob.
2149 2894 2260 2960 v1,
2287 2896 2350 2958 3;
2379 2897 2503 2949 Per·

1493 2965 1629 3032 sius,
1669 2967 1777 3022 Sat.
1803 2968 1853 3017 V
1871 3008 1887 3036 ,
1927 2985 1948 3020 1
1972 3009 1986 3036 ,
2015 2970 2111 3034 26;
2151 2970 2421 3027 Claudiani.
2445 2975 2502 3027 in

1501 3046 1660 3102 Cous.
1678 3050 1835 3122 Olyb.
1852 3060 1904 3104 et
1922 3053 2076 3105 Prob.
2097 3057 2159 3108 55
2174 3093 2189 3121 ,
2213 3056 2302 3125 qui
2321 3075 2504 3109 omnes

1495 3129 1658 3181 secuti
1679 3138 1805 3182 sunt
1828 3130 1991 3183 Hom.
2014 3130 2071 3182 11.
2092 3131 2137 3184 B
2155 3170 2170 3197 ‚
2197 3134 2317 3197 488:
2333 3142 2503 3195 Πληθύυ

1500 3204 1545 3258 δ’
1556 3211 1631 3260 οὔκ
1657 3206 1711 3259 ἂν
1737 3210 1820 3274 ἷγὼ
1844 3215 2129 3275 μυθήσομαι,
2150 3210 2248 3265 οὐδ’
2276 3214 2498 3279 incofusa-w,

1498 3282 1619 3337 030⁹
1642 3290 1685 3335 εἴ
1702 3293 1786 3350 μοι·
1810 3289 1915 3338 δέκα
1939 3293 2021 3352 μὶν
2047 3294 2253 3353 γλῶσσαι
2272 3325 2287 3353 ,
2325 3293 2430 3342 δέκα
2457 3297 2502 3340 δέ

1500 3357 1664 3425 σήματ’
1691 3365 1795 3425 eim,
1817 3371 1941 3423 Φωνὴ
1975 3362 2020 3416 δ’
2033 3366 2262 3438 &ligium-05,
2281 3376 2376 3418 etc.
2394 3364 2501 3418 Sed

1501 3438 1694 3490 Noster
1712 3438 1768 3490 in
1793 3457 1849 3491 re
1869 3439 2058 3493 leviore
2082 3460 2267 3510 parum
2289 3443 2504 3496 feliciter

1499 3515 1610 3569 hnc
1622 3515 1871 3571 adhibuit.
1893 3518 2140 3572 Heinsius
2153 3538 2181 3572 e
2198 3520 2502 3573 Florentino

1500 3596 1556 3650 S.
1580 3595 1780 3662 Marci,
1808 3596 2177 3666 Neapolitano,
2204 3599 2506 3670 Bernegge-

1500 3673 1650 3725 riano
1663 3713 1678 3738 ,
1697 3672 1889 3725 invexit
1907 3676 2109 3741 magua,
2143 3686 2201 3728 ut
2216 3696 2335 3742 cum
2351 3702 2416 3750 τῳ
2427 3685 2504 3734 in-

1496 3755 1783 3818 geniumque
1803 3751 2240 3820 conjungeretur3
2267 3755 2406 3822 quod
2428 3766 2505 3808 est

1502 3828 1852 3882 durissimum.
1878 3829 2133 3884 Revocavi
2157 3832 2315 3902 igitur
2336 3833 2506 3902 vulga·

1503 3919 1611 3961 tam
1631 3908 1910 3962 lectionem
1934 3919 1987 3961 et
2012 3909 2505 3979 interpunctionem.

1569 3988 1682 4039 535.
1701 3988 1884 4046 Decus,
1916 4005 2039 4039 cura
2063 3997 2116 4039 et
2137 3998 2352 4041 ornatus
2377 4008 2507 4042 cor-

1503 4062 1658 4131 poris.
1669 4064 1988 4120 --Lia’entiav
2018 4072 2076 4114 ut
2092 4062 2299 4118 liveant.
2313 4091 2379 4105 ·—
2391 4068 2507 4118 Re-

1489 4139 1791 4207 fhaentque;
1822 4138 1937 4191 vide
1962 4138 2024 4191 ad
2050 4158 2180 4193 vers.
2214 4141 2334 4204 163;
2364 4152 2416 4195 et
2440 4141 2506 4195 de

1491 4218 1666 4285 jovere
1687 4217 1749 4270 ad
1770 4219 1857 4284 11,
1883 4219 1979 4291 339
1995 4238 2007 4271 ε
2026 4238 2184 4287 quem
2200 4220 2371 4274 locum
2392 4241 2506 4274 om-

1507 4315 1635 4351 nem
1657 4315 1779 4352 cum
1815 4296 1915 4353 hoe
1948 4299 2197 4353 conseras.
2218 4329 2284 4342 -
2317 4303 2501 4365 lecte,
