3185 5138
614 545 1674 616 METAMORPHOSEON
1717 547 1913 617 LIB.
1964 551 2134 620 XV.

2338 551 2474 636 533

306 688 606 762 Dixere!
639 687 726 760 ah
765 688 1029 788 quoties
1060 687 1246 763 {lenti
1274 689 1600 764 Theseius
1631 688 1868 778 heros,

318 841 356 873 «
394 806 576 881 Siste
611 806 922 879 modum!
959 805 1171 879 dixit:
1206 833 1328 880 nec
1358 806 1531 880 enim
1567 805 1838 880 fortuna
1875 808 2207 908 querenda

309 925 481 1000 Sola
514 942 627 999 tua
654 941 755 998 est
785 955 800 996 :
838 921 1082 997 similes
1112 923 1395 997 aliorum
1429 924 1684 1025 respice
1724 953 1914 1000 casus
1939 980 1959 1012 ‚

312 1040 568 1116 Mitius
599 1039 728 1112 ista
761 1038 932 1112 seres
961 1067 976 1110 ε
1005 1037 1392 1138 utinamque
1428 1037 1725 1140 exempla
1753 1038 2081 1114 dolentem
2105 1097 2125 1129 ,

2373 1058 2475 1130 49⁵

312 1157 485 1230 Non
519 1182 662 1228 mea
697 1170 760 1226 te
797 1170 1073 1255 possent
1106 1151 1430 1227 relevare!
1464 1153 1582 1228 sed
1618 1171 1682 1227 et
1714 1181 1856 1227 mea
1889 1171 2191 1254 possunt.

313 1269 557 1344 Fando
587 1268 873 1370 aliquem
904 1265 1351 1372 Hippolytum
1377 1287 1627 1344 vestras
1647 1325 1666 1356 ‚
1699 1286 1904 1369 puto,
1935 1268 2221 1366 contigit
2251 1295 2473 1357 aures,

317 1384 737 1461 Credulitate
767 1387 1008 1488 patris.,
1048 1384 1372 1462 sceleratae
1404 1386 1637 1461 fraude
1669 1416 1964 1461 novercae

316 1503 746 1577 Occubuisse
777 1504 924 1577 neci
954 1532 969 1576 ε
1002 1503 1361 1591 mirabere,
1398 1503 1639 1606 vixque
1676 1504 2005 1606 probabo.

316 1618 460 1691 Sed
496 1636 711 1693 tamen
748 1618 861 1693 ille
899 1646 1022 1714 ego
1060 1647 1254 1694 sum:
1286 1648 1389 1693 me
1417 1619 1809 1720 Pasiphaeia
1843 1609 2176 1721 quondam

2371 1638 2472 1691 500

314 1736 684 1811 Tentatum
714 1736 958 1811 frustra
996 1736 1285 1837 patrium
1320 1754 1672 1812 temerasse
1705 1735 1963 1824 cubile,

319 1851 535 1948 Quod
572 1851 819 1942 voluit,
854 1851 1048 1925 finxit
1084 1849 1374 1925 voluisse
1394 1908 1413 1939 ‚
1445 1869 1513 1926 et
1546 1852 1819 1925 crimine
1853 1880 2082 1942 verso,

317 1969 655 2045 Indiciine
688 1987 871 2044 metu
905 1969 1117 2064 magis
1141 2025 1161 2057 ,
1203 1967 1540 2044 offensane
1571 1966 1890 2069 repulsae,

316 2087 577 2184 Arguit
610 2117 626 2162 ε
655 2086 1194 2187 immeritamque
1232 2104 1419 2188 pater
1447 2085 1727 2187 projecit
1756 2086 1844 2159 ab
1880 2085 2082 2174 urbe,

390 2289 510 2359 492.
553 2287 793 2339 Theseius
818 2288 994 2346 heros,
1035 2281 1354 2353 Hippolytus

320 2375 447 2436 post
462 2374 692 2417 mortem
706 2363 809 2416 huc
826 2362 1102 2415 translatus
1112 2379 1141 2412 a
1152 2360 1325 2412 Diana
1340 2379 1354 2419 3

318 2442 449 2496 vide
467 2441 563 2494 inf.
585 2443 710 2506 54„
733 2451 786 2495 et
813 2440 951 2494 Fast.
969 2439 1082 2504 Vl,
1114 2440 1225 2507 745.
1253 2440 1353 2490 Ed.

394 2523 512 2592 497.
538 2519 1046 2591 He'ppolytifabulam
1066 2528 1356 2573 tractarunt

323 2598 613 2668 Euripides
648 2609 703 2652 et
738 2598 941 2653 Seneca
981 2598 1038 2651 in
1081 2597 1356 2669 Hippolyt.

322 2678 521 2749 Virgil.
552 2679 679 2732 AEn.
708 2678 847 2746 VH,
879 2678 966 2747 761
1002 2695 1111 2746 sqq.
1150 2674 1359 2730 Confer

322 2758 613 2832 Hyginum
629 2797 644 2822 ,
660 2755 765 2812 sab.
780 2760 839 2827 47
857 2797 872 2824 ,
890 2769 946 2810 et
962 2755 1273 2811 Cluverium
1298 2755 1354 2808 in

321 2838 446 2892 Ital.
468 2847 576 2889 ant.
599 2856 713 2906 pag.
734 2838 829 2909 93¹
855 2856 895 2889 s.
910 2835 1037 2889 Fuit
1055 2834 1358 2888 Ariciorum

326 2914 619 2969 domestica
643 2915 853 2977 sabula3
879 2916 1100 2968 Pausan-
1128 2913 1186 2968 11
1203 2952 1218 2977 ,
1244 2934 1361 2986 9.—

334 2994 550 3047 Vestras
562 3033 575 3054 ,
590 3002 718 3060 puto
732 3032 746 3055 ‚
775 2997 989 3061 contigi!
1001 3011 1165 3046 auses.
1185 2990 1361 3060 Vulgo

326 3077 385 3125 si
404 3077 657 3140 contigi&
694 3071 949 3126 Heinsius
990 3081 1171 3124 autem
1214 3068 1363 3123 dedit

318 3161 451 3219 pulo
477 3173 540 3206 ex
565 3153 825 3209 Urbinate
851 3192 866 3219 ,
897 3150 1358 3221 BerneggerianO,

332 3230 701 3286 Arondeliano
739 3270 755 3299 ,
805 3229 1099 3285 oxoniensi
1143 3238 1199 3283 et
1243 3238 1365 3282 octo

333 3310 461 3364 aliis.
494 3307 682 3363 Codex
714 3320 898 3363 noster
933 3310 978 3362 A
1013 3309 1171 3365 habet
1193 3311 1363 3379 quad,·

332 3388 588 3461 permulti
622 3388 707 3441 alii
736 3407 938 3458 quoque.
977 3387 1265 3456 Eleganter
1295 3386 1363 3440 de

332 3470 481 3522 sama
500 3466 722 3534 loquens
737 3507 753 3534 ,
771 3476 969 3519 vestras
990 3466 1165 3533 inquit
1185 3467 1368 3535 plura-

334 3545 460 3598 liter
492 3563 505 3597 :
544 3544 734 3597 deinde
782 3543 981 3597 addens
1014 3544 1325 3597 miraculum
1345 3582 1364 3610 ‚

334 3622 670 3693 singulariter
679 3626 918 3678 mirabere
933 3661 948 3685 ,
981 3632 1252 3691 tamquam
1270 3641 1369 3676 no·

337 3702 454 3756 titia
496 3701 563 3755 ad
608 3719 793 3756 omnes
819 3739 837 3767 ,
885 3699 1201 3755 miraculum
1238 3717 1368 3752 vero

338 3784 566 3838 maxime
592 3781 659 3837 ad
688 3779 936 3850 Egeriam
956 3789 1168 3849 spectet.
1188 3781 1370 3832 Ed.—

342 3867 654 3918 Credule'tate
675 3865 844 3930 patris
864 3902 877 3923 ,
922 3860 975 3914 id
1017 3869 1095 3915 est
1134 3858 1366 3926 Thesei,

338 3942 431 4009 qui
456 3940 684 3993 nimium
706 3936 856 3993 facite
878 3936 1105 3993 credidit
1128 3936 1369 3991 Phaedra

340 4018 496 4071 uxori
515 4018 813 4087 privignum
834 4016 1110 4071 accusanti.
1134 4018 1234 4068 Ed.

411 4100 528 4149 500.
557 4098 865 4163 Pasiphaeia
877 4134 894 4159 ,
926 4093 1150 4150 Pha-dra
1171 4091 1372 4147 Minois

343 4184 401 4229 et
423 4174 704 4244 Pasiphaes
739 4172 845 4226 filia
867 4212 883 4240 ,
921 4190 1082 4241 quam
1106 4211 1122 4238 ,
1159 4181 1372 4224 mortua

346 4252 640 4325 Hippolyta
665 4292 680 4321 ,
720 4253 1005 4323 conjugem
1037 4250 1184 4305 duxit
1211 4250 1371 4303 The-

1449 2280 1543 2353 lyti
1564 2321 1579 2348 ‚
1599 2293 1654 2336 et
1667 2280 1843 2335 studio
1859 2281 2086 2334 venandi
2110 2292 2165 2335 et
2179 2280 2476 2352 virginitate

1452 2361 1684 2414 Dianam
1716 2359 1865 2413 colen
1873 2360 1951 2413 tis.
1988 2363 2198 2415 Frustra
2232 2373 2475 2417 tentatum

1451 2439 1728 2506 juvenem,
1745 2436 2102 2508 indignissime
2118 2440 2384 2495 ferentem
2401 2443 2479 2495 in·

1452 2530 1618 2572 cestos
1643 2537 1881 2573 novercae
1908 2538 2111 2574 amores
2129 2559 2144 2587 ,
2160 2527 2354 2590 arguit.
2374 2543 2480 2593 pa-

1451 2605 1600 2652 trium
1621 2609 1893 2652 temerasse
1906 2603 2072 2652 cubile
2085 2640 2099 2661 ,
2126 2601 2178 2653 id
2201 2611 2277 2653 est
2294 2601 2477 2657 incesti

1451 2678 1621 2747 stupri
1644 2677 2309 2735 insimulavit—Temere&
2323 2722 2335 2742 ‚
2362 2693 2480 2735 stu-

1453 2774 1551 2824 pro
1573 2754 1807 2824 polluere
1830 2795 1846 2822 ,
1874 2761 2097 2824 patulam
2120 2762 2283 2813 cubile
2313 2758 2476 2812 etiam

1456 2836 1549 2901 11,
1576 2840 1705 2907 5923
1733 2845 1902 2911 zpe’woet
1926 2840 2084 2904 λίχος,
2120 2837 2302 2907 Eurip.
2334 2839 2476 2894 1266.

1458 2913 1728 2969 Credulus
1742 2925 1889 2984 pater
1909 2915 2073 2970 fidem
2090 2915 2287 2969 habens
2301 2914 2480 2972 fraudi

1452 2995 1714 3050 scelerate
1738 3013 1976 3049 novercae
1995 3034 2012 3061 ‚
2035 3000 2354 3059 immeritam,
2393 2996 2482 3050 in-

1455 3084 1770 3141 nocentem,
1780 3074 2001 3142 projeci!
2017 3078 2084 3128 ab
2106 3080 2224 3129 urbe
2238 3117 2251 3136 ‚
2275 3075 2333 3131 in
2357 3077 2482 3130 exsi-

1456 3152 1586 3206 lium
1620 3153 1791 3224 abegit
1809 3192 1824 3221 ,
1861 3156 2128 3223 hostHe⁰que
2158 3175 2305 3221 prece
2332 3164 2488 3224 caput

1453 3233 1568 3299 ejus
1590 3235 1880 3293 detestatur,
1913 3233 2228 3303 Neptunum
2248 3245 2395 3300 orat,
2422 3245 2484 3289 ut

1457 3311 1627 3366 filium
1645 3314 1714 3366 ob
1728 3313 1896 3366 cubile
1917 3313 2145 3381 patrium
2164 3324 2481 3367 temeratum

1458 3390 2058 3444 interficiat—Versum
2081 3396 2176 3443 502
2194 3429 2209 3454 ,
2234 3393 2388 3455 Quod
2400 3410 2484 3443 vo·

1458 3474 1557 3523 lui!
1576 3479 1676 3521 etc.
1714 3487 1835 3520 cum
1871 3467 2097 3520 Heinsio
2127 3467 2482 3520 adulterinum

1457 3546 1849 3617 judica—Post
1863 3544 2130 3612 offensane
2142 3549 2348 3613 repulsa·
2364 3546 2487 3598 sub-

1456 3622 1690 3691 intellige
1705 3625 1907 3675 dubiam
1923 3632 2015 3676 est.
2038 3622 2288 3677 Heinsius
2306 3633 2484 3677 tamen

1459 3700 1751 3770 suspicatur
1768 3740 1785 3769 ,
1825 3707 1875 3756 τὸ
1911 3707 2077 3769 magis
2114 3702 2396 3771 obrepsisse
2430 3702 2486 3755 in

1459 3778 1638 3833 locum
1661 3789 1739 3834 τοῦ
1759 3781 2245 3848 dubium—Prusia·
2261 3800 2394 3849 saepe
2421 3780 2487 3833 de

1461 3857 1722 3913 exsulibus
1733 3859 1834 3912 dici
1847 3858 2358 3914 docetBurmannus.
2378 3860 2493 3931 Hy·

1462 3957 1633 4010 gynus
1648 3978 1663 4002 ,
1693 3957 1723 3991 e
1740 3941 2046 4008 conjectura
2065 3938 2331 3993 Schefseri
2349 3978 2364 4005 ,
2379 3958 2494 3991 me·

1460 4020 1613 4070 aibas
1647 4020 1885 4071 excedere
1909 4018 2090 4085 jussit.
2135 4016 2403 4072 Indictum
2442 4014 2493 4069 ei

1463 4105 1583 4162 est,
1616 4099 1676 4156 ὡς
1707 4099 1780 4150 οὐκ
1810 4093 1874 4150 ἴτ’
1907 4098 1948 4149 ἕν
1980 4108 2039 4172 γῇ
2076 4093 2184 4172 τῇδ’
2218 4095 2493 4164 &vocet-pipat

1464 4176 1618 4238 τίθη
1649 4171 1834 4243 Eurip.
1864 4192 1940 4226 vs.
1971 4172 2152 4242 117637
2175 4182 2228 4225 et
2255 4192 2327 4225 vs.
2355 4173 2492 4245 893,

1462 4252 1572 4321 ipse
1607 4250 1846 4307 Theseus
1870 4291 1887 4318 ‚
1935 4253 2084 4320 ἶξιλῶ,
2107 4275 2190 4324 eft
2223 4258 2366 4305 τῖσδι
2395 4263 2497 4319 γῆς·

349 4352 483 4389 §eus-
515 4332 801 4389 Eaexarsit
824 4331 879 4387 in
901 4349 1141 4388 amorem
1160 4330 1377 4403 Hippo-
1467 4333 1566 4406 973
1592 4370 1628 4400 „
1661 4335 1808 4409 ῒξεῤῥι
1847 4339 1985 4401 γαίας
2023 4330 2167 4387 τῖσὸε
2213 4333 2315 4386 ἕσαν
2354 4332 2500 4397 τάχος
