3185 5138
566 549 1604 622 METAMORPHOSEON
1653 557 1845 623 Lm.
1889 556 2120 624 v111.
2335 583 2421 647 κς,

291 691 687 793 Tyndaridae
721 692 1005 788 gemini,
1040 711 1376 794 spectatus
1411 696 1719 769 caestibus
1751 694 1948 786 alter,

294 809 485 884 Alter
515 837 726 910 equo;
764 811 1120 910 primaeque
1155 810 1316 883 ratis
1345 807 1619 883 molitor
1648 812 1883 897 Iason;

295 928 389 997 Et
423 952 572 998 cum
607 922 914 997 Pirithoo
935 981 953 1013 ‚
989 923 1144 998 felix
1178 925 1568 1013 concordia,
1605 926 1940 1013 Theseus;

294 1041 388 1112 Et
424 1038 558 1110 duo
585 1037 996 1125 Thestiadae,
1035 1037 1390 1140 prolesque
1421 1040 1756 1139 Aphareia
1789 1043 2127 1141 Lynceus,

294 1155 390 1226 Et
421 1152 609 1226 velox
640 1153 825 1240 Idas,
863 1172 931 1228 et
959 1155 1093 1253 jam
1125 1184 1263 1228 non
1302 1155 1544 1229 femina
1577 1157 1890 1242 CaeneuS,

2323 1179 2420 1232 305

296 1272 809 1372 Leucippusque
839 1272 1063 1359 ferox,
1098 1271 1448 1371 jaculoque
1481 1271 1761 1367 insignis
1794 1273 2077 1345 Acastus
2096 1327 2115 1358 ,

297 1386 853 1489 Hippotoosque,
890 1390 1232 1490 Dryasque
1252 1444 1271 1474 ,
1306 1406 1374 1461 et
1407 1405 1623 1461 cretus
1656 1390 2021 1488 Amyntore
2052 1386 2330 1466 Phoenix
2352 1446 2372 1476 ,

295 1503 764 1604 Actoridaeque
800 1533 1027 1605 pares,
1066 1522 1133 1579 et
1164 1505 1406 1578 missus
1440 1503 1522 1577 ab
1559 1502 1749 1577 Elide
1784 1502 2111 1603 Phyleus:

294 1627 434 1701 Nec
467 1627 788 1704 Telamon
823 1630 1083 1716 aberat,
1120 1630 1419 1724 magnive
1455 1647 1709 1703 creator
1740 1630 2062 1720 Achillis3

299 1746 603 1847 Cumque
636 1744 1057 1831 Pheretiade,
1095 1762 1162 1820 et
1198 1747 1500 1846 Hyanteo
1536 1743 1726 1818 Iolao
1751 1801 1771 1834 ,
2227 1688 2236 1699 ·
2325 1768 2423 1819 εἴ...

295 1977 354 2020 ut
377 1964 777 2034 intelligendum
806 1984 834 2018 e
869 1965 1124 2018 Pausania
1144 2002 1159 2029 ,
1187 1963 1307 2018 Ar-

297 2043 410 2097 cad.
432 2064 481 2113 p.
503 2043 620 2097 606.
646 2043 1030 2113 Antiquissimis
1050 2042 1147 2095 illis
1172 2052 1309 2096 tem-

299 2121 512 2191 poribus
528 2160 545 2187 ,
578 2120 764 2190 quibus
780 2119 1033 2173 fortitudo
1048 2139 1152 2172 una
1175 2130 1310 2174 esset

298 2199 463 2250 virtus
483 2234 498 2261 ,
523 2215 625 2265 qua
650 2196 897 2250 excellere
913 2196 1051 2250 laudi
1075 2196 1306 2250 ducere-

298 2286 417 2341 tur,
446 2275 533 2328 tali
555 2275 823 2329 occasione
845 2273 1114 2328 confluere
1136 2274 1306 2327 undi-

297 2373 400 2423 que
423 2353 659 2406 solebant
678 2392 693 2420 ,
729 2354 818 2422 qui
840 2352 1159 2406 sor-titudinis
1184 2351 1307 2423 glo-

296 2432 433 2484 riam
477 2442 798 2500 appeterent.
837 2431 1069 2485 Nomina
1116 2430 1308 2483 horum

296 2513 532 2562 lectorum
541 2510 779 2576 juvenum
800 2507 994 2561 habent
1017 2509 1176 2560 etiam
1198 2508 1309 2580 Hy·

299 2586 485 2654 ginus,
526 2585 626 2638 sab.
672 2586 794 2655 173,
825 2595 879 2637 et
911 2583 1264 2654 Apollodorus
1291 2606 1306 2650 ;

301 2681 606 2732 quanquam
618 2661 703 2715 hic
717 2662 863 2731 plura
878 2661 1073 2714 omittit
1087 2701 1102 2727 ,
1114 2660 1196 2714 ille
1211 2662 1310 2714 alia

301 2735 559 2793 nonnulla
593 2740 868 2793 substituit.
907 2739 1173 2808 Principes
1207 2757 1310 2791 eo-

299 2839 421 2873 rum
444 2821 812 2889 spectabantur
839 2817 1031 2889 depicti
1055 2819 1112 2881 in
1136 2817 1310 2872 tabula

301 2899 437 2969 apud
465 2899 720 2968 Tegeatas
745 2917 757 2951 ε
784 2897 1092 2964 Pausanias,
1119 2897 1309 2951 Arcad.

301 2999 350 3047 p.
365 2978 481 3050 693.
502 2976 656 3046 Apud
676 2973 983 3045 Euripidem
1000 2973 1215 3028 nuntius
1231 2975 1308 3028 in-

302 3056 591 3110 ducebatur
614 3054 909 3110 describens
924 3094 939 3120 ,
965 3073 1069 3123 quo
1092 3055 1310 3123 quisque

306 3137 484 3190 habitu
512 3157 574 3188 ex
597 3136 701 3189 istis
728 3135 945 3188 ducibus
965 3134 1123 3187 suerit
1148 3154 1160 3186 :
1188 3135 1311 3186 Ma-

306 3214 445 3266 crob.
462 3212 751 3279 Saturn.V,
772 3215 853 3277 18,
871 3212 960 3265 ubi
976 3231 1153 3264 versus
1163 3229 1312 3280 quos-

308 3292 429 3345 dam
445 3313 507 3346 ex
527 3292 610 3345 illa
626 3311 778 3345 scena
798 3290 1035 3344 servavit.
1047 3318 1113 3331 -—
1131 3293 1312 3343 Coieoe.

310 3372 459 3442 Regii
483 3372 678 3437 nostri,
701 3374 909 3425 caluere.

369 3453 484 3505 301.
519 3453 815 3523 Tyndaride
832 3453 1026 3516 gemini.
1050 3445 1237 3501 Castor
1261 3456 1315 3500 et

306 3532 492 3586 Pollux
516 3572 531 3597 ,
572 3531 777 3600 gemelli
812 3529 1047 3601 Tyndari
1084 3528 1176 3580 filii
1196 3568 1211 3593 ,
1256 3547 1315 3581 ac

308 3609 463 3664 Leda
503 3609 670 3678 putati
688 3648 704 3674 ,
741 3627 907 3678 quum
931 3617 1101 3660 essent
1123 3605 1271 3658 Jovis
1297 3645 1311 3671 ,

308 3706 539 3756 quorum
557 3690 688 3740 alter
704 3689 933 3739 cestibus
958 3723 972 3750 ,
1013 3683 1195 3737 Pollux
1218 3683 1317 3735 suit

309 3766 446 3835 pugil
460 3766 704 3837 inclytus,
724 3771 808 3831 πὺξ
821 3766 1008 3830 ἄγκθὸςς
1027 3766 1155 3814 alter
1163 3782 1286 3830 equo
1298 3802 1311 3824 ,

311 3845 500 3900 Castor
523 3864 783 3915 equorum
807 3843 1038 3896 domitor
1062 3880 1077 3907 ,
1118 3848 1314 3896 ἱππόδα-

309 3952 394 3996 μος
416 3947 429 3979 z
452 3926 569 3979 vide
594 3925 895 3978 Homerum
913 3962 928 3988 ,
956 3920 1100 3976 Iliad.
1125 3932 1180 3986 r,
1206 3923 1315 3987 237.

307 4004 568 4068 Spectatus
591 4005 823 4055 cestibus
835 4004 976 4058 alter,
996 3998 1147 4051 Alter
1161 4014 1317 4064 εμπ

312 4080 508 4147 Regius
530 4091 708 4134 noster
732 4080 780 4131 A
799 4118 812 4142 ,
831 4085 1125 4143 prestantes
1141 4114 1154 4134 ,
1193 4093 1320 4126 caes-

308 4162 443 4210 tibus
455 4161 586 4211 alter
598 4198 611 4218 ,
631 4160 763 4209 alter
773 4176 893 4223 equo
915 4172 931 4216 ,·
955 4152 1159 4207 Isidem
1178 4150 1319 4219 quod

1364 1970 1373 1983 ‘
1402 1991 1470 2005 -
1495 1963 1578 2016 De
1601 1968 1769 2030 prima
1792 1962 2002 2017 Jasonis
2022 1971 2158 2026 rate,
2197 1960 2316 2016 vide
2356 1963 2417 2016 ad

1405 2042 1485 2094 VI
1510 2041 1624 2093 libri
1648 2040 2141 2104 finem.—·Molitor,
2171 2058 2350 2094 suasor
2367 2051 2420 2093 et

1402 2128 1614 2184 auctor,
1649 2119 1756 2172 sive
1792 2118 2084 2172 fabricator.

1466 2197 1582 2250 303.
1613 2199 1796 2250 Thesei
1806 2216 1930 2250 cum
1946 2199 2196 2256 Pirithoo,
2229 2196 2418 2250 Ixionis

1403 2274 1511 2328 filio
1529 2314 1544 2340 ,
1572 2273 1821 2328 Larissaeo
1836 2313 1851 2342 ,
1871 2274 2096 2327 amicitia
2118 2273 2371 2326 celebrata
2390 2294 2418 2327 a

1401 2350 1608 2405 multis:
1630 2351 1908 2416 Horatius,
1932 2350 2030 2414 lv,
2055 2347 2162 2403 Od.
2187 2366 2302 2412 vu,
2320 2354 2381 2401 25
2401 2370 2415 2411 ;

1404 2431 1628 2494 Noster,
1654 2429 1812 2482 Trist.
1838 2429 1863 2481 1
1882 2468 1897 2494 ,
1923 2430 1984 2492 83
2007 2438 2064 2481 et
2087 2427 2220 2479 infra
2237 2464 2251 2492 ,
2279 2427 2415 2491 Xll,

1406 2528 1536 2581 ²²93
1566 2507 1808 2578 Hyginus
1827 2546 1842 2573 ,
1869 2505 1967 2558 sab.
1995 2526 2073 2578 79.
2105 2531 2173 2544 —-
2195 2505 2417 2557 Concor-

1404 2592 1536 2653 dea,·
1579 2589 1799 2641 virtutes
1838 2606 1934 2656 pro
1970 2587 2089 2656 ipsis
2121 2585 2420 2639 hominibus

1405 2668 1530 2737 poni
1553 2666 1737 2720 solent.
1765 2667 1873 2719 XII
1892 2705 1909 2731 ,
1941 2666 2061 2734 178,
2089 2666 2281 2718 Nestor
2293 2684 2419 2732 pru·-

1405 2748 1589 2799 dcntia.
1617 2771 1683 2785 —
1708 2746 1827 2796 Duo
1861 2745 2141 2796 Thestiade
2156 2784 2167 2801 .
2210 2742 2417 2812 Plexip-

1407 2843 1502 2894 pus
1536 2834 1588 2877 et
1625 2823 1863 2888 Toxeus,
1903 2822 2104 2875 Thestii
2141 2821 2272 2887 filii,
2311 2820 2418 2873 Al-

1410 2902 1553 2956 thaeae
1577 2904 1774 2956 fratres.
1817 2904 1865 2955 A
1894 2900 2148 2958 Pausania
2171 2940 2186 2966 ‚
2214 2920 2262 2969 p.
2286 2900 2383 2971 693
2402 2939 2416 2963 ,

1408 2989 1665 3032 vocantur
1699 2976 1960 3031 Prothous
1995 2986 2048 3029 et
2076 2974 2338 3029 Cometes.
2370 2975 2419 3026 A

1409 3057 1683 3111 Lactantio
1699 3058 1754 3109 iu
1774 3066 2085 3126 argumento
2101 3053 2311 3106 additur
2321 3063 2421 3105 ter-

1409 3133 1510 3185 tius
1544 3134 1776 3202 Agenor.
1810 3132 1980 3184 Aliter
1999 3148 2177 3184 rursus
2205 3128 2421 3199 Apollo-

1409 3209 1567 3262 dorus
1582 3220 1636 3262 et
1653 3210 1894 3281 Hyginus
1908 3249 1922 3274 ,
1941 3209 2039 3261 sab.
2062 3210 2152 3276 173
2167 3247 2182 3274 ,
2198 3207 2285 3260 ubi
2303 3206 2420 3258 vide

1409 3287 1753 3340 Munkerum.
1790 3314 1856 3326 —-
1898 3287 2128 3357 Lynceus
2167 3294 2222 3336 et
2253 3286 2377 3336 Idas
2401 3323 2412 3338 .

1411 3365 1698 3431 Messenii,
1727 3362 2079 3433 Aphareifilii.
2108 3359 2387 3419 Pausanias
2405 3398 2419 3422 ,

1411 3444 1640 3496 Messen.
1666 3461 1714 3511 p.
1734 3442 1828 3495 283
1845 3460 1953 3509 sqq.
1975 3462 1990 3504 ς
2020 3440 2263 3508 Apollon.
2283 3435 2422 3489 Rho-

1410 3522 1557 3588 dius,
1587 3522 1613 3574 Ῐ
1633 3561 1648 3587 ,
1697 3526 1782 3575 151
1807 3562 1822 3587 ‚
1861 3522 1949 3574 ubi
1980 3524 2177 3595 ὖπὲρὲιος
2212 3515 2332 3577 fffloeg.
2356 3545 2421 3555 --

1415 3604 1618 3655 Ceneus
1639 3640 1652 3661 ,
1698 3599 1832 3652 Elati
1868 3599 2002 3650 filius
2025 3636 2042 3663 ,
2074 3595 2377 3665 Magnesius
2402 3634 2416 3658 ,

1412 3697 1570 3748 quem
1588 3677 1652 3730 ab
1673 3677 1820 3729 initio
1835 3675 2085 3728 seminam
2106 3674 2256 3728 fuisse
2278 3692 2417 3726 non-

1411 3756 1542 3810 nulli
1567 3753 1807 3808 dicebant
1824 3792 1838 3819 ,
1865 3753 1955 3808 sed
1986 3774 2015 3807 a
2041 3755 2290 3824 Neptuno
2311 3753 2422 3804 im·-

1395 3844 1706 3909 *petraverat
1723 3872 1738 3897 ,
1763 3842 1822 3885 ut
1838 3843 1891 3885 et
1913 3832 1993 3884 vir
2014 3842 2146 3885 esset
2162 3872 2177 3897 ,
2202 3842 2255 3884 et
2278 3828 2421 3882 nullo

1413 3915 1519 3967 ictu
1541 3912 1803 3965 vulnerari
1821 3921 2007 3980 posset.
2035 3911 2176 3981 Hyg.
2193 3907 2292 3960 sab.
2318 3908 2392 3970 14.

1480 3992 1595 4043 308.
1614 3990 1875 4042 Actoridae
1894 4029 1907 4048 ,
1938 3988 2169 4057 Eurytus
2193 3995 2247 4036 et
2273 3980 2424 4035 Ctea·

1415 4079 1497 4121 tus
1511 4106 1526 4132 ,
1547 4066 1750 4118 Actoris
1773 4065 1861 4116 filii
1878 4104 1892 4127 ,
1914 4063 2421 4116 Phuni—Pheretia-

1415 4152 1527 4206 des,
1557 4143 1841 4208 Admetus,
1862 4141 2100 4196 Pheretis
2115 4140 2276 4206 filius,
2295 4138 2426 4192 Phe·

314 4234 538 4303 Vulgata
554 4234 730 4298 babet,
746 4243 800 4285 et
813 4242 1062 4301 praeterea
1077 4248 1170 4299 per
1187 4228 1325 4297 glos-
1418 4226 1487 4278 ris
1512 4221 1780 4276 oriundus.
1797 4223 2041 4273 —Iolaus
2059 4261 2071 4280 ,
2100 4230 2256 4273 notus
2282 4218 2424 4270 Her-

311 4311 850 4380 samsuperscriptum
875 4317 1188 4377 prestantes.
1221 4302 1319 4359 Ed.

1427 4302 1553 4360 culis
1578 4301 1839 4356 socius.-
1862 4301 2149 4371 Hyanteos,
2182 4296 2428 4350 Beeotius.
