3185 5138
722 567 856 634 516

1274 567 1354 634 P.
1422 567 1775 639 OVIDII
1826 567 2280 639 NASONIS

719 710 823 781 Ex
857 705 1003 781 aliis
1038 704 1198 781 alias
1228 725 1491 809 reparat
1524 726 1758 782 natura
1789 708 2058 803 figuras.

631 881 637 887 .
717 826 853 896 Nec
884 825 1058 924 perit
1090 824 1159 897 in
1199 841 1383 898 tanto
1423 823 1776 926 quicquam
1799 881 1816 913 ,
1851 824 2017 898 mihi
2051 823 2294 898 credite
2317 881 2336 914 ‚
2369 825 2660 916 mundo;

716 938 850 1013 Sed
884 941 1127 1029 variat,
1161 940 1525 1042 faciemque
1564 958 1768 1015 novat
1798 970 1813 1013 ε
1844 941 2158 1041 nascique
2190 960 2464 1016 vocatur

2760 965 2879 1019 255

712 1056 1012 1157 Incipere
1048 1085 1190 1132 esse
1226 1056 1444 1146 aliud,
1484 1085 1684 1158 quam
1720 1057 1900 1158 quod
1934 1057 2065 1130 suit
2098 1075 2250 1132 ante
2277 1087 2295 1147 ;
2325 1058 2626 1159 morique

712 1173 1026 1246 Desinere
1057 1171 1226 1246 illud
1261 1171 1436 1246 idem
1458 1228 1478 1261 ‚
1519 1201 1725 1273 quum
1760 1173 1896 1247 sint
1929 1172 2065 1247 huc
2101 1173 2378 1249 forsitan
2405 1172 2556 1263 illa,

712 1293 871 1366 Haec
908 1289 1219 1366 translata
1251 1290 1410 1365 illuc
1445 1319 1463 1365 ε
1503 1319 1759 1366 summa
1793 1308 2011 1366 tamen
2047 1292 2267 1366 omnia
2301 1310 2626 1366 constant.

811 1438 847 1473 »
879 1404 991 1479 Nil
1026 1405 1333 1506 equidem
1363 1401 1600 1478 durare
1632 1404 1747 1477 diu
1785 1404 1911 1479 sub
1944 1405 2231 1501 imagine
2262 1405 2488 1479 eadem

706 1522 1122 1598 Crediderim
1157 1553 1173 1595 ε
1209 1523 1304 1597 sic
1341 1523 1426 1597 ad
1452 1522 1702 1596 serrum
1728 1522 1999 1597 venistis
2030 1523 2114 1596 ab
2150 1552 2312 1598 auro

706 1635 941 1710 Secula
975 1665 993 1710 t
1027 1636 1121 1711 sic
1162 1637 1361 1711 toties
1392 1664 1579 1710 versa
1615 1654 1719 1712 est
1745 1635 2014 1710 fortuna
2049 1634 2366 1711 locorum.

703 1751 862 1825 Vidi
896 1780 1059 1847 ego,
1099 1752 1281 1852 quod
1313 1750 1531 1825 fuerat
1565 1751 1902 1852 quondam
1942 1751 2345 1829 solidissima
2381 1752 2612 1843 telluS‚

702 1871 869 1944 Esse
899 1869 1140 1942 fretum
1168 1898 1183 1941 :
1215 1867 1349 1939 vidi
1383 1865 1587 1941 factas
1620 1898 1698 1942 ex
1733 1895 1998 1972 aequore
2030 1889 2238 1945 terras
2265 1900 2282 1958 ;

700 1987 791 2058 Et
822 1981 1129 2093 procula
1161 1982 1395 2084 pelago
1430 1984 1697 2059 conchae
1725 1986 1982 2085 jacuere
2016 1987 2319 2075 marinae,

696 2105 790 2177 Et
823 2120 1010 2177 vetus
1046 2102 1308 2177 inventa
1343 2120 1446 2178 est
1473 2102 1545 2176 in
1579 2103 1925 2178 montibus
1966 2133 2206 2179 ancora
2240 2105 2517 2180 summis
2549 2134 2566 2179 ε

2737 2130 2844 2182 «265

698 2219 1041 2321 Quodque
1077 2218 1209 2293 fuit
1238 2247 1554 2323 campm,
1591 2218 1826 2294 vallem
1861 2221 2176 2295 decursus
2206 2221 2531 2322 aquarum*

696 2336 919 2426 Fecit3
953 2352 1021 2410 et
1051 2331 1259 2409 eluvie
1288 2364 1485 2410 mons
1514 2352 1617 2411 est
1648 2335 1971 2410 deductus
2004 2337 2075 2410 in
2109 2365 2364 2439 aequor;

696 2454 886 2555 Eque
917 2449 1241 2554 paludosa
1275 2452 1465 2527 siccis
1497 2453 1743 2527 humus
1778 2471 1923 2527 aret
1952 2455 2169 2530 arenis
2198 2484 2214 2529 ε

699 2571 1002 2672 Quaeque
1039 2569 1218 2644 sitim
1256 2567 1547 2644 tulerant
1569 2626 1591 2660 ,
1623 2588 1923 2668 stagnata
1955 2571 2322 2674 paludibus
2346 2575 2644 2650 hument.

701 2687 830 2761 Hic
865 2687 1085 2762 sontes
1116 2702 1353 2760 natura
1390 2714 1601 2760 novos
1636 2687 1895 2775 emisit,
1929 2706 2000 2762 at
2029 2687 2166 2762 illic

2740 2728 2837 2782 270

699 2800 960 2877 Clausit
980 2858 999 2892 ,
1035 2820 1102 2878 et
1131 2802 1390 2904 antiqui
1423 2821 1557 2877 tam
1592 2801 1801 2878 multa
1841 2806 2240 2880 tremoribus
2274 2806 2464 2880 orbis

691 3015 897 3063 cet-vata
929 3045 944 3071 ,
994 3004 1330 3061 condensata.
1364 3034 1430 3048 —
1452 3011 1664 3077 Ft'guras
1687 3051 1703 3075 ,

692 3086 972 3141 elementa.

757 3167 870 3233 254.
907 3165 1016 3217 Nec
1039 3168 1174 3232 perit
1205 3169 1261 3217 in
1296 3172 1452 3217 tanto.
1487 3163 1714 3218 Plurimi

693 3245 786 3310 (et
809 3241 971 3296 codex
990 3241 1119 3312 Reg.
1140 3242 1225 3309 A)
1244 3242 1351 3294 Nec
1359 3246 1492 3309 perit
1508 3247 1560 3293 e'n
1596 3251 1714 3295 toto.

689 3322 881 3378 Nullus
912 3322 967 3374 in
1004 3319 1207 3374 mundo
1237 3320 1481 3372 interitus
1501 3358 1516 3385 ‚
1552 3338 1714 3373 merae

688 3411 777 3454 tan
786 3411 898 3453 tum
922 3399 1406 3453 transformationes
1422 3408 1475 3450 et
1488 3395 1714 3451 transla-

688 3480 875 3533 tiones.
914 3478 976 3533 ld
1022 3498 1232 3548 quoque
1272 3478 1621 3532 verissimum.
1647 3505 1713 3519 —

684 3559 891 3610 Summa
903 3562 1073 3610 omnia
1086 3566 1343 3616 constant,
1364 3575 1570 3609 summa
1590 3572 1713 3609 om-

683 3636 838 3689 nium
850 3636 1079 3703 partium
1088 3652 1297 3703 semper
1312 3645 1490 3687 manet
1505 3634 1709 3686 eadem.

685 3712 917 3781 Scaliger
940 3711 1143 3780 legebat
1162 3730 1378 3763 summe.

748 3797 864 3866 ²59·
888 3795 984 3845 Nil
996 3796 1222 3860 equidem
1244 3795 1424 3844 durate
1443 3802 1540 3845 etc.
1556 3789 1709 3844 Mul-

684 3880 760 3925 tas
778 3882 833 3925 et
857 3889 1071 3941 magnas
1090 3869 1443 3922 revolutiones
1465 3889 1607 3938 passa
1630 3880 1707 3922 est

682 3959 854 4013 terra;
889 3948 943 4002 id
970 3947 1111 4018 quod
1137 3958 1189 4001 et
1214 3947 1369 4001 hodie
1397 3949 1706 4018 gravissimis

679 4027 1004 4096 argumentis
1033 4025 1225 4081 docent
1253 4024 1468 4096 geologi.
1492 4054 1557 4067 -
1576 4027 1706 4080 Fors

677 4115 804 4157 tuna
824 4110 1044 4159 Iocorum
1064 4146 1079 4171 ,
1109 4105 1315 4159 habitus
1337 4104 1591 4158 locorum.

743 4180 856 4234 266.
880 4186 1118 4250 Campum
1131 4183 1272 4251 fecit
1289 4186 1498 4244 vallem,
1526 4182 1624 4235 hoc
1645 4181 1702 4235 iu

676 4278 865 4327 campo
886 4259 1016 4314 fecit
1038 4273 1278 4315 montem
1302 4271 1392 4314 aut
1416 4261 1701 4315 tumulum.

673 4363 742 4379 -—
763 4341 826 4394 Iu
849 4356 1045 4408 equor,
1082 4338 1139 4393 in
1171 4339 1390 4408 planum
1415 4357 1699 4411 campum5

1810 3010 1874 3064 ad
1900 3014 1954 3079 1,
1981 3015 2062 3080 4¹·
2079 3040 2146 3052 —
2161 3013 2322 3066 δίει-ὴ
2338 3020 2452 3065 aret
2468 3017 2638 3066 arenis
2654 3055 2668 3076 ,
2698 3012 2832 3067 facta

1808 3102 1885 3144 est
1906 3090 2039 3144 sicca
2052 3129 2066 3155 ,
2088 3089 2229 3142 arida
2247 3129 2263 3155 ‚
2282 3109 2514 3143 arenosa.
2535 3090 2637 3144 His
2651 3110 2713 3144 ex
2725 3111 2831 3145 asse

1808 3168 2133 3237 respondent
2153 3169 2427 3238 sequentia
2440 3208 2454 3235 ‚
2477 3179 2718 3238 stagnata
2728 3191 2831 3237 pa-

1808 3248 2010 3298 ludibus
2029 3248 2253 3305 hument.
2277 3247 2332 3298 in
2355 3245 2600 3300 humidas
2621 3246 2827 3317 paludes

1807 3343 1849 3376 s.
1865 3333 2044 3392 stagna
2066 3333 2266 3376 mutata
2279 3333 2419 3377 sunt.
2444 3322 2699 3379 Cumulat
2716 3345 2829 3379 ver-

1808 3399 1874 3452 ba
1904 3438 1919 3464 ,
1961 3407 2017 3450 ut
2065 3399 2290 3454 inculcet
2316 3441 2331 3467 ,
2371 3420 2532 3469 quam
2570 3401 2827 3456 mirabiles

1807 3476 1910 3529 sint
1935 3475 2033 3529 illae
2055 3479 2391 3531 mutationes.
2405 3506 2473 3519 —
2486 3480 2825 3549 Epwludasa,

1806 3556 1910 3609 scil.
1931 3555 2110 3610 humo.

1873 3654 1935 3705 27
1946 3655 1964 3688 ι
1975 3677 1986 3689 .
2007 3637 2297 3703 Elantz‘qm‘.
2315 3635 2591 3692 Hactenus
2607 3638 2708 3692 suit
2723 3638 2827 3693 edi·

1806 3722 1919 3766 tum
1943 3725 1997 3768 e!
2014 3719 2235 3782 antiquis
2256 3720 2551 3769 tremoribus
2561 3721 2697 3770 orbelr
2710 3718 2824 3768 Hu-

1802 3798 1940 3845 mina
1966 3795 2242 3859 prosiliunt
2273 3793 2297 3858 (
2323 3795 2396 3846 ita
2438 3793 2631 3848 habent
2672 3794 2828 3865 Regii

1802 3871 1917 3924 cod.
1942 3873 1978 3931 ).
2013 3871 2143 3927 Haec
2162 3872 2414 3926 mendosa
2430 3873 2627 3943 iudicat
2651 3873 2828 3928 Hein-

1803 3949 1908 4001 sius
1922 3987 1938 4015 ,
1956 3957 2006 4001 et
2024 3949 2232 4016 conjicit
2248 3960 2301 4002 e!
2311 3962 2404 4004 au!
2414 3956 2639 4019 quedam
2652 3958 2828 4006 stmu-

1800 4030 1912 4078 Iala
1933 4030 2223 4079 tremonzas
2248 4033 2387 4081 ortelr.
2417 4029 2524 4081 Pro
2545 4039 2650 4082 tam
2669 4034 2828 4083 malta

1803 4103 2042 4156 Sixianus
2061 4123 2313 4157 concussa
2329 4144 2342 4165 ,
2365 4124 2475 4159 non
2492 4106 2827 4176 improbante

1802 4182 2025 4235 Heinsio
2055 4224 2070 4250 ,
2114 4184 2203 4252 qui
2248 4195 2300 4237 et
2347 4189 2590 4239 convulsa
2623 4186 2822 4240 suadet.

1798 4262 2138 4316 Burmannus
2161 4274 2307 4333 putat
2322 4277 2428 4318 lam
2449 4271 2609 4319 mulla
2630 4267 2823 4335 perin-

1802 4340 2216 4410 terrogationem
2266 4342 2598 4411 capiendum.
2637 4339 2819 4399 Lectio
