3185 5138
693 655 825 854 P..
891 748 1410 855 ovum
1490 747 2147 854 NASONIS

474 991 2390 1128 METAMORPHOSEON

574 1273 951 1360 LIBER
1017 1273 2293 1388 DECIMUS-QUINTUS.

452 1852 537 1914 N.
559 1850 640 1913 B.
675 1850 1100 1937 Argumentum
1122 1830 1296 1938 hujus
1317 1854 1480 1917 Libri
1512 1854 1716 1918 decimi
1745 1857 1934 1940 quinti
1962 1859 2509 1944 Metamorphoseou

372 1957 613 2020 relatum
640 1958 898 2021 iuvenies
925 1962 986 2020 iu
1016 1962 1162 2023 serie
1201 1961 1488 2023 Cammu
1515 2005 1535 2040 ,
1573 1965 1746 2024 Tom.
1795 1966 1884 2025 111
1908 2008 1927 2041 ‚
1953 1987 2082 2050 pag.
2109 1965 2213 2039 42.

375 2254 545 2327 ΓΔΒ.
575 2255 628 2327 I.
675 2222 1127 2348 QUAERITUR
1161 2251 1448 2340 interea,
1482 2252 1600 2352 qui
1636 2268 1833 2326 tantae
1866 2250 2160 2353 pondera
2195 2251 2393 2328 molis

378 2370 717 2445 Sustineat
739 2428 758 2460 ‚
790 2388 1110 2472 tantoque
1145 2387 1343 2470 queat
1372 2369 1718 2444 succedere
1754 2369 1915 2464 regi.

377 2487 687 2563 Destinat
722 2485 1000 2588 imperio
1033 2483 1279 2559 clarum
1314 2486 1686 2588 praenuntia
1717 2486 1854 2561 veri

377 2603 576 2677 Fama
610 2605 896 2679 Numam
925 2630 942 2674 t
974 2629 1114 2673 non
1145 2599 1258 2675 ille
1297 2599 1455 2676 satis
1483 2629 1806 2697 cognosse
1836 2601 2095 2676 Sabinae

387 2720 619 2794 Gentis
653 2717 856 2794 habet
888 2718 1095 2807 ritus;
1129 2717 1350 2791 animo
1383 2718 1633 2819 majora
1666 2717 1889 2821 capaci
2480 2736 2515 2792 5

452 2909 600 2980 1-59.
623 2907 908 2979 Myndos,
943 2915 1220 2976 postquam
1244 2905 1401 2958 Her-

382 2987 511 3041 culis
523 3005 747 3042 munere
761 2988 1023 3042 absolutus
1034 2997 1148 3040 erat
1162 3004 1191 3039 a
1203 2986 1402 3042 civibus

382 3067 488 3119 suis
501 3107 515 3133 ,
533 3067 590 3119 in
606 3066 810 3121 Italiam
827 3066 1172 3136 proficiscitur
1183 3104 1198 3132 ,
1224 3066 1401 3134 ibique

391 3147 608 3199 Crotona
630 3146 819 3200 urbem
853 3143 1059 3211 condit,
1096 3163 1256 3213 quam
1280 3144 1403 3215 Py·-

388 3221 629 3293 tbagoras
648 3223 832 3278 studiis
852 3224 957 3279 suis
980 3224 1234 3278 nobilitat.
1259 3223 1406 3277 Inest

389 3302 825 3372 metamorphosis
834 3314 1052 3355 alme-um
1063 3305 1342 3370 lapillorum
1350 3306 1406 3353 ia

389 3384 551 3432 albos.
579 3380 643 3432 ln
656 3379 919 3434 narranda
937 3379 1187 3434 Crotonis
1203 3380 1405 3450 origine

394 3454 618 3509 Ovidius
642 3456 767 3510 alios
796 3467 1034 3511 auctores
1059 3468 1267 3511 secutus
1292 3466 1369 3509 est
1389 3495 1405 3522 ,

393 3555 453 3590 uc
491 3554 586 3589 nos
622 3536 890 3589 habemus.
915 3560 983 3576 -·-
1020 3538 1126 3602 Qui
1160 3547 1301 3590 recte
1344 3537 1408 3590 ab

394 3613 583 3668 Heins.
600 3634 663 3667 ex
673 3613 848 3667 Oxou.
869 3613 973 3667 MS
992 3624 1262 3683 receptum
1280 3632 1403 3682 pro,

391 3701 519 3763 quelr.
549 3696 630 3748 lta
665 3692 807 3747 enim
829 3712 1040 3761 quet-em
1069 3703 1146 3746 est
1177 3693 1407 3746 circum-

395 3774 591 3843 spicere
617 3813 632 3839 ,
669 3769 811 3841 quod
861 3789 1001 3824 curae
1041 3772 1411 3824 Romanorum

397 3850 565 3904 multo
578 3850 765 3903 melius
777 3849 1050 3914 convenit,
1070 3868 1229 3917 quam
1246 3848 1411 3901 altero

396 3949 551 3983 sensu
564 3969 579 3996 ,
612 3932 859 3995 Qua-titur
874 3928 1219 3997 quin—Regii
1245 3926 1414 3980 nostri

400 4009 558 4062 ambo
576 4047 592 4073 ‚
618 4019 677 4062 ut
711 4026 898 4061 omnes
929 4007 1015 4061 alii
1046 4016 1237 4077 preter
1259 4005 1411 4060 Oxo-

400 4088 637 4140 niensem
652 4125 668 4153 ,
691 4085 889 4139 habent
903 4090 1016 4155 qm's
1033 4103 1051 4151 ‚·
1071 4084 1161 4140 sed
1181 4086 1411 4156 proban-

399 4163 467 4218 da
495 4176 573 4218 est
610 4162 910 4219 emendatio
939 4164 1146 4218 Heiusii
1174 4183 1188 4217 ε
1222 4162 1414 4217 eodem

399 4262 555 4297 sensu
570 4241 853 4297 Terentius
872 4283 885 4306 ,
900 4240 1037 4296 Eun.
1056 4243 1137 4297 IV
1153 4280 1169 4307 ,
1189 4262 1214 4310 7
1235 4280 1250 4308 ,
1274 4244 1416 4307 Quu-

397 4340 503 4375 rcoe
521 4323 926 4390 qut'respoudeat.
957 4318 1057 4372 Ed.
1084 4346 1151 4362 —-
1171 4318 1417 4373 Graviter

1498 2915 1675 2959 autem
1692 2904 1938 2975 expressit
1954 2904 2104 2975 regui
2115 2923 2266 2959 curas
2281 2944 2295 2968 ‚
2310 2910 2516 2974 quitan-

1496 2994 1561 3036 ιο
1584 2988 1816 3052 pondera
1857 2996 1954 3038 etc.
1985 3003 2301 3053 quamquam
2343 2987 2520 3041 tenuis

1499 3063 1672 3117 adhuc
1707 3074 1836 3118 tunc
1867 3063 2117 3132 temporis
2150 3082 2233 3116 res
2260 3063 2521 3117 Romana.

1500 3142 1757 3197 Similiter
1772 3142 1930 3196 duces
1945 3145 2254 3199 bellimolem
2276 3148 2521 3196 snubere

1502 3221 1766 3276 dicuntur.

1567 3303 1615 3356 3.
1639 3303 1853 3369 Imperio
1871 3303 2077 3354 clarum.
2101 3299 2208 3354 Sixi
2234 3298 2397 3353 codex
2419 3306 2520 3353 Im·-

1492 3385 1636 3446 perio
1653 3380 1822 3431 Late'o.
1849 3380 2051 3430 Clarum
2065 3417 2078 3437 ,
2097 3376 2353 3448 inclytum
2365 3379 2521 3445 justi-

1504 3459 1574 3511 tia
1584 3467 1636 3511 et
1649 3456 1897 3525 religione
1915 3494 1929 3520 ‚
1945 3453 2384 3508 consultissimum
2403 3475 2520 3509 om-

1505 3536 1585 3588 nis
1617 3534 1778 3588 divini
1808 3544 1862 3586 et
1887 3531 2107 3585 humani
2131 3533 2275 3600 juris.
2307 3533 2517 3602 Livius,

1507 3614 1562 3678 Ῑα,
1589 3614 1663 3666 ι8.
1685 3638 1752 3651 ·—
1767 3612 1905 3664 Satis
1925 3613 2099 3669 habet.
2133 3610 2221 3678 qui
2244 3614 2520 3681 acquiescit

1505 3690 1561 3742 in
1588 3689 1759 3759 aliqua
1781 3708 1868 3755 re;
1894 3688 2012 3742 vide
2038 3687 2284 3745 Curtium
2306 3692 2369 3744 ad
2393 3693 2521 3747 sat-

1504 3770 1722 3825 lustium
1738 3770 1863 3838 Jug.
1878 3787 2037 3836 xxxt,
2058 3791 2136 3825 ao.
2157 3799 2222 3811 —
2244 3773 2522 3826 Describi—

1509 3849 1879 3919 turingeuium
1895 3849 2173 3917 excellens,
2191 3850 2331 3919 quod
2340 3870 2524 3921 sapere

1505 3926 1683 3981 studet
1707 3936 1864 3997 supra
1891 3924 2065 3980 tardos
2099 3928 2386 3996 populares.
2422 3929 2522 3981 Sa-

1509 4011 1637 4059 bine
1667 4011 1834 4073 genitis
1867 4011 1993 4058 ritus
2010 4046 2023 4064 ,
2068 4005 2391 4075 disciplinam
2431 4025 2530 4060 sa-

1508 4102 1656 4138 cram
1675 4093 1731 4136 et
1751 4082 1956 4136 civilem
1987 4083 2305 4137 Sabinorum
2323 4123 2338 4149 ‚
2363 4102 2525 4152 quam

1510 4162 1747 4217 tetricam
1779 4172 1834 4217 et
1855 4164 2056 4217 tristem
2089 4173 2238 4217 vocat
2264 4162 2440 4216 Livius
2471 4161 2525 4215 d.

1509 4240 1831 4309 l.—Capaxa
1841 4241 1971 4295 vasis
1982 4242 2319 4312 amplioribus
2337 4241 2399 4296 ad
2415 4247 2528 4295 am·-

1511 4337 1644 4372 παι
1657 4358 1673 4385 ,
1692 4318 1964 4388 ingenium
1976 4357 1993 4387 ‚
2023 4320 2528 4373 translatum-Ma-
