3185 5138
666 564 798 631 226

1226 561 1306 625 P.
1371 555 1740 624 OVIDII
1790 550 2252 620 NASONIS

663 707 1171 805 Tympanaque‚
1204 694 1651 796 plaususque,
1691 708 1756 764 et
1783 688 2064 764 Bacchei
2097 686 2391 762 ululatus

670 822 1121 919 Obstrepuere
1154 843 1320 890 sono
1354 811 1619 885 citharae
1650 839 1665 882 ε
1706 826 1846 881 tum
1882 806 2163 906 denique
2201 833 2354 878 saxa

666 942 822 1012 Non
861 932 1148 1009 exauditi
1179 930 1550 1004 rubuerunt
1582 924 1902 1020 sanguine
1930 922 2117 996 vatis,

671 1056 766 1128 At
795 1051 1084 1152 primum
1117 1045 1430 1120 attonitas
1466 1042 1822 1118 etiamnum
1851 1065 2007 1110 voce
2040 1034 2333 1110 canentis
2734 1073 2798 1108 ,ο

670 1172 1060 1244 innumeras
1093 1160 1393 1235 volucres
1416 1216 1434 1245 ,
1473 1182 1891 1256 anguesque,
1922 1180 2286 1251 agmenque
2320 1149 2601 1224 ferarum

674 1273 1009 1359 Maenades
1044 1276 1303 1377 Orphei
1340 1270 1605 1346 titulum
1639 1296 1915 1370 rapuere
1954 1268 2189 1341 theatri
2219 1297 2235 1340 ε

673 1397 840 1473 Inde
873 1391 1232 1468 cruentatis
1268 1394 1611 1462 vertamur
1645 1385 1715 1457 in
1749 1385 2021 1485 Orphea
2053 1384 2341 1470 dextris3

675 1517 770 1589 Et
804 1527 1045 1586 coeunt
1068 1564 1085 1596 ,
1118 1524 1197 1580 ut
1226 1533 1376 1594 aves
1399 1559 1418 1591 ,
1455 1501 1510 1574 si
1548 1500 1816 1602 quando
1850 1501 1994 1574 luce
2029 1517 2369 1595 vagantem

680 1627 914 1701 Noctis
948 1651 1128 1698 avem
1157 1638 1472 1704 cernunt;
1505 1635 1894 1718 Structoque
1930 1618 2262 1716 utrimque
2298 1616 2552 1690 theatro
2577 1672 2597 1702 ,
2739 1636 2803 1687 25

679 1837 735 1880 et
749 1822 1161 1891 veluti‘pungens
1177 1816 1462 1870 animos.·—
1473 1816 1694 1885 Tympa-

677 1925 853 1976 uaque,
862 1908 1185 1972 plaususque,
1208 1909 1262 1950 et
1274 1907 1372 1950 etc.
1387 1894 1521 1947 Vide
1539 1892 1604 1946 ad
1620 1893 1693 1960 X,

684 1986 780 2039 262
800 1992 853 2036 et
873 1982 1001 2041 30&
1027 1979 1081 2031 in
1115 1976 1302 2045 quibus
1327 1973 1449 2026 locis
1475 1972 1697 2041 scripto-

682 2081 797 2116 rem
809 2058 972 2114 nostri
990 2053 1197 2109 Codicis
1214 2056 1260 2108 A
1275 2052 1501 2106 sedulius
1522 2061 1696 2104 metro

679 2140 1038 2209 invigilantem
1068 2130 1475 2202 vituperavimus
1501 2151 1514 2189 ;
1543 2128 1717 2189 mul-¹

683 2218 835 2274 toties
857 2216 1001 2269 enim
1026 2214 1135 2281 jam
1157 2205 1444 2262 videndum
1470 2205 1568 2259 suit
1591 2203 1700 2257 sola

683 2313 890 2353 caesurae
908 2294 958 2346 vi
981 2289 1197 2362 produci
1219 2292 1268 2342 ro*
1284 2305 1379 2355 que
1401 2305 1416 2338 .·
1437 2286 1477 2338 si
1498 2284 1612 2355 quis
1629 2294 1705 2336 ta—

686 2395 809 2430 men
834 2372 934 2426 hoc
957 2371 1072 2423 loco
1093 2364 1381 2420 offenditur
1396 2404 1411 2431 ,
1431 2364 1588 2433 recipi
1610 2380 1705 2431 po-

683 2462 786 2508 test
795 2451 948 2506 lectio
959 2442 1547 2508 nostrorumCodicum,
1564 2443 1705 2512 Tym-

678 2548 912 2601 puuaque
929 2568 942 2589 ,
969 2536 1020 2579 et
1031 2526 1249 2593 plausus
1266 2563 1279 2584 ‚
1300 2521 1353 2574 et
1368 2521 1706 2574 Bacchee'etc.

688 2609 1074 2663 Ed.-Plausus
1086 2595 1311 2654 Lenzius
1322 2600 1373 2651 in
1381 2598 1557 2668 telligit
1568 2616 1707 2669 cym-

690 2686 928 2740 balorum
948 2702 959 2735 :
976 2700 1083 2733 non
1101 2679 1367 2732 assentior.
1385 2673 1586 2727 Plinius
1601 2674 1707 2740 ,11,

699 2767 795 2836 Ep.
821 2781 936 2831 xnr,
971 2762 1026 2813 13
1048 2800 1062 2826 ,
1089 2758 1202 2810 haec
1225 2753 1563 2809 Bacchanalia
1587 2772 1710 2805 res-

695 2844 889 2913 piciens
914 2859 927 2891 :
956 2860 983 2883 ‹-
1007 2837 1223 2890 Plausus
1242 2841 1448 2886 tantum
1467 2870 1480 2898 ,
1502 2829 1676 2898 inquit
1695 2869 1709 2895 ,

701 2942 726 2966 ›-
752 2938 809 2971 ac
825 2916 996 2986 potius
1011 2911 1116 2967 sola
1134 2909 1369 2982 cymbala
1392 2919 1445 2960 et
1463 2920 1712 2980 tympana

697 3018 725 3041 v»
748 2993 846 3047 illis
868 2990 1078 3046 canticis
1102 2988 1305 3040 desunt.
1325 3008 1350 3031 υ
1372 3013 1437 3023 —
1459 2985 1712 3036 Ululatus.

701 3071 847 3125 Vide
883 3069 948 3122 ad
986 3068 1067 3122 111
1090 3107 1104 3134 ‚
1142 3067 1253 3119 528.
1289 3091 1355 3104 ·-
1392 3065 1717 3128 Obstrepuere

697 3169 836 3205 sono.
859 3145 1038 3202 Codex
1059 3143 1252 3212 Regius
1274 3142 1319 3195 Α
1335 3179 1350 3207 ,
1371 3158 1493 3193 cum
1513 3137 1716 3191 duobus

701 3229 763 3283 ab
790 3223 1012 3281 Heinsio
1033 3220 1198 3276 citatis
1212 3222 1499 3272 obstruxere
1513 3233 1711 3279 sonum,-

705 3307 889 3363 Codex
905 3306 1248 3371 Bobstupuere
1264 3318 1389 3352 sono
1404 3315 1421 3362 ‚·
1441 3306 1558 3348 octo
1584 3306 1712 3349 teste

706 3388 893 3442 eodem
907 3388 1197 3449 obstupuere
1207 3397 1395 3432 sonum.
1418 3375 1590 3428 Ed.-
1612 3377 1719 3428 ob—

707 3479 952 3535 strepuere
966 3502 980 3525 ,
1004 3460 1220 3529 strepitu
1237 3475 1331 3510 suo
1354 3455 1605 3507 vicerunt.
1623 3453 1718 3505 Ti-

706 3545 876 3599 bullus
894 3582 908 3609 ,
929 3542 983 3595 11
1003 3579 1018 3606 ,
1044 3556 1065 3590 1
1084 3577 1098 3606 ,
1127 3536 1191 3589 86
1207 3576 1222 3601 ,
1248 3533 1590 3599 turbajocosa
1618 3532 1721 3583 05-

708 3626 881 3688 strepe't
895 3660 908 3681 ,
937 3628 988 3670 et
1006 3617 1224 3686 Phrygio
1254 3615 1380 3664 tibia
1402 3629 1551 3662 curva
1579 3627 1718 3660 sono.

776 3716 857 3751 ao.
875 3699 1141 3750 Attonitas
1156 3692 1291 3744 bene
1314 3689 1465 3758 fingit
1477 3727 1491 3754 ,
1516 3688 1637 3757 quia
1650 3688 1722 3739 sic

710 3788 950 3850 apparet,
975 3794 1066 3828 cur
1083 3773 1315 3840 volucres
1330 3780 1382 3822 et
1395 3767 1518 3820 serae
1539 3788 1591 3820 se
1611 3785 1721 3818 non

710 3854 1058 3911 subtraxerint
1092 3849 1362 3903 velocitate
1400 3847 1480 3899 vel
1521 3845 1724 3920 alarum

713 3936 793 3990 vel
819 3934 1031 4005 pedum.
1068 3958 1133 3970 —
1169 3933 1458 3982 Etiamnum
1480 3967 1494 3988 ,
1544 3927 1600 3977 in
1637 3925 1723 3976 illo

713 4014 931 4083 strepitu
956 4021 1007 4064 et
1033 4008 1246 4061 ululatu.
1280 4033 1344 4046 -
1372 4003 1520 4073 Regii
1561 4003 1725 4055 nostri

713 4093 908 4146 habent
927 4095 1077 4143 etiam
1101 4106 1232 4140 nuuc
1254 4127 1266 4146 ,
1291 4086 1420 4138 sicut
1434 4094 1485 4136 et
1511 4083 1562 4135 X
1577 4122 1591 4148 ,
1614 4082 1723 4148 403.

719 4171 1056 4221 -Menades
1073 4208 1086 4228 ,
1122 4162 1337 4218 Bacchae
1356 4200 1371 4226 ,
1397 4165 1482 4213 ὀπὶ
1510 4171 1586 4213 ⁴:227
1610 4168 1729 4227 μαί-

721 4256 885 4300 νεσθαι.
908 4247 1107 4297 Notum
1133 4252 1235 4307 est,
1262 4244 1504 4292 theatrum
1522 4236 1585 4289 de
1611 4237 1727 4305 ipsis

723 4324 802 4378 rel
826 4323 1193 4393 spectatoribus
1212 4320 1290 4371 vel
1317 4317 1634 4370 auditoribus
1657 4314 1728 4365 di-

1789 1815 1863 1878 ei;
1886 1813 2086 1869 Plinius
2101 1854 2116 1879 ,
2141 1832 2323 1884 paneg.
2342 1814 2401 1878 54
2419 1835 2432 1875 ;
2452 1812 2726 1878 Horatius,
2746 1815 2770 1867 1
2787 1853 2802 1877 ,

1793 1894 1891 1964 Ep.
1916 1908 2011 1946 xlx
2031 1931 2046 1958 ,
2072 1895 2228 1959 4ι.-
2247 1893 2444 1944 Titulus
2455 1893 2668 1951 theatri,
2694 1891 2807 1961 glo-

1791 1972 1866 2024 ria
1881 1969 2089 2036 theatri,
2107 1968 2427 2022 honorificus
2443 1987 2707 2023 consessus
2720 1989 2806 2021 au·

1793 2048 2023 2102 ditorutn
2043 2069 2056 2101 :
2083 2052 2211 2099 mira
2224 2050 2421 2099 theatra
2440 2044 2645 2115 Orphei
2669 2046 2805 2114 apud

1797 2124 2146 2179 Claudianum
2173 2163 2187 2190 ,
2237 2123 2329 2189 11,
2359 2123 2456 2192 Ep.
2491 2140 2566 2174 vr.
2612 2126 2809 2177 Titulus

1796 2217 1973 2259 autem
1998 2205 2070 2259 sie
2092 2204 2281 2274 passim
2306 2224 2320 2266 ;
2356 2203 2455 2268 IV,
2474 2202 2601 2268 644,
2628 2206 2810 2269 prede

1794 2287 1972 2339 titulus
1989 2300 2007 2348 ,⁰
2037 2282 2175 2349 Vll,
2203 2281 2267 2335 56
2280 2319 2295 2347 ,
2313 2284 2487 2333 te‘tulus
2509 2291 2711 2332 servato
2722 2300 2811 2346 pu·

1798 2365 1911 2430 bis5
1937 2361 1990 2415 Χ
2004 2401 2019 2428 ,
2051 2361 2149 2413 602
2172 2399 2186 2426 ,
2226 2360 2352 2427 quid
2360 2358 2577 2425 facilem
2615 2361 2810 2412 titulum

1798 2446 1975 2511 queris
2003 2441 2032 2492 ?
2068 2437 2320 2491 Sumtum
2346 2446 2423 2489 est
2450 2433 2757 2488 vocabulum
2785 2454 2812 2483 a

1798 2529 2090 2574 statuarum
2113 2514 2269 2569 titulis
2288 2554 2302 2580 ,
2333 2512 2419 2584 qui
2443 2512 2589 2565 valde
2609 2511 2813 2582 gloriosi

1801 2596 2143 2652 habebantur.
2196 2594 2319 2646 Duo
2366 2592 2512 2647 MSS
2538 2596 2774 2658 populum
2798 2631 2812 2646 .

1804 2674 1945 2745 quod
1986 2672 2205 2725 illustrat
2238 2671 2576 2724 Burmannus
2614 2666 2818 2722 Manilii

1805 2766 1860 2808 et
1886 2752 2113 2822 Alciphr.
2151 2750 2395 2820 exemplis
2415 2789 2429 2816 ,
2464 2749 2553 2818 qui
2582 2753 2818 2818 populum

1796 2838 2013 2899 pisctum
2026 2841 2079 2884 et
2091 2834 2268 2883 alitum
2284 2839 2336 2882 et
2354 2836 2498 2897 δῐμου
2516 2832 2670 2904 ὅρνίων
2684 2827 2817 2880 dixe·

1807 2922 1947 2966 runt.
1975 2910 2124 2964 Idem
2141 2909 2477 2962 Burmannus
2492 2926 2598 2959 non
2618 2908 2820 2976 impro-

1807 2989 1896 3043 bat
1921 3029 1935 3056 ,
1972 2987 2108 3057 quod
2137 2986 2347 3056 quidam
2374 2985 2564 3039 babent
2586 3023 2601 3048 ,
2633 2984 2828 3049 Orphei

1806 3070 2067 3133 triumph&
2095 3065 2282 3135 partim
2305 3063 2423 3132 quia
2443 3080 2561 3113 mox
2583 3060 2819 3128 sequitur

1809 3148 2003 3200 theatro
2022 3184 2035 3204 ,
2075 3142 2266 3212 partim
2307 3139 2424 3209 quia
2470 3141 2643 3190 titulus
2683 3136 2816 3188 hene

1810 3224 2054 3289 treumpho
2071 3219 2688 3284 conveniret—Rapa&
2700 3257 2712 3274 .
2739 3215 2822 3268 di-

1813 3300 2013 3353 laniatis
2031 3299 2136 3352 istis
2150 3297 2273 3351 feris
2290 3308 2341 3351 et
2357 3295 2646 3349 volucribus
2667 3314 2678 3346 ε
2704 3292 2820 3346 vide

1814 3376 1880 3430 ad
1904 3397 2031 3431 vers.
2058 3379 2121 3429 38
2148 3396 2160 3429 ε
2182 3376 2305 3429 hinc
2330 3393 2450 3427 mox
2476 3382 2639 3426 ruunt
2655 3390 2822 3424 cruen-

1812 3461 1935 3509 tatis
1957 3457 2162 3508 dextris.
2381 3454 2389 3462 ’

1885 3536 1960 3588 23.
1997 3537 2051 3587 V
2042 3540 2138 3586 erte'
2154 3539 2208 3585 1'12
2233 3536 2446 3600 aliquem
2470 3530 2726 3598 impeturn
2746 3528 2823 3579 in-

1817 3610 1951 3665 dicat
1967 3651 1981 3678 ,
2002 3612 2089 3680 qui
2115 3609 2174 3662 fit
2199 3608 2261 3661 ab
2281 3608 2381 3659 alio
2402 3607 2457 3659 in
2476 3607 2634 3659 alium
2653 3646 2667 3671 ,
2689 3614 2744 3656 ut
2765 3604 2787 3657 1
2809 3645 2823 3669 ,

1817 3692 1929 3744 235.
1951 3719 2015 3729 -
2041 3690 2225 3741 Coeunt
2242 3728 2253 3747 ‚
2279 3685 2512 3754 undique
2536 3682 2825 3736 confluunt.

1819 3765 2129 3835 Exemplum
2151 3784 2258 3816 non
2275 3762 2407 3815 male
2428 3761 2687 3814 delectum
2709 3783 2720 3821 ς
2738 3756 2825 3812 sed

1819 3854 1942 3896 nota
1966 3841 2332 3912 negligentiam
2351 3838 2599 3890 orationis
2614 3876 2628 3903 ,
2654 3842 2832 3889 coeunt

1819 3934 1877 3975 ut
1895 3941 2014 3974 aves
2031 3963 2043 3982 ,
2078 3930 2130 3973 et
2158 3940 2246 3973 ceu
2270 3937 2441 3972 cervus
2457 3923 2632 3983 prada
2655 3933 2830 3968 canum

1819 4011 1899 4053 est
1913 4042 1925 4060 ,
1961 4013 2215 4066 vatemque
2228 4006 2419 4064 petunt.
2445 4023 2511 4035 —
2543 3996 2830 4061 Vugantem.

1824 4078 1979 4131 Unus
2009 4076 2280 4130 Mediceus
2312 4079 2573 4127 volantem.
2595 4098 2660 4110 —
2684 4067 2831 4136 Regii

1822 4176 1855 4209 n
1863 4157 1987 4210 ostri
2002 4155 2587 4231 vagantem—Stratum
2597 4153 2834 4213 utrimque

1822 4238 2096 4294 theatrum,
2132 4230 2573 4300 amphitheatrum
2595 4267 2609 4292 ,
2646 4227 2696 4278 in
2731 4241 2833 4290 quo

1827 4311 2012 4364 Roma:
2038 4313 2171 4364 bene
2203 4329 2348 4362 mane
2373 4308 2671 4361 venationes
2688 4341 2702 4368 ,
2738 4299 2834 4368 sub
