<?xml version="1.0" encoding="UTF-8"?>
<!DOCTYPE html PUBLIC "-//W3C//DTD XHTML 1.0 Transitional//EN"
    "http://www.w3.org/TR/xhtml1/DTD/xhtml1-transitional.dtd">
<html xmlns="http://www.w3.org/1999/xhtml" xml:lang="en" lang="en">
 <head>
  <title>
</title>
<meta http-equiv="Content-Type" content="text/html;charset=utf-8" />
  <meta name='ocr-system' content='tesseract 3.04.00' />
  <meta name='ocr-capabilities' content='ocr_page ocr_carea ocr_par ocr_line ocrx_word'/>
</head>
<body>
  <div class='ocr_page' id='page_1' title='image "./publiusovidiusn02giergoog_0367.png"; bbox 0 0 3185 5138; ppageno 0'>
   <div class='ocr_carea' id='block_1_1' title="bbox 1687 534 2510 563">
    <p class='ocr_par' dir='ltr' id='par_1_1' title="bbox 1687 534 2510 563">
     <span class='ocr_line' id='line_1_1' title="bbox 1687 534 2510 563; baseline 0 4575"><span class='ocrx_word' id='word_1_1' title='bbox 1687 534 2510 563; x_wconf 95' lang='lat' dir='ltr'><strong> </strong></span> 
     </span>
    </p>
   </div>
   <div class='ocr_carea' id='block_1_2' title="bbox 480 726 2401 1117">
    <p class='ocr_par' dir='ltr' id='par_1_2' title="bbox 480 726 2401 1117">
     <span class='ocr_line' id='line_1_2' title="bbox 717 726 2163 835; baseline 0.003 -5"><span class='ocrx_word' id='word_1_2' title='bbox 717 727 838 832; x_wconf 86' lang='lat' dir='ltr'><strong>P.</strong></span> <span class='ocrx_word' id='word_1_3' title='bbox 927 726 1441 832; x_wconf 78' lang='lat' dir='ltr'><strong>ovum</strong></span> <span class='ocrx_word' id='word_1_4' title='bbox 1512 726 2163 835; x_wconf 80' lang='lat' dir='ltr'><strong>NASONIS</strong></span> 
     </span>
     <span class='ocr_line' id='line_1_3' title="bbox 480 975 2401 1117; baseline 0.004 -7"><span class='ocrx_word' id='word_1_5' title='bbox 480 975 2401 1117; x_wconf 87' lang='lat' dir='ltr'><strong>METAMORPHOSEON</strong></span> 
     </span>
    </p>
   </div>
   <div class='ocr_carea' id='block_1_3' title="bbox 612 1259 2285 1353">
    <p class='ocr_par' dir='ltr' id='par_1_3' title="bbox 612 1259 2285 1353">
     <span class='ocr_line' id='line_1_4' title="bbox 612 1259 2285 1353; baseline 0.005 -9"><span class='ocrx_word' id='word_1_6' title='bbox 612 1259 989 1345; x_wconf 90' lang='lat' dir='ltr'>LIBER</span> <span class='ocrx_word' id='word_1_7' title='bbox 1065 1260 1643 1347; x_wconf 85' lang='lat' dir='ltr'>DECIMUS</span> <span class='ocrx_word' id='word_1_8' title='bbox 1717 1263 2285 1353; x_wconf 86' lang='lat' dir='ltr'>TERTIUS.</span> 
     </span>
    </p>
   </div>
   <div class='ocr_carea' id='block_1_4' title="bbox 389 1806 2523 2011">
    <p class='ocr_par' dir='ltr' id='par_1_4' title="bbox 389 1806 2523 2011">
     <span class='ocr_line' id='line_1_5' title="bbox 467 1806 2523 1897; baseline 0.005 -30"><span class='ocrx_word' id='word_1_9' title='bbox 467 1807 548 1867; x_wconf 84' lang='lat' dir='ltr'><strong>N.</strong></span> <span class='ocrx_word' id='word_1_10' title='bbox 584 1806 663 1867; x_wconf 90' lang='lat' dir='ltr'><strong>B.</strong></span> <span class='ocrx_word' id='word_1_11' title='bbox 698 1806 1119 1891; x_wconf 79' lang='lat' dir='ltr'><strong>Argumentum</strong></span> <span class='ocrx_word' id='word_1_12' title='bbox 1149 1807 1319 1891; x_wconf 79' lang='lat' dir='ltr'><strong>hujus</strong></span> <span class='ocrx_word' id='word_1_13' title='bbox 1354 1808 1513 1871; x_wconf 85' lang='lat' dir='ltr'><strong>Libri</strong></span> <span class='ocrx_word' id='word_1_14' title='bbox 1541 1810 1749 1871; x_wconf 85' lang='lat' dir='ltr'><strong>decimi</strong></span> <span class='ocrx_word' id='word_1_15' title='bbox 1785 1811 1940 1872; x_wconf 85' lang='lat' dir='ltr'><strong>tertii</strong></span> <span class='ocrx_word' id='word_1_16' title='bbox 1980 1814 2523 1897; x_wconf 75' lang='lat' dir='ltr'><strong>Metamorphoseon</strong></span> 
     </span>
     <span class='ocr_line' id='line_1_6' title="bbox 389 1920 2175 2011; baseline 0.003 -30"><span class='ocrx_word' id='word_1_17' title='bbox 389 1920 625 1982; x_wconf 85' lang='lat' dir='ltr'><strong>relatum</strong></span> <span class='ocrx_word' id='word_1_18' title='bbox 659 1922 910 1985; x_wconf 81' lang='lat' dir='ltr'><strong>invenies</strong></span> <span class='ocrx_word' id='word_1_19' title='bbox 948 1921 1006 1982; x_wconf 85' lang='lat' dir='ltr'><strong>in</strong></span> <span class='ocrx_word' id='word_1_20' title='bbox 1037 1922 1182 1984; x_wconf 82' lang='lat' dir='ltr'><strong>serie</strong></span> <span class='ocrx_word' id='word_1_21' title='bbox 1211 1923 1497 1984; x_wconf 73' lang='lat' dir='ltr'>CANTERI</span> <span class='ocrx_word' id='word_1_22' title='bbox 1516 1969 1536 2001; x_wconf 85' lang='lat'>‚</span> <span class='ocrx_word' id='word_1_23' title='bbox 1575 1937 1718 1986; x_wconf 85' lang='lat' dir='ltr'><strong>tom.</strong></span> <span class='ocrx_word' id='word_1_24' title='bbox 1751 1927 1842 1985; x_wconf 87' lang='lat'><strong>111</strong></span> <span class='ocrx_word' id='word_1_25' title='bbox 1861 1970 1882 2001; x_wconf 83' lang='lat'>‚</span> <span class='ocrx_word' id='word_1_26' title='bbox 1917 1948 2046 2011; x_wconf 80' lang='lat' dir='ltr'><strong>pag.</strong></span> <span class='ocrx_word' id='word_1_27' title='bbox 2072 1927 2175 2001; x_wconf 71' lang='lat'><strong>41.</strong></span> 
     </span>
    </p>
   </div>
   <div class='ocr_carea' id='block_1_5' title="bbox 391 2193 2364 2438">
    <p class='ocr_par' dir='ltr' id='par_1_5' title="bbox 391 2193 2364 2438">
     <span class='ocr_line' id='line_1_7' title="bbox 391 2193 2364 2318; baseline 0.001 -18"><span class='ocrx_word' id='word_1_28' title='bbox 391 2228 558 2300; x_wconf 75' lang='lat' dir='ltr'><strong>FAB.</strong></span> <span class='ocrx_word' id='word_1_29' title='bbox 592 2229 644 2298; x_wconf 85' lang='lat' dir='ltr'><strong>l.</strong></span> <span class='ocrx_word' id='word_1_30' title='bbox 695 2193 1151 2297; x_wconf 65' lang='lat' dir='ltr'><strong>Cossssnssnss</strong></span> <span class='ocrx_word' id='word_1_31' title='bbox 1187 2223 1428 2311; x_wconf 82' lang='lat' dir='ltr'><strong>duces,</strong></span> <span class='ocrx_word' id='word_1_32' title='bbox 1465 2242 1570 2311; x_wconf 86' lang='lat' dir='ltr'><strong>et,</strong></span> <span class='ocrx_word' id='word_1_33' title='bbox 1608 2221 1790 2318; x_wconf 80' lang='lat' dir='ltr'><strong>vulgi</strong></span> <span class='ocrx_word' id='word_1_34' title='bbox 1827 2241 2042 2297; x_wconf 86' lang='lat' dir='ltr'><strong>stante</strong></span> <span class='ocrx_word' id='word_1_35' title='bbox 2071 2254 2364 2317; x_wconf 88' lang='lat' dir='ltr'><strong>corona,</strong></span> 
     </span>
     <span class='ocr_line' id='line_1_8' title="bbox 393 2335 2178 2438; baseline -0.001 -26"><span class='ocrx_word' id='word_1_36' title='bbox 393 2340 625 2435; x_wconf 84' lang='lat' dir='ltr'>Surgit</span> <span class='ocrx_word' id='word_1_37' title='bbox 654 2339 737 2411; x_wconf 90' lang='lat' dir='ltr'><strong>ad</strong></span> <span class='ocrx_word' id='word_1_38' title='bbox 764 2338 893 2412; x_wconf 88' lang='lat' dir='ltr'><strong>hos</strong></span> <span class='ocrx_word' id='word_1_39' title='bbox 921 2337 1132 2438; x_wconf 82' lang='lat' dir='ltr'>clypei</span> <span class='ocrx_word' id='word_1_40' title='bbox 1165 2336 1474 2410; x_wconf 87' lang='lat' dir='ltr'><strong>dominus</strong></span> <span class='ocrx_word' id='word_1_41' title='bbox 1507 2335 1955 2438; x_wconf 82' lang='lat' dir='ltr'><strong>septemplicis</strong></span> <span class='ocrx_word' id='word_1_42' title='bbox 1993 2338 2178 2436; x_wconf 70' lang='lat' dir='ltr'><strong>AjaX.</strong></span> 
     </span>
    </p>
   </div>
   <div class='ocr_carea' id='block_1_6' title="bbox 389 2506 1420 4385">
    <p class='ocr_par' dir='ltr' id='par_1_6' title="bbox 389 2506 1420 4385">
     <span class='ocr_line' id='line_1_9' title="bbox 461 2506 1404 2581; baseline -0.002 -20"><span class='ocrx_word' id='word_1_43' title='bbox 461 2529 482 2561; x_wconf 85' lang='grc' dir='ltr'>ι</span> <span class='ocrx_word' id='word_1_44' title='bbox 492 2509 640 2581; x_wconf 79' lang='grc'>-398,</span> <span class='ocrx_word' id='word_1_45' title='bbox 656 2508 922 2562; x_wconf 77' lang='lat' dir='ltr'><strong>Armorum</strong></span> <span class='ocrx_word' id='word_1_46' title='bbox 923 2508 1192 2575; x_wconf 66' lang='lat' dir='ltr'><strong>J&#39;udtke‘une.</strong></span> <span class='ocrx_word' id='word_1_47' title='bbox 1217 2506 1404 2559; x_wconf 83' lang='lat' dir='ltr'>Nobile</span> 
     </span>
     <span class='ocr_line' id='line_1_10' title="bbox 390 2586 1406 2655; baseline -0.006 -12"><span class='ocrx_word' id='word_1_48' title='bbox 390 2587 517 2644; x_wconf 85' lang='lat' dir='ltr'><strong>illud</strong></span> <span class='ocrx_word' id='word_1_49' title='bbox 540 2597 787 2640; x_wconf 76' lang='lat' dir='ltr'><strong>cer-&#39;lamen</strong></span> <span class='ocrx_word' id='word_1_50' title='bbox 821 2606 1067 2638; x_wconf 76' lang='lat' dir='ltr'><strong>armorum</strong></span> <span class='ocrx_word' id='word_1_51' title='bbox 1101 2586 1239 2638; x_wconf 85' lang='lat' dir='ltr'><strong>inter</strong></span> <span class='ocrx_word' id='word_1_52' title='bbox 1265 2586 1406 2655; x_wconf 82' lang='lat' dir='ltr'><strong>Aja-</strong></span> 
     </span>
     <span class='ocr_line' id='line_1_11' title="bbox 390 2663 1406 2735; baseline -0.004 -16"><span class='ocrx_word' id='word_1_53' title='bbox 390 2684 508 2720; x_wconf 82' lang='lat' dir='ltr'><strong>cem</strong></span> <span class='ocrx_word' id='word_1_54' title='bbox 528 2664 901 2719; x_wconf 85' lang='lat' dir='ltr'><strong>Telamonium</strong></span> <span class='ocrx_word' id='word_1_55' title='bbox 929 2673 982 2716; x_wconf 81' lang='lat' dir='ltr'><strong>et</strong></span> <span class='ocrx_word' id='word_1_56' title='bbox 1009 2663 1279 2735; x_wconf 82' lang='lat' dir='ltr'><strong>Ulyssem,</strong></span> <span class='ocrx_word' id='word_1_57' title='bbox 1309 2682 1406 2716; x_wconf 88' lang='lat' dir='ltr'><strong>cu·-</strong></span> 
     </span>
     <span class='ocr_line' id='line_1_12' title="bbox 389 2742 1401 2814; baseline -0.003 -17"><span class='ocrx_word' id='word_1_58' title='bbox 389 2746 473 2814; x_wconf 81' lang='lat' dir='ltr'><strong>jus</strong></span> <span class='ocrx_word' id='word_1_59' title='bbox 498 2743 695 2798; x_wconf 75' lang='lat' dir='ltr'>occasio</span> <span class='ocrx_word' id='word_1_60' title='bbox 720 2782 735 2809; x_wconf 94' lang='lat'>,</span> <span class='ocrx_word' id='word_1_61' title='bbox 769 2742 853 2796; x_wconf 89' lang='lat' dir='ltr'><strong>lib.</strong></span> <span class='ocrx_word' id='word_1_62' title='bbox 877 2743 983 2795; x_wconf 84' lang='lat' dir='ltr'><strong>X11</strong></span> <span class='ocrx_word' id='word_1_63' title='bbox 1008 2753 1136 2794; x_wconf 77' lang='lat' dir='ltr'><strong>extr.</strong></span> <span class='ocrx_word' id='word_1_64' title='bbox 1161 2753 1401 2808; x_wconf 85' lang='lat' dir='ltr'><strong>narrata,</strong></span> 
     </span>
     <span class='ocr_line' id='line_1_13' title="bbox 390 2821 1405 2893; baseline -0.005 -15"><span class='ocrx_word' id='word_1_65' title='bbox 390 2825 539 2893; x_wconf 84' lang='lat' dir='ltr'><strong>cujus</strong></span> <span class='ocrx_word' id='word_1_66' title='bbox 571 2822 825 2877; x_wconf 86' lang='lat' dir='ltr'><strong>memoria</strong></span> <span class='ocrx_word' id='word_1_67' title='bbox 849 2821 941 2874; x_wconf 92' lang='lat' dir='ltr'><strong>diu</strong></span> <span class='ocrx_word' id='word_1_68' title='bbox 971 2822 1112 2875; x_wconf 88' lang='lat' dir='ltr'><strong>inter</strong></span> <span class='ocrx_word' id='word_1_69' title='bbox 1132 2821 1405 2874; x_wconf 82' lang='lat' dir='ltr'><strong>AEolenses</strong></span> 
     </span>
     <span class='ocr_line' id='line_1_14' title="bbox 392 2896 1407 2970; baseline -0.005 -14"><span class='ocrx_word' id='word_1_70' title='bbox 392 2903 616 2968; x_wconf 81' lang='lat' dir='ltr'><strong>mansit,</strong></span> <span class='ocrx_word' id='word_1_71' title='bbox 649 2905 669 2970; x_wconf 90' lang='lat'><strong>(</strong></span> <span class='ocrx_word' id='word_1_72' title='bbox 697 2903 918 2955; x_wconf 88' lang='lat' dir='ltr'><strong>Pausan.</strong></span> <span class='ocrx_word' id='word_1_73' title='bbox 949 2900 1103 2952; x_wconf 83' lang='lat' dir='ltr'><strong>Attic.</strong></span> <span class='ocrx_word' id='word_1_74' title='bbox 1128 2920 1176 2968; x_wconf 89' lang='lat' dir='ltr'><strong>p.</strong></span> <span class='ocrx_word' id='word_1_75' title='bbox 1206 2899 1270 2952; x_wconf 79' lang='lat'><strong>86</strong></span> <span class='ocrx_word' id='word_1_76' title='bbox 1295 2896 1320 2967; x_wconf 94' lang='lat'><em>)</em></span> <span class='ocrx_word' id='word_1_77' title='bbox 1353 2908 1407 2951; x_wconf 90' lang='lat' dir='ltr'><strong>et</strong></span> 
     </span>
     <span class='ocr_line' id='line_1_15' title="bbox 395 2979 1406 3051; baseline -0.005 -17"><span class='ocrx_word' id='word_1_78' title='bbox 395 2981 534 3051; x_wconf 86' lang='lat' dir='ltr'><strong>quod</strong></span> <span class='ocrx_word' id='word_1_79' title='bbox 559 3002 588 3034; x_wconf 81' lang='lat' dir='ltr'><strong>a</strong></span> <span class='ocrx_word' id='word_1_80' title='bbox 613 2980 789 3033; x_wconf 86' lang='lat' dir='ltr'><strong>multis</strong></span> <span class='ocrx_word' id='word_1_81' title='bbox 812 2979 1107 3032; x_wconf 81' lang='lat' dir='ltr'><strong>auctoribus</strong></span> <span class='ocrx_word' id='word_1_82' title='bbox 1130 2988 1236 3031; x_wconf 86' lang='lat' dir='ltr'><strong>tam</strong></span> <span class='ocrx_word' id='word_1_83' title='bbox 1262 2996 1406 3046; x_wconf 82' lang='lat' dir='ltr'><strong>grae-</strong></span> 
     </span>
     <span class='ocr_line' id='line_1_16' title="bbox 394 3057 1407 3129; baseline -0.005 -17"><span class='ocrx_word' id='word_1_84' title='bbox 394 3061 465 3113; x_wconf 88' lang='lat' dir='ltr'><strong>cis</strong></span> <span class='ocrx_word' id='word_1_85' title='bbox 488 3101 502 3126; x_wconf 89' lang='lat'><strong>,</strong></span> <span class='ocrx_word' id='word_1_86' title='bbox 546 3078 704 3129; x_wconf 87' lang='lat' dir='ltr'><strong>quam</strong></span> <span class='ocrx_word' id='word_1_87' title='bbox 745 3057 915 3111; x_wconf 86' lang='lat' dir='ltr'><strong>latinis</strong></span> <span class='ocrx_word' id='word_1_88' title='bbox 943 3097 957 3122; x_wconf 89' lang='lat'><strong>,</strong></span> <span class='ocrx_word' id='word_1_89' title='bbox 999 3065 1277 3109; x_wconf 86' lang='lat' dir='ltr'><strong>tractatum</strong></span> <span class='ocrx_word' id='word_1_90' title='bbox 1313 3065 1407 3108; x_wconf 84' lang='lat' dir='ltr'><strong>est.</strong></span> 
     </span>
     <span class='ocr_line' id='line_1_17' title="bbox 397 3134 1409 3205; baseline -0.005 -14"><span class='ocrx_word' id='word_1_91' title='bbox 397 3139 772 3193; x_wconf 84' lang='lat' dir='ltr'><strong>Tractaverant</strong></span> <span class='ocrx_word' id='word_1_92' title='bbox 796 3137 939 3190; x_wconf 88' lang='lat' dir='ltr'><strong>enim</strong></span> <span class='ocrx_word' id='word_1_93' title='bbox 965 3134 1065 3205; x_wconf 91' lang='lat' dir='ltr'><strong>(ut</strong></span> <span class='ocrx_word' id='word_1_94' title='bbox 1081 3136 1303 3188; x_wconf 80' lang='lat' dir='ltr'><strong>Homer.</strong></span> <span class='ocrx_word' id='word_1_95' title='bbox 1326 3146 1409 3188; x_wconf 88' lang='lat' dir='ltr'><strong>ta·-</strong></span> 
     </span>
     <span class='ocr_line' id='line_1_18' title="bbox 396 3216 1412 3286; baseline -0.006 -14"><span class='ocrx_word' id='word_1_96' title='bbox 396 3237 541 3272; x_wconf 82' lang='lat' dir='ltr'><strong>ceam</strong></span> <span class='ocrx_word' id='word_1_97' title='bbox 556 3256 574 3279; x_wconf 81' lang='grc'>,</span> <span class='ocrx_word' id='word_1_98' title='bbox 587 3219 677 3286; x_wconf 89' lang='lat' dir='ltr'><strong>qui</strong></span> <span class='ocrx_word' id='word_1_99' title='bbox 696 3216 802 3270; x_wconf 83' lang='lat' dir='ltr'><strong>od.</strong></span> <span class='ocrx_word' id='word_1_100' title='bbox 818 3227 883 3282; x_wconf 83' lang='lat' dir='ltr'><strong>A,</strong></span> <span class='ocrx_word' id='word_1_101' title='bbox 902 3218 994 3282; x_wconf 78' lang='lat'><strong>542</strong></span> <span class='ocrx_word' id='word_1_102' title='bbox 1009 3234 1125 3284; x_wconf 87' lang='lat' dir='ltr'><strong>sqq,</strong></span> <span class='ocrx_word' id='word_1_103' title='bbox 1140 3216 1252 3282; x_wconf 81' lang='lat' dir='ltr'><strong>ejus</strong></span> <span class='ocrx_word' id='word_1_104' title='bbox 1268 3232 1412 3266; x_wconf 87' lang='lat' dir='ltr'><strong>men·</strong></span> 
     </span>
     <span class='ocr_line' id='line_1_19' title="bbox 399 3293 1412 3359; baseline -0.003 -11"><span class='ocrx_word' id='word_1_105' title='bbox 399 3297 601 3349; x_wconf 89' lang='lat' dir='ltr'><strong>tionem</strong></span> <span class='ocrx_word' id='word_1_106' title='bbox 628 3297 747 3347; x_wconf 84' lang='lat' dir='ltr'><strong>facit</strong></span> <span class='ocrx_word' id='word_1_107' title='bbox 772 3296 792 3359; x_wconf 98' lang='lat'>)</span> <span class='ocrx_word' id='word_1_108' title='bbox 824 3294 1071 3347; x_wconf 84' lang='lat' dir='ltr'><strong>Arctinus</strong></span> <span class='ocrx_word' id='word_1_109' title='bbox 1105 3295 1160 3347; x_wconf 91' lang='lat' dir='ltr'><strong>in</strong></span> <span class='ocrx_word' id='word_1_110' title='bbox 1187 3293 1412 3346; x_wconf 78' lang='lat' dir='ltr'><strong>AEthio-</strong></span> 
     </span>
     <span class='ocr_line' id='line_1_20' title="bbox 400 3367 1414 3446; baseline 0 -19"><span class='ocrx_word' id='word_1_111' title='bbox 400 3374 519 3446; x_wconf 90' lang='lat' dir='ltr'><strong>pide</strong></span> <span class='ocrx_word' id='word_1_112' title='bbox 543 3384 696 3442; x_wconf 86' lang='lat' dir='ltr'><strong>atque</strong></span> <span class='ocrx_word' id='word_1_113' title='bbox 713 3372 934 3427; x_wconf 86' lang='lat' dir='ltr'><strong>Lesches</strong></span> <span class='ocrx_word' id='word_1_114' title='bbox 958 3374 1010 3426; x_wconf 90' lang='lat' dir='ltr'><strong>in</strong></span> <span class='ocrx_word' id='word_1_115' title='bbox 1033 3374 1264 3426; x_wconf 79' lang='lat' dir='ltr'>carmine</span> <span class='ocrx_word' id='word_1_116' title='bbox 1291 3367 1414 3433; x_wconf 71' lang='grc' dir='ltr'><strong>ἰλιὰς</strong></span> 
     </span>
     <span class='ocr_line' id='line_1_21' title="bbox 399 3441 1410 3528; baseline 0.001 -24"><span class='ocrx_word' id='word_1_117' title='bbox 399 3455 572 3528; x_wconf 60' lang='grc' dir='ltr'><strong><em>μικρὰ,</em></strong></span> <span class='ocrx_word' id='word_1_118' title='bbox 604 3461 701 3503; x_wconf 80' lang='lat' dir='ltr'><strong>etc.</strong></span> <span class='ocrx_word' id='word_1_119' title='bbox 733 3449 1009 3521; x_wconf 78' lang='lat' dir='ltr'><strong>AEscltylus</strong></span> <span class='ocrx_word' id='word_1_120' title='bbox 1036 3441 1200 3507; x_wconf 72' lang='grc' dir='ltr'><strong>ὃπλων</strong></span> <span class='ocrx_word' id='word_1_121' title='bbox 1231 3459 1410 3526; x_wconf 63' lang='grc' dir='ltr'><strong>κρίσιν,</strong></span> 
     </span>
     <span class='ocr_line' id='line_1_22' title="bbox 401 3527 1414 3582; baseline -0.003 0"><span class='ocrx_word' id='word_1_122' title='bbox 401 3530 668 3582; x_wconf 82' lang='lat' dir='ltr'><strong>docuerat.</strong></span> <span class='ocrx_word' id='word_1_123' title='bbox 692 3528 911 3580; x_wconf 75' lang='lat' dir='ltr'><strong>Exstant</strong></span> <span class='ocrx_word' id='word_1_124' title='bbox 934 3527 1103 3581; x_wconf 86' lang='lat' dir='ltr'><strong>adhuc</strong></span> <span class='ocrx_word' id='word_1_125' title='bbox 1127 3528 1414 3581; x_wconf 82' lang='lat' dir='ltr'><strong>Antisthe-</strong></span> 
     </span>
     <span class='ocr_line' id='line_1_23' title="bbox 401 3604 1415 3674; baseline -0.005 -11"><span class='ocrx_word' id='word_1_126' title='bbox 401 3610 481 3663; x_wconf 86' lang='lat' dir='ltr'><strong>nis</strong></span> <span class='ocrx_word' id='word_1_127' title='bbox 506 3607 908 3661; x_wconf 68' lang='lat' dir='ltr'><strong>declamationes</strong></span> <span class='ocrx_word' id='word_1_128' title='bbox 939 3604 1079 3673; x_wconf 82' lang='lat' dir='ltr'><strong>duae,</strong></span> <span class='ocrx_word' id='word_1_129' title='bbox 1102 3607 1262 3659; x_wconf 84' lang='lat' dir='ltr'><strong>altera</strong></span> <span class='ocrx_word' id='word_1_130' title='bbox 1283 3607 1415 3674; x_wconf 82' lang='lat' dir='ltr'><strong>Aja-</strong></span> 
     </span>
     <span class='ocr_line' id='line_1_24' title="bbox 400 3683 1411 3759; baseline -0.005 -19"><span class='ocrx_word' id='word_1_131' title='bbox 400 3687 496 3754; x_wconf 82' lang='lat' dir='ltr'><strong>cis,</strong></span> <span class='ocrx_word' id='word_1_132' title='bbox 523 3684 723 3759; x_wconf 81' lang='lat' dir='ltr'><strong>Ulyssis</strong></span> <span class='ocrx_word' id='word_1_133' title='bbox 748 3684 908 3737; x_wconf 84' lang='lat' dir='ltr'><strong>altera</strong></span> <span class='ocrx_word' id='word_1_134' title='bbox 932 3702 945 3735; x_wconf 75' lang='lat' dir='ltr'>t</span> <span class='ocrx_word' id='word_1_135' title='bbox 967 3683 1084 3736; x_wconf 83' lang='lat' dir='ltr'><strong>vide</strong></span> <span class='ocrx_word' id='word_1_136' title='bbox 1110 3683 1411 3748; x_wconf 77' lang='lat' dir='ltr'><strong>Reiskium,</strong></span> 
     </span>
     <span class='ocr_line' id='line_1_25' title="bbox 403 3762 1414 3835; baseline -0.006 -13"><span class='ocrx_word' id='word_1_137' title='bbox 403 3767 577 3822; x_wconf 88' lang='lat' dir='ltr'><strong>Oratt.</strong></span> <span class='ocrx_word' id='word_1_138' title='bbox 610 3784 757 3835; x_wconf 81' lang='lat' dir='ltr'><strong>graec.</strong></span> <span class='ocrx_word' id='word_1_139' title='bbox 793 3774 921 3817; x_wconf 88' lang='lat' dir='ltr'><strong>tom.</strong></span> <span class='ocrx_word' id='word_1_140' title='bbox 946 3764 1100 3817; x_wconf 87' lang='lat' dir='ltr'>V111.</span> <span class='ocrx_word' id='word_1_141' title='bbox 1139 3762 1185 3816; x_wconf 89' lang='lat' dir='ltr'>E</span> <span class='ocrx_word' id='word_1_142' title='bbox 1219 3763 1414 3816; x_wconf 88' lang='lat' dir='ltr'><strong>Latinis</strong></span> 
     </span>
     <span class='ocr_line' id='line_1_26' title="bbox 405 3840 1413 3908; baseline -0.002 -12"><span class='ocrx_word' id='word_1_143' title='bbox 405 3844 660 3897; x_wconf 85' lang='lat' dir='ltr'><strong>Pacuvius</strong></span> <span class='ocrx_word' id='word_1_144' title='bbox 674 3842 911 3894; x_wconf 87' lang='lat' dir='ltr'><strong>etAttius</strong></span> <span class='ocrx_word' id='word_1_145' title='bbox 930 3841 1126 3893; x_wconf 76' lang='lat' dir='ltr'><strong>fabulas</strong></span> <span class='ocrx_word' id='word_1_146' title='bbox 1138 3840 1413 3908; x_wconf 86' lang='lat' dir='ltr'><strong>dederant,</strong></span> 
     </span>
     <span class='ocr_line' id='line_1_27' title="bbox 405 3918 1413 3990; baseline -0.004 -16"><span class='ocrx_word' id='word_1_147' title='bbox 405 3922 592 3990; x_wconf 82' lang='lat' dir='ltr'><strong>quibus</strong></span> <span class='ocrx_word' id='word_1_148' title='bbox 615 3939 812 3972; x_wconf 89' lang='lat' dir='ltr'><strong>nomen</strong></span> <span class='ocrx_word' id='word_1_149' title='bbox 836 3918 960 3984; x_wconf 84' lang='lat' dir='ltr'><strong>suit,</strong></span> <span class='ocrx_word' id='word_1_150' title='bbox 986 3920 1250 3972; x_wconf 81' lang='lat' dir='ltr'><strong>Armorum</strong></span> <span class='ocrx_word' id='word_1_151' title='bbox 1261 3919 1413 3985; x_wconf 76' lang='lat' dir='ltr'><em>judi-</em></span> 
     </span>
     <span class='ocr_line' id='line_1_28' title="bbox 405 3996 1417 4054; baseline -0.006 0"><span class='ocrx_word' id='word_1_152' title='bbox 405 4006 551 4054; x_wconf 76' lang='lat' dir='ltr'><strong>cium.</strong></span> <span class='ocrx_word' id='word_1_153' title='bbox 578 3997 892 4051; x_wconf 77' lang='lat' dir='ltr'><strong>Timanthes</strong></span> <span class='ocrx_word' id='word_1_154' title='bbox 913 3997 1070 4050; x_wconf 86' lang='lat' dir='ltr'><strong>etiam</strong></span> <span class='ocrx_word' id='word_1_155' title='bbox 1099 4011 1152 4049; x_wconf 73' lang='lat' dir='ltr'><strong>et</strong></span> <span class='ocrx_word' id='word_1_156' title='bbox 1177 3996 1417 4050; x_wconf 87' lang='lat' dir='ltr'><strong>Parrha-</strong></span> 
     </span>
     <span class='ocr_line' id='line_1_29' title="bbox 406 4074 1418 4147; baseline -0.006 -16"><span class='ocrx_word' id='word_1_157' title='bbox 406 4077 509 4131; x_wconf 88' lang='lat' dir='ltr'><strong>sius</strong></span> <span class='ocrx_word' id='word_1_158' title='bbox 527 4077 748 4147; x_wconf 86' lang='lat' dir='ltr'><strong>pictores</strong></span> <span class='ocrx_word' id='word_1_159' title='bbox 774 4086 1098 4128; x_wconf 83' lang='lat' dir='ltr'><strong>certaverant</strong></span> <span class='ocrx_word' id='word_1_160' title='bbox 1125 4094 1179 4126; x_wconf 89' lang='lat' dir='ltr'><strong>m</strong></span> <span class='ocrx_word' id='word_1_161' title='bbox 1203 4074 1301 4126; x_wconf 81' lang='lat' dir='ltr'><strong>hoc.</strong></span> <span class='ocrx_word' id='word_1_162' title='bbox 1321 4075 1418 4140; x_wconf 81' lang='lat' dir='ltr'><strong>iu-</strong></span> 
     </span>
     <span class='ocr_line' id='line_1_30' title="bbox 406 4154 1418 4225; baseline -0.005 -14"><span class='ocrx_word' id='word_1_163' title='bbox 406 4157 541 4211; x_wconf 88' lang='lat' dir='ltr'><strong>dicio</strong></span> <span class='ocrx_word' id='word_1_164' title='bbox 584 4154 924 4225; x_wconf 84' lang='lat' dir='ltr'><strong>exprimendo</strong></span> <span class='ocrx_word' id='word_1_165' title='bbox 952 4195 966 4220; x_wconf 87' lang='lat'><strong>,</strong></span> <span class='ocrx_word' id='word_1_166' title='bbox 1014 4164 1067 4207; x_wconf 84' lang='lat' dir='ltr'><strong>et</strong></span> <span class='ocrx_word' id='word_1_167' title='bbox 1116 4154 1418 4206; x_wconf 62' lang='lat' dir='ltr'><strong>Parrhasius</strong></span> 
     </span>
     <span class='ocr_line' id='line_1_31' title="bbox 406 4230 1420 4290; baseline -0.007 0"><span class='ocrx_word' id='word_1_168' title='bbox 406 4236 579 4290; x_wconf 78' lang='lat' dir='ltr'><strong>herois</strong></span> <span class='ocrx_word' id='word_1_169' title='bbox 595 4235 812 4288; x_wconf 89' lang='lat' dir='ltr'><strong>nomine</strong></span> <span class='ocrx_word' id='word_1_170' title='bbox 827 4233 1046 4286; x_wconf 75' lang='lat' dir='ltr'><strong>moleste</strong></span> <span class='ocrx_word' id='word_1_171' title='bbox 1061 4252 1114 4285; x_wconf 86' lang='lat' dir='ltr'><strong>se</strong></span> <span class='ocrx_word' id='word_1_172' title='bbox 1132 4230 1267 4284; x_wconf 81' lang='lat' dir='ltr'><strong>serre</strong></span> <span class='ocrx_word' id='word_1_173' title='bbox 1287 4231 1420 4284; x_wconf 86' lang='lat' dir='ltr'><strong>dice·</strong></span> 
     </span>
     <span class='ocr_line' id='line_1_32' title="bbox 409 4311 1418 4385; baseline -0.005 -16"><span class='ocrx_word' id='word_1_174' title='bbox 409 4317 493 4369; x_wconf 82' lang='lat' dir='ltr'><strong>bat</strong></span> <span class='ocrx_word' id='word_1_175' title='bbox 509 4357 523 4382; x_wconf 85' lang='lat'>,</span> <span class='ocrx_word' id='word_1_176' title='bbox 552 4314 692 4385; x_wconf 89' lang='lat' dir='ltr'><strong>quod</strong></span> <span class='ocrx_word' id='word_1_177' title='bbox 719 4315 909 4367; x_wconf 87' lang='lat' dir='ltr'><strong>iterum</strong></span> <span class='ocrx_word' id='word_1_178' title='bbox 931 4313 992 4365; x_wconf 85' lang='lat' dir='ltr'><strong>ab</strong></span> <span class='ocrx_word' id='word_1_179' title='bbox 1017 4311 1235 4380; x_wconf 82' lang='lat' dir='ltr'><strong>indigno</strong></span> <span class='ocrx_word' id='word_1_180' title='bbox 1257 4311 1418 4365; x_wconf 79' lang='lat' dir='ltr'><strong>victus</strong></span> 
     </span>
    </p>
   </div>
   <div class='ocr_carea' id='block_1_7' title="bbox 1502 2505 2520 2656">
    <p class='ocr_par' dir='ltr' id='par_1_7' title="bbox 1502 2505 2520 2656">
     <span class='ocr_line' id='line_1_33' title="bbox 1502 2505 2520 2575; baseline 0.01 -16"><span class='ocrx_word' id='word_1_181' title='bbox 1502 2516 1667 2569; x_wconf 84' lang='lat' dir='ltr'><strong>esset;</strong></span> <span class='ocrx_word' id='word_1_182' title='bbox 1708 2505 1940 2573; x_wconf 83' lang='lat' dir='ltr'><strong>Plinius,</strong></span> <span class='ocrx_word' id='word_1_183' title='bbox 1974 2508 2209 2575; x_wconf 74' lang='lat' dir='ltr'>XXXV,</span> <span class='ocrx_word' id='word_1_184' title='bbox 2248 2529 2322 2562; x_wconf 87' lang='grc' dir='ltr'><strong>ιο.</strong></span> <span class='ocrx_word' id='word_1_185' title='bbox 2353 2512 2460 2566; x_wconf 87' lang='lat' dir='ltr'><strong>Sed</strong></span> <span class='ocrx_word' id='word_1_186' title='bbox 2489 2536 2520 2569; x_wconf 85' lang='lat' dir='ltr'><strong>e</strong></span> 
     </span>
     <span class='ocr_line' id='line_1_34' title="bbox 1502 2584 2520 2656; baseline 0.012 -19"><span class='ocrx_word' id='word_1_187' title='bbox 1502 2585 1670 2656; x_wconf 86' lang='lat' dir='ltr'><strong>poetis</strong></span> <span class='ocrx_word' id='word_1_188' title='bbox 1699 2596 1891 2653; x_wconf 80' lang='lat' dir='ltr'><strong>praeter</strong></span> <span class='ocrx_word' id='word_1_189' title='bbox 1914 2584 2169 2639; x_wconf 72' lang='lat' dir='ltr'><strong>Ovidium</strong></span> <span class='ocrx_word' id='word_1_190' title='bbox 2202 2608 2338 2643; x_wconf 85' lang='lat' dir='ltr'><strong>unus</strong></span> <span class='ocrx_word' id='word_1_191' title='bbox 2361 2604 2520 2649; x_wconf 85' lang='lat' dir='ltr'><strong>restat</strong></span> 
     </span>
    </p>
   </div>
   <div class='ocr_carea' id='block_1_8' title="bbox 1505 2660 2520 2813">
    <p class='ocr_par' dir='ltr' id='par_1_8' title="bbox 1505 2660 2520 2813">
     <span class='ocr_line' id='line_1_35' title="bbox 1506 2660 2520 2739; baseline 0.012 -24"><span class='ocrx_word' id='word_1_192' title='bbox 1506 2664 1744 2731; x_wconf 81' lang='lat' dir='ltr'><strong>Quintus</strong></span> <span class='ocrx_word' id='word_1_193' title='bbox 1773 2660 1998 2717; x_wconf 80' lang='lat' dir='ltr'><strong>Calaber</strong></span> <span class='ocrx_word' id='word_1_194' title='bbox 2017 2704 2031 2730; x_wconf 86' lang='lat'>,</span> <span class='ocrx_word' id='word_1_195' title='bbox 2064 2665 2152 2734; x_wconf 90' lang='lat' dir='ltr'><strong>qui</strong></span> <span class='ocrx_word' id='word_1_196' title='bbox 2183 2667 2405 2739; x_wconf 86' lang='lat' dir='ltr'><strong>Paralip.</strong></span> <span class='ocrx_word' id='word_1_197' title='bbox 2431 2672 2520 2728; x_wconf 89' lang='lat' dir='ltr'><strong>lib.</strong></span> 
     </span>
     <span class='ocr_line' id='line_1_36' title="bbox 1505 2741 2520 2813; baseline 0.011 -23"><span class='ocrx_word' id='word_1_198' title='bbox 1505 2741 1586 2806; x_wconf 84' lang='lat' dir='ltr'><strong>V,</strong></span> <span class='ocrx_word' id='word_1_199' title='bbox 1612 2760 1684 2792; x_wconf 83' lang='lat' dir='ltr'><strong>vs.</strong></span> <span class='ocrx_word' id='word_1_200' title='bbox 1721 2741 1979 2806; x_wconf 74' lang='lat'>180-316,</span> <span class='ocrx_word' id='word_1_201' title='bbox 2006 2741 2063 2793; x_wconf 89' lang='lat' dir='ltr'><strong>in</strong></span> <span class='ocrx_word' id='word_1_202' title='bbox 2089 2741 2188 2797; x_wconf 86' lang='lat' dir='ltr'><strong>hoc</strong></span> <span class='ocrx_word' id='word_1_203' title='bbox 2206 2758 2520 2813; x_wconf 86' lang='lat' dir='ltr'><strong>argumento</strong></span> 
     </span>
    </p>
   </div>
   <div class='ocr_carea' id='block_1_9' title="bbox 1503 2819 2524 3130">
    <p class='ocr_par' dir='ltr' id='par_1_9' title="bbox 1503 2819 2524 3130">
     <span class='ocr_line' id='line_1_37' title="bbox 1503 2819 2520 2892; baseline 0.011 -21"><span class='ocrx_word' id='word_1_204' title='bbox 1503 2819 1777 2887; x_wconf 85' lang='lat' dir='ltr'><strong>ingenium</strong></span> <span class='ocrx_word' id='word_1_205' title='bbox 1814 2821 2046 2874; x_wconf 83' lang='lat' dir='ltr'><strong>exercuit</strong></span> <span class='ocrx_word' id='word_1_206' title='bbox 2073 2862 2088 2889; x_wconf 84' lang='lat'><em>,</em></span> <span class='ocrx_word' id='word_1_207' title='bbox 2135 2842 2295 2892; x_wconf 83' lang='lat' dir='ltr'><strong>quem</strong></span> <span class='ocrx_word' id='word_1_208' title='bbox 2341 2837 2520 2883; x_wconf 87' lang='lat' dir='ltr'><strong>tamen</strong></span> 
     </span>
     <span class='ocr_line' id='line_1_38' title="bbox 1505 2897 2523 2971; baseline 0.011 -22"><span class='ocrx_word' id='word_1_209' title='bbox 1505 2897 1801 2966; x_wconf 78' lang='lat' dir='ltr'><strong>longissime</strong></span> <span class='ocrx_word' id='word_1_210' title='bbox 1842 2909 1959 2967; x_wconf 86' lang='lat' dir='ltr'><strong>post</strong></span> <span class='ocrx_word' id='word_1_211' title='bbox 1991 2918 2045 2951; x_wconf 87' lang='lat' dir='ltr'><strong>se</strong></span> <span class='ocrx_word' id='word_1_212' title='bbox 2091 2901 2341 2971; x_wconf 84' lang='lat' dir='ltr'><strong>relinquit</strong></span> <span class='ocrx_word' id='word_1_213' title='bbox 2375 2904 2523 2959; x_wconf 85' lang='lat' dir='ltr'><strong>Ovi-</strong></span> 
     </span>
     <span class='ocr_line' id='line_1_39' title="bbox 1505 2974 2524 3040; baseline 0.013 -13"><span class='ocrx_word' id='word_1_214' title='bbox 1505 2974 1635 3028; x_wconf 89' lang='lat' dir='ltr'><strong>dius.</strong></span> <span class='ocrx_word' id='word_1_215' title='bbox 1661 2976 2105 3029; x_wconf 77' lang='lat' dir='ltr'><strong>Praestantissimae</strong></span> <span class='ocrx_word' id='word_1_216' title='bbox 2129 2979 2274 3032; x_wconf 89' lang='lat' dir='ltr'><strong>enim</strong></span> <span class='ocrx_word' id='word_1_217' title='bbox 2295 2994 2418 3037; x_wconf 83' lang='lat' dir='ltr'><strong>sunt</strong></span> <span class='ocrx_word' id='word_1_218' title='bbox 2442 2986 2524 3040; x_wconf 73' lang='lat' dir='ltr'><strong>hae</strong></span> 
     </span>
     <span class='ocr_line' id='line_1_40' title="bbox 1503 3056 2524 3130; baseline 0.01 -23"><span class='ocrx_word' id='word_1_219' title='bbox 1503 3056 1770 3109; x_wconf 82' lang='lat' dir='ltr'><strong>orationes</strong></span> <span class='ocrx_word' id='word_1_220' title='bbox 1794 3066 1849 3109; x_wconf 83' lang='lat' dir='ltr'><strong>et</strong></span> <span class='ocrx_word' id='word_1_221' title='bbox 1873 3068 2088 3110; x_wconf 69' lang='lat' dir='ltr'><strong>moratae</strong></span> <span class='ocrx_word' id='word_1_222' title='bbox 2111 3057 2364 3127; x_wconf 85' lang='lat' dir='ltr'><strong>inprimis.</strong></span> <span class='ocrx_word' id='word_1_223' title='bbox 2394 3064 2524 3130; x_wconf 75' lang='lat' dir='ltr'><strong>Aiax</strong></span> 
     </span>
    </p>
   </div>
   <div class='ocr_carea' id='block_1_10' title="bbox 1471 3133 2525 3214">
    <p class='ocr_par' dir='ltr' id='par_1_10' title="bbox 1471 3133 2525 3214">
     <span class='ocr_line' id='line_1_41' title="bbox 1471 3133 2525 3214; baseline 0.009 -28"><span class='ocrx_word' id='word_1_224' title='bbox 1471 3153 1479 3159; x_wconf 93' lang='lat'><strong>·</strong></span> <span class='ocrx_word' id='word_1_225' title='bbox 1503 3135 1638 3187; x_wconf 85' lang='lat' dir='ltr'><strong>iram</strong></span> <span class='ocrx_word' id='word_1_226' title='bbox 1651 3152 1800 3186; x_wconf 87' lang='lat' dir='ltr'><strong>suam</strong></span> <span class='ocrx_word' id='word_1_227' title='bbox 1815 3133 1867 3185; x_wconf 91' lang='lat' dir='ltr'><strong>in</strong></span> <span class='ocrx_word' id='word_1_228' title='bbox 1882 3134 2126 3206; x_wconf 74' lang='lat' dir='ltr'><strong>Ulyssem</strong></span> <span class='ocrx_word' id='word_1_229' title='bbox 2142 3139 2357 3206; x_wconf 79' lang='lat' dir='ltr'><strong>evomit,</strong></span> <span class='ocrx_word' id='word_1_230' title='bbox 2374 3141 2525 3214; x_wconf 83' lang='lat' dir='ltr'><strong>Ulys-</strong></span> 
     </span>
    </p>
   </div>
   <div class='ocr_carea' id='block_1_11' title="bbox 1506 3211 2531 4390">
    <p class='ocr_par' dir='ltr' id='par_1_11' title="bbox 1506 3211 2531 4290">
     <span class='ocr_line' id='line_1_42' title="bbox 1506 3211 2527 3272; baseline 0.008 -7"><span class='ocrx_word' id='word_1_231' title='bbox 1506 3231 1587 3265; x_wconf 85' lang='lat' dir='ltr'><strong>ses</strong></span> <span class='ocrx_word' id='word_1_232' title='bbox 1620 3223 1802 3265; x_wconf 87' lang='lat' dir='ltr'><strong>contra</strong></span> <span class='ocrx_word' id='word_1_233' title='bbox 1838 3211 2018 3265; x_wconf 81' lang='lat' dir='ltr'><strong>callide</strong></span> <span class='ocrx_word' id='word_1_234' title='bbox 2052 3224 2106 3265; x_wconf 83' lang='lat' dir='ltr'><strong>et</strong></span> <span class='ocrx_word' id='word_1_235' title='bbox 2138 3213 2359 3270; x_wconf 79' lang='lat' dir='ltr'><strong>facunde</strong></span> <span class='ocrx_word' id='word_1_236' title='bbox 2401 3240 2527 3272; x_wconf 87' lang='lat' dir='ltr'><strong>cau-—</strong></span> 
     </span>
     <span class='ocr_line' id='line_1_43' title="bbox 1507 3289 2524 3365; baseline 0.008 -24"><span class='ocrx_word' id='word_1_237' title='bbox 1507 3308 1619 3342; x_wconf 83' lang='lat' dir='ltr'><strong>sam</strong></span> <span class='ocrx_word' id='word_1_238' title='bbox 1641 3308 1789 3342; x_wconf 86' lang='lat' dir='ltr'><strong>suam</strong></span> <span class='ocrx_word' id='word_1_239' title='bbox 1815 3289 1933 3358; x_wconf 82' lang='lat' dir='ltr'><strong>agit.</strong></span> <span class='ocrx_word' id='word_1_240' title='bbox 1967 3289 2207 3359; x_wconf 87' lang='lat' dir='ltr'><strong>Uterque</strong></span> <span class='ocrx_word' id='word_1_241' title='bbox 2238 3295 2402 3347; x_wconf 89' lang='lat' dir='ltr'><strong>utitur</strong></span> <span class='ocrx_word' id='word_1_242' title='bbox 2426 3297 2487 3349; x_wconf 90' lang='lat' dir='ltr'><strong>iis</strong></span> <span class='ocrx_word' id='word_1_243' title='bbox 2509 3338 2524 3365; x_wconf 84' lang='lat'><em>,</em></span> 
     </span>
     <span class='ocr_line' id='line_1_44' title="bbox 1509 3365 2530 3440; baseline 0.008 -20"><span class='ocrx_word' id='word_1_244' title='bbox 1509 3387 1627 3437; x_wconf 71' lang='lat' dir='ltr'><strong>quae</strong></span> <span class='ocrx_word' id='word_1_245' title='bbox 1657 3365 2067 3438; x_wconf 78' lang='lat' dir='ltr'><strong>periclitantibus</strong></span> <span class='ocrx_word' id='word_1_246' title='bbox 2094 3370 2276 3423; x_wconf 80' lang='lat' dir='ltr'><strong>suadet</strong></span> <span class='ocrx_word' id='word_1_247' title='bbox 2305 3371 2530 3440; x_wconf 88' lang='lat' dir='ltr'><strong>Quinti-</strong></span> 
     </span>
     <span class='ocr_line' id='line_1_45' title="bbox 1509 3447 2525 3514; baseline 0.007 -14"><span class='ocrx_word' id='word_1_248' title='bbox 1509 3448 1709 3514; x_wconf 88' lang='lat' dir='ltr'><strong>lianus,</strong></span> <span class='ocrx_word' id='word_1_249' title='bbox 1743 3449 1869 3500; x_wconf 84' lang='lat' dir='ltr'><strong>lnst.</strong></span> <span class='ocrx_word' id='word_1_250' title='bbox 1890 3447 2007 3512; x_wconf 83' lang='lat' dir='ltr'><strong>v1,</strong></span> <span class='ocrx_word' id='word_1_251' title='bbox 2042 3467 2059 3497; x_wconf 89' lang='grc' dir='ltr'>ι</span> <span class='ocrx_word' id='word_1_252' title='bbox 2096 3465 2109 3499; x_wconf 77' lang='lat'>2</span> <span class='ocrx_word' id='word_1_253' title='bbox 2143 3469 2169 3493; x_wconf 74' lang='grc' dir='ltr'>κ</span> <span class='ocrx_word' id='word_1_254' title='bbox 2206 3451 2525 3507; x_wconf 76' lang='lat' dir='ltr'><strong>periclitan-</strong></span> 
     </span>
     <span class='ocr_line' id='line_1_46' title="bbox 1513 3524 2526 3597; baseline 0.009 -20"><span class='ocrx_word' id='word_1_255' title='bbox 1513 3547 1541 3570; x_wconf 71' lang='grc' dir='ltr'><strong>»ι</strong></span> <span class='ocrx_word' id='word_1_256' title='bbox 1568 3535 1680 3577; x_wconf 78' lang='lat' dir='ltr'><strong>tem·</strong></span> <span class='ocrx_word' id='word_1_257' title='bbox 1700 3544 1824 3576; x_wconf 83' lang='lat' dir='ltr'><strong>vero</strong></span> <span class='ocrx_word' id='word_1_258' title='bbox 1840 3524 2177 3576; x_wconf 84' lang='lat' dir='ltr'><strong>commendat</strong></span> <span class='ocrx_word' id='word_1_259' title='bbox 2194 3525 2415 3596; x_wconf 76' lang='lat' dir='ltr'><strong>dignitas</strong></span> <span class='ocrx_word' id='word_1_260' title='bbox 2432 3571 2446 3597; x_wconf 92' lang='lat'>,</span> <span class='ocrx_word' id='word_1_261' title='bbox 2473 3543 2526 3585; x_wconf 90' lang='lat' dir='ltr'><strong>et</strong></span> 
     </span>
     <span class='ocr_line' id='line_1_47' title="bbox 1512 3602 2527 3674; baseline 0.007 -18"><span class='ocrx_word' id='word_1_262' title='bbox 1512 3625 1541 3650; x_wconf 68' lang='lat' dir='ltr'><strong>n</strong></span> <span class='ocrx_word' id='word_1_263' title='bbox 1570 3603 1741 3657; x_wconf 88' lang='lat' dir='ltr'><strong>studia</strong></span> <span class='ocrx_word' id='word_1_264' title='bbox 1781 3602 1933 3654; x_wconf 81' lang='lat' dir='ltr'><strong>sortia</strong></span> <span class='ocrx_word' id='word_1_265' title='bbox 1961 3641 1975 3667; x_wconf 87' lang='lat'>,</span> <span class='ocrx_word' id='word_1_266' title='bbox 2019 3613 2073 3653; x_wconf 87' lang='lat' dir='ltr'><strong>et</strong></span> <span class='ocrx_word' id='word_1_267' title='bbox 2108 3617 2355 3674; x_wconf 72' lang='lat' dir='ltr'><strong>suscepta:</strong></span> <span class='ocrx_word' id='word_1_268' title='bbox 2392 3610 2527 3664; x_wconf 88' lang='lat' dir='ltr'><strong>bello</strong></span> 
     </span>
     <span class='ocr_line' id='line_1_48' title="bbox 1514 3681 2529 3746; baseline 0.014 -16"><span class='ocrx_word' id='word_1_269' title='bbox 1514 3704 1542 3730; x_wconf 67' lang='grc' dir='ltr'>υ</span> <span class='ocrx_word' id='word_1_270' title='bbox 1569 3683 1832 3736; x_wconf 83' lang='lat' dir='ltr'><strong>cicatrices</strong></span> <span class='ocrx_word' id='word_1_271' title='bbox 1852 3720 1866 3746; x_wconf 90' lang='lat'>‚</span> <span class='ocrx_word' id='word_1_272' title='bbox 1903 3692 1955 3734; x_wconf 91' lang='lat' dir='ltr'><strong>et</strong></span> <span class='ocrx_word' id='word_1_273' title='bbox 1983 3681 2222 3736; x_wconf 87' lang='lat' dir='ltr'><strong>nobilitas</strong></span> <span class='ocrx_word' id='word_1_274' title='bbox 2255 3697 2307 3739; x_wconf 82' lang='lat' dir='ltr'><strong>et</strong></span> <span class='ocrx_word' id='word_1_275' title='bbox 2340 3691 2529 3745; x_wconf 87' lang='lat' dir='ltr'><strong>merita</strong></span> 
     </span>
     <span class='ocr_line' id='line_1_49' title="bbox 1515 3757 2529 3828; baseline 0.015 -23"><span class='ocrx_word' id='word_1_276' title='bbox 1515 3779 1542 3805; x_wconf 67' lang='grc' dir='ltr'><strong><em>κ</em></strong></span> <span class='ocrx_word' id='word_1_277' title='bbox 1571 3759 1850 3827; x_wconf 83' lang='lat' dir='ltr'><strong>majorum.</strong></span> <span class='ocrx_word' id='word_1_278' title='bbox 1879 3779 1906 3803; x_wconf 73' lang='grc' dir='ltr'><strong>ι»</strong></span> <span class='ocrx_word' id='word_1_279' title='bbox 1929 3757 2146 3828; x_wconf 82' lang='lat' dir='ltr'><strong>Singula</strong></span> <span class='ocrx_word' id='word_1_280' title='bbox 2170 3761 2303 3815; x_wconf 72' lang='lat' dir='ltr'><strong>liene</strong></span> <span class='ocrx_word' id='word_1_281' title='bbox 2328 3775 2381 3817; x_wconf 87' lang='lat' dir='ltr'><strong>et</strong></span> <span class='ocrx_word' id='word_1_282' title='bbox 2409 3767 2529 3819; x_wconf 88' lang='lat' dir='ltr'><strong>col-</strong></span> 
     </span>
     <span class='ocr_line' id='line_1_50' title="bbox 1512 3838 2524 3915; baseline 0.01 -25"><span class='ocrx_word' id='word_1_283' title='bbox 1512 3838 1644 3891; x_wconf 86' lang='lat' dir='ltr'><strong>lecta</strong></span> <span class='ocrx_word' id='word_1_284' title='bbox 1668 3850 1790 3890; x_wconf 90' lang='lat' dir='ltr'><strong>sunt</strong></span> <span class='ocrx_word' id='word_1_285' title='bbox 1809 3877 1823 3903; x_wconf 90' lang='lat'>‚</span> <span class='ocrx_word' id='word_1_286' title='bbox 1854 3848 1907 3890; x_wconf 90' lang='lat' dir='ltr'><strong>et</strong></span> <span class='ocrx_word' id='word_1_287' title='bbox 1938 3839 2261 3906; x_wconf 81' lang='lat' dir='ltr'><strong>amplificata.</strong></span> <span class='ocrx_word' id='word_1_288' title='bbox 2296 3844 2488 3899; x_wconf 86' lang='lat' dir='ltr'><strong>Noster</strong></span> <span class='ocrx_word' id='word_1_289' title='bbox 2509 3888 2524 3915; x_wconf 84' lang='lat'><em>,</em></span> 
     </span>
     <span class='ocr_line' id='line_1_51' title="bbox 1513 3917 2526 3994; baseline 0.012 -27"><span class='ocrx_word' id='word_1_290' title='bbox 1513 3928 1767 3969; x_wconf 88' lang='lat' dir='ltr'><strong>monente</strong></span> <span class='ocrx_word' id='word_1_291' title='bbox 1799 3917 2000 3971; x_wconf 82' lang='lat' dir='ltr'><strong>Seneca</strong></span> <span class='ocrx_word' id='word_1_292' title='bbox 2029 3954 2045 3979; x_wconf 64' lang='lat'><em>2</em></span> <span class='ocrx_word' id='word_1_293' title='bbox 2085 3917 2270 3973; x_wconf 89' lang='lat' dir='ltr'><strong>Contr.</strong></span> <span class='ocrx_word' id='word_1_294' title='bbox 2304 3924 2357 3977; x_wconf 83' lang='grc' dir='ltr'><strong>ΙΙ</strong></span> <span class='ocrx_word' id='word_1_295' title='bbox 2382 3965 2396 3989; x_wconf 84' lang='grc'>,</span> <span class='ocrx_word' id='word_1_296' title='bbox 2434 3945 2526 3994; x_wconf 83' lang='grc' dir='ltr'><strong>ιο,</strong></span> 
     </span>
     <span class='ocr_line' id='line_1_52' title="bbox 1516 3995 2526 4072; baseline 0.01 -25"><span class='ocrx_word' id='word_1_297' title='bbox 1516 3995 1678 4047; x_wconf 88' lang='lat' dir='ltr'><strong>multa</strong></span> <span class='ocrx_word' id='word_1_298' title='bbox 1700 3997 1883 4047; x_wconf 87' lang='lat' dir='ltr'><strong>sumsit</strong></span> <span class='ocrx_word' id='word_1_299' title='bbox 1908 4016 1935 4046; x_wconf 85' lang='lat' dir='ltr'><strong>a</strong></span> <span class='ocrx_word' id='word_1_300' title='bbox 1957 3996 2035 4048; x_wconf 91' lang='lat' dir='ltr'><strong>M.</strong></span> <span class='ocrx_word' id='word_1_301' title='bbox 2060 3998 2247 4051; x_wconf 88' lang='lat' dir='ltr'><strong>Porcio</strong></span> <span class='ocrx_word' id='word_1_302' title='bbox 2271 4000 2495 4057; x_wconf 84' lang='lat' dir='ltr'><strong>Latrone</strong></span> <span class='ocrx_word' id='word_1_303' title='bbox 2511 4045 2526 4072; x_wconf 87' lang='lat'><strong>,</strong></span> 
     </span>
     <span class='ocr_line' id='line_1_53' title="bbox 1515 4069 2531 4151; baseline 0.014 -25"><span class='ocrx_word' id='word_1_304' title='bbox 1515 4088 1832 4144; x_wconf 65' lang='lat' dir='ltr'><strong>praceptore</strong></span> <span class='ocrx_word' id='word_1_305' title='bbox 1858 4096 1952 4129; x_wconf 89' lang='lat' dir='ltr'><strong>suo</strong></span> <span class='ocrx_word' id='word_1_306' title='bbox 1975 4118 1988 4142; x_wconf 92' lang='lat'>,</span> <span class='ocrx_word' id='word_1_307' title='bbox 2024 4079 2109 4147; x_wconf 91' lang='lat' dir='ltr'><strong>qui</strong></span> <span class='ocrx_word' id='word_1_308' title='bbox 2136 4090 2186 4132; x_wconf 87' lang='lat' dir='ltr'><strong>et</strong></span> <span class='ocrx_word' id='word_1_309' title='bbox 2216 4082 2321 4151; x_wconf 85' lang='lat' dir='ltr'><strong>ipse</strong></span> <span class='ocrx_word' id='word_1_310' title='bbox 2342 4069 2531 4139; x_wconf 62' lang='lat' dir='ltr'><strong>armo—</strong></span> 
     </span>
     <span class='ocr_line' id='line_1_54' title="bbox 1516 4154 2526 4228; baseline 0.016 -23"><span class='ocrx_word' id='word_1_311' title='bbox 1516 4173 1635 4206; x_wconf 90' lang='lat' dir='ltr'><strong>rum</strong></span> <span class='ocrx_word' id='word_1_312' title='bbox 1668 4154 1921 4221; x_wconf 80' lang='lat' dir='ltr'><strong>judicium</strong></span> <span class='ocrx_word' id='word_1_313' title='bbox 1954 4158 2225 4228; x_wconf 77' lang='lat' dir='ltr'><strong>scripserat</strong></span> <span class='ocrx_word' id='word_1_314' title='bbox 2253 4184 2267 4226; x_wconf 90' lang='lat'>;</span> <span class='ocrx_word' id='word_1_315' title='bbox 2308 4165 2426 4219; x_wconf 75' lang='lat' dir='ltr'><strong>vide</strong></span> <span class='ocrx_word' id='word_1_316' title='bbox 2463 4167 2526 4220; x_wconf 87' lang='lat' dir='ltr'><strong>ad</strong></span> 
     </span>
     <span class='ocr_line' id='line_1_55' title="bbox 1515 4255 1782 4290; baseline 0.004 -1"><span class='ocrx_word' id='word_1_317' title='bbox 1515 4255 1647 4290; x_wconf 79' lang='lat' dir='ltr'><strong>vers.</strong></span> <span class='ocrx_word' id='word_1_318' title='bbox 1677 4257 1782 4290; x_wconf 63' lang='grc' dir='ltr'><strong>ιιι.</strong></span> 
     </span>
    </p>

    <p class='ocr_par' dir='ltr' id='par_1_12' title="bbox 1589 4316 2518 4390">
     <span class='ocr_line' id='line_1_56' title="bbox 1589 4316 2518 4390; baseline 0.011 -23"><span class='ocrx_word' id='word_1_319' title='bbox 1589 4334 1629 4367; x_wconf 89' lang='grc' dir='ltr'><strong>ι.</strong></span> <span class='ocrx_word' id='word_1_320' title='bbox 1638 4316 1913 4371; x_wconf 78' lang='lat' dir='ltr'><strong>Consedere</strong></span> <span class='ocrx_word' id='word_1_321' title='bbox 1931 4321 2082 4373; x_wconf 82' lang='lat' dir='ltr'><strong>duces</strong></span> <span class='ocrx_word' id='word_1_322' title='bbox 2094 4327 2148 4373; x_wconf 76' lang='lat' dir='ltr'><strong>e!</strong></span> <span class='ocrx_word' id='word_1_323' title='bbox 2160 4326 2518 4390; x_wconf 68' lang='lat' dir='ltr'><strong>surgitadhos,</strong></span> 
     </span>
    </p>
   </div>
  </div>
 </body>
</html>
