3185 5138
705 518 1749 588 METAMORPHOSEON
1805 522 2001 588 LIB.
2066 523 2312 590 XIII.

431 661 614 756 Ergo
651 657 796 733 aliis
829 658 1097 733 latrasse
1132 660 1532 760 Dymantida
1564 660 1783 735 flebile
1817 661 2033 736 visum
2062 689 2078 734 ε

2457 520 2589 605 405

2483 683 2585 734 620

429 778 757 853 Luctibus
788 795 888 852 est
923 779 1185 852 Aurora
1225 779 1365 853 suis
1401 779 1647 853 intenta
1672 836 1690 867 ‚
1732 780 2009 882 piasque

430 893 626 965 Nunc
663 920 934 993 quoque
973 891 1086 966 dat
1123 891 1477 992 lacrymas,
1515 911 1581 967 et
1620 911 1763 966 toto
1799 913 1980 967 rorat
2014 894 2085 967 in
2120 895 2303 969 orbe.

531 1007 650 1079 lv.
690 1009 827 1080 Nec
863 1025 1083 1081 tamen
1114 1036 1400 1081 eversam
1436 1009 1655 1110 Trojze
1686 1036 1837 1082 cum
1870 1009 2202 1085 moenibus
2236 1038 2379 1085 esse

433 1122 633 1224 Spem
665 1152 930 1224 quoque
971 1123 1102 1198 fata
1138 1122 1366 1198 sinunt
1395 1152 1410 1195 z
1442 1152 1660 1210 sacra,
1694 1142 1761 1198 et
1789 1153 1967 1200 sacra
2004 1125 2204 1201 altera
2237 1144 2491 1229 patrem
2512 1183 2531 1215 ‚

431 1242 590 1316 Fert
626 1241 921 1314 humeris
957 1237 1323 1315 venerabile
1361 1269 1533 1314 onus
1567 1240 1961 1341 Cythereius
1992 1242 2215 1318 heros,
2266 1307 2275 1312 .

2481 1264 2582 1316 625

431 1357 536 1430 De
574 1357 775 1431 tantis
809 1355 1057 1457 opibus
1093 1356 1379 1457 praedam
1417 1355 1574 1458 pius
1609 1356 1797 1454 eligit
1828 1357 2004 1432 illam
2027 1415 2047 1448 ‚

436 1471 930 1573 Ascaniumque
969 1501 1200 1559 suum;
1234 1472 1650 1574 profugaque
1681 1502 1798 1576 per
1834 1502 2096 1575 aequora
2132 1472 2339 1547 classe

429 1589 667 1663 Fertur
701 1588 785 1662 ab
823 1588 1211 1678 Antandr03
1250 1588 1694 1691 scelerataque
1727 1588 1952 1665 limina
1988 1590 2324 1665 Thracum
2345 1647 2364 1679 ‚

429 1787 634 1855 mallet,
656 1791 895 1841 sollcmni
907 1789 1090 1842 Marte.
1116 1787 1256 1842 Dan.
1280 1789 1458 1842 Hein-

429 1866 534 1919 sius
570 1865 781 1935 proefert
819 1866 960 1935 quod
1001 1878 1079 1920 est
1113 1867 1170 1920 in
1208 1866 1456 1920 Palatinis

433 1946 525 2009 (et
547 1946 601 1998 in
624 1946 814 2001 nostris
840 1947 1051 2016 Regiis)
1067 1951 1332 2013 paoentali
1347 1967 1455 2000 mo·-

427 2029 593 2077 n‘turae
614 2045 747 2078 more
775 2029 1031 2079 rebellant.
1060 2026 1145 2081 De
1173 2027 1335 2080 verbo
1365 2047 1455 2081 re-

428 2104 617 2155 bellare
641 2102 758 2154 vide
789 2101 851 2155 ad
878 2103 957 2157 lx
977 2142 992 2169 ,
1019 2105 1098 2156 8ι.

493 2181 608 2252 (iao.
648 2184 786 2249 Ergo
807 2222 820 2234 .
844 2221 856 2234 .
875 2220 888 2233 .
909 2187 1087 2235 vesum.
1131 2182 1235 2234 Hic
1275 2200 1454 2235 versus

430 2257 576 2312 deest
602 2259 657 2312 in
683 2258 951 2313 multis-
967 2258 1118 2329 Regii
1145 2259 1309 2311 nostri
1335 2269 1449 2327 post

428 2341 593 2388 micum
607 2335 808 2389 addunt
821 2336 1294 2406 est.—Dymante'da
1306 2376 1320 2398 ,
1342 2337 1450 2389 He·

427 2414 614 2467 cubam
634 2452 648 2479 ,
675 2413 958 2484 Dymantis
983 2412 1143 2465 filiam
1172 2413 1443 2477 Homer03

428 2494 689 2565 Euripidi,
706 2493 1024 2563 Cisseiregis
1036 2493 1273 2546 Thraciae
1292 2515 1304 2555 ;
1329 2493 1446 2544 vide

426 2589 480 2633 et
503 2577 886 2648 Apollodorum
906 2616 921 2642 ,
951 2577 1068 2643 111,
1092 2594 1171 2629 xn
1188 2615 1202 2642 ,
1223 2580 1450 2630 5.-R0-

424 2670 509 2710 m!
519 2662 574 2709 1⁶ae
587 2658 705 2708 orbe
724 2675 739 2707 .·
758 2654 974 2708 Servius
988 2654 1052 2707 ad
1072 2656 1219 2723 Virg.
1236 2654 1361 2707 AEn.
1389 2655 1444 2721 l,

425 2738 524 2808 493
543 2777 558 2803 ,
596 2736 660 2790 de
698 2736 995 2789 Memnone
1020 2774 1035 2801 ,
1068 2735 1216 2803 cujus
1243 2747 1446 2788 mortem

421 2826 580 2869 mater
601 2816 804 2868 Aurora
819 2816 1057 2882 hode'eque
1075 2818 1319 2866 matute'aew
1339 2832 1449 2865 rore

405 2897 534 2962 flen-
555 2893 930 2948 eastun—Ros
954 2892 1271 2956 matutinus,
1297 2890 1446 2960 cujus

425 2986 595 3044 guttas
610 2976 663 3030 in
683 2975 858 3029 herbis
873 2985 924 3029 et
940 2973 1156 3026 floribus
1177 2972 1414 3026 videmus
1426 3011 1442 3039 ,

424 3053 625 3119 poetica
647 3052 915 3123 phantasia
931 3062 1055 3105 sunt
1071 3050 1312 3123 lacrymae
1331 3050 1445 3102 Au·-

423 3149 560 3185 rorae
577 3151 588 3184 :
605 3131 725 3185 ideo
742 3140 919 3184 autem
937 3139 1042 3183 toto
1059 3133 1176 3182 orbe
1187 3147 1445 3198 spargun-

426 3218 514 3261 tur
529 3249 544 3275 ‚
572 3209 821 3278 quoniam
839 3209 1015 3278 etipsa
1032 3209 1241 3262 Aurora
1258 3206 1447 3277 ampli-

426 3287 610 3340 tudine
629 3307 721 3340 sua
735 3327 750 3353 ,
768 3298 939 3340 totum
957 3286 1141 3339 orbem
1158 3325 1172 3352 ,
1193 3286 1446 3340 arcticum

426 3376 550 3433 puta
568 3404 582 3429 ‚
609 3365 988 3435 complectitur.
1015 3368 1111 3416 Ed.

491 3441 743 3508 623-704.
767 3443 936 3493 Anius
954 3440 1181 3493 AEneam
1202 3480 1216 3507 ,
1243 3442 1331 3511 qui
1355 3460 1445 3495 re·-

426 3516 545 3571 licta
563 3519 787 3573 Thracia
813 3519 867 3571 in
895 3519 1116 3572 insulam
1134 3519 1330 3572 Delum
1352 3539 1445 3573 ve-

426 3606 597 3661 uerat,
610 3596 796 3666 excipit
809 3616 822 3649 ι
833 3596 968 3649 illius
978 3596 1096 3648 filiae
1110 3596 1165 3649 in
1177 3596 1445 3651 columbas

426 3684 642 3728 mutata
657 3683 839 3727 erant:
867 3673 1098 3727 AEneam
1125 3683 1325 3728 cratere
1344 3674 1446 3727 do-

425 3765 518 3807 nat
531 3791 545 3818 ,
570 3753 623 3805 in
663 3770 768 3821 quo
802 3750 1023 3806 Orionis
1063 3750 1180 3805 filia
1223 3772 1442 3821 expres-

425 3849 525 3895 sae3
549 3840 785 3883 auctores
806 3829 924 3883 vide
950 3829 1015 3882 ad
1039 3848 1169 3883 vers.
1207 3831 1298 3884 631
1330 3831 1444 3883 lau-

427 3908 589 3963 datos.
603 3935 670 3947 —
680 3910 786 3961 Nec
802 3918 969 3962 tamen
982 3928 1199 3962 eversam
1224 3921 1321 3963 etc.
1338 3910 1440 3963 Fa-

427 3989 528 4043 tale
543 3998 655 4042 erat
672 4027 688 4054 ‚
714 3986 857 4042 Deos
875 3989 1235 4057 Troianorum
1248 3990 1440 4059 patrios

429 4068 591 4122 Italiae
602 4066 824 4136 inferre,
842 4068 1014 4138 ibique
1032 4068 1308 4121 Lavinium
1323 4088 1442 4122 con·

425 4146 550 4199 dere
565 4186 581 4214 ,
597 4145 741 4198 unde
761 4146 934 4200 Roma
951 4144 1435 4210 oriunda—Sacra,

424 4226 697 4281 simulacra
710 4223 931 4279 deorum
945 4224 1234 4295 patriorum
1247 4226 1438 4295 lignea:

427 4302 577 4361 docte
603 4302 668 4360 de
682 4303 744 4359 iis
758 4302 986 4374 disputat
1010 4302 1253 4375 Heynius
1271 4342 1286 4372 ,
1317 4302 1438 4360 Exc.

1558 1789 1636 1842 lx
1656 1788 1719 1842 ad
1741 1788 1925 1859 virgil.
1941 1787 2158 1843 AEneid.
2174 1788 2314 1842 11.-
2326 1789 2579 1842 Praeclare

1556 1867 1795 1921 additum
1813 1906 1827 1933 ,
1844 1887 1998 1922 sacra
2007 1871 2193 1928 altera,
2211 1869 2279 1921 ob
2294 1867 2539 1938 pietatem
2563 1908 2577 1933 ,

1555 1965 1715 2015 quam
1750 1948 2055 2015 parentibus
2093 1945 2360 2000 debemus.
2402 1947 2470 2000 Et
2505 1946 2575 1999 ita

1555 2023 1713 2076 etiam
1737 2023 1758 2075 1
1777 2024 1916 2076 Fast.
1936 2029 2027 2091 527
2045 2062 2060 2090 ,
2088 2034 2138 2076 et
2157 2023 2257 2089 lv,
2275 2025 2353 2076 38.
2375 2024 2578 2076 Hecto-

1551 2102 1623 2155 ris
1642 2103 1828 2155 umbra
1843 2102 1906 2156 ad
1919 2103 2147 2156 AEneam
2165 2122 2177 2155 ι
2194 2103 2353 2154 Sacra
2365 2120 2576 2169 suosque

1548 2182 1651 2232 te'be'
1666 2184 1982 2233 commendat
2008 2181 2164 2247 Troja
2180 2183 2397 2232 Penates
2419 2200 2435 2230 .·
2460 2182 2575 2232 Hos

1546 2276 1672 2323 cape
1691 2257 1922 2324 satorum
1966 2263 2174 2310 comites
2215 2276 2230 2309 .-
2270 2260 2351 2309 hes
2388 2262 2575 2309 menia

1545 2351 1704 2400 quere
1732 2336 1931 2402 Magna
1944 2375 1958 2397 ‚
1974 2344 2228 2401 pererrato
2256 2344 2447 2387 statues
2471 2356 2576 2404 que

1545 2414 1758 2478 denique
1770 2423 1929 2479 ponto
1945 2429 1962 2474 ‚⁸
2000 2411 2145 2481 Virg.
2181 2412 2310 2464 AEn.
2338 2414 2390 2466 Il
2416 2453 2431 2480 ,
2461 2415 2573 2485 293.

1544 2516 1612 2528 —
1642 2489 1773 2541 Plus
1798 2509 1923 2559 ergo
1948 2490 2030 2543 ille
2068 2490 2124 2542 in
2160 2489 2303 2543 Deos
2329 2528 2345 2555 ‚
2377 2501 2575 2556 patrem

1544 2578 1598 2621 et
1625 2567 1791 2621 filium
1812 2609 1827 2634 ,
1863 2571 2147 2623 Ascanium
2172 2610 2185 2631 ‚
2224 2569 2311 2639 qui
2338 2581 2393 2623 et
2428 2571 2571 2624 Iulus

1544 2644 1746 2710 dictus;
1775 2648 1815 2701 is
1838 2647 2032 2701 dextre
2048 2668 2103 2701 se
2122 2646 2379 2719 implicuit
2398 2650 2572 2719 patris.

1513 2734 1519 2740 '
1543 2726 1837 2780 —Praedam
1858 2768 1869 2779 .
1886 2769 1899 2781 .
1914 2767 1926 2780 .
1939 2732 2118 2799 1'llam,·
2149 2727 2364 2797 quidam
2382 2749 2532 2782 naam
2554 2746 2574 2793 ,·

1544 2823 1643 2874 pro
1666 2809 1843 2872 eligit,
1881 2806 2045 2859 Palat.
2077 2806 2339 2860 secundus
2367 2810 2573 2873 excipit.

1543 2911 1611 2924 ·-·
1650 2884 1801 2953 Regii
1843 2883 2044 2939 codices
2076 2889 2218 2951 elejqit
2254 2889 2398 2938 illam
2423 2901 2443 2949 ‚⁶
2482 2884 2573 2937 sed

1543 2963 1728 3016 malim
1752 2983 1929 3026 unam,
1965 2965 2201 3033 quamvis
2235 2982 2332 3017 vox
2348 2967 2573 3031 predam

1545 3061 1658 3096 non
1685 3043 1748 3096 ad
1769 3043 1913 3096 Deos
1938 3053 2144 3097 tantum
2160 3081 2176 3108 ‚
2202 3042 2293 3096 sed
2321 3053 2373 3095 et
2397 3041 2459 3094 ad
2481 3061 2575 3110 pa-

1544 3131 1683 3175 trem
1695 3132 1751 3175 et
1761 3122 1927 3174 filium
1941 3120 2199 3175 referatur
2212 3142 2224 3183 ;
2239 3119 2567 3174 collectivum

1544 3220 1737 3272 nempe
1764 3213 1855 3256 est.
1889 3204 2152 3256 Praeterea
2176 3202 2397 3254 verbum
2424 3204 2572 3267 eligit

1541 3282 1859 3335 servandum
1873 3283 2001 3337 mihi
2015 3282 2242 3337 videtur:
2253 3292 2405 3350 capto
2420 3281 2565 3334 enim

1541 3358 1643 3414 llio
1661 3399 1675 3426 ,
1703 3360 1872 3415 Groeci
1901 3380 1996 3430 per
2025 3379 2319 3430 praeconem
2354 3358 2568 3413 denun-

1543 3438 1742 3492 tiarunt
1760 3477 1774 3504 ,
1802 3450 1860 3492 ut
1889 3438 2078 3509 singuli
2106 3458 2168 3491 ex
2190 3438 2385 3492 civibus
2418 3438 2561 3507 quod

1541 3516 1736 3570 vellent
1760 3535 1931 3569 uuum
1955 3515 2164 3584 aliquod
2182 3534 2359 3569 secum
2385 3517 2566 3571 auser-

1541 3604 1679 3647 rent.
1712 3593 1908 3646 AEneas
1931 3592 2077 3646 Deos
2096 3596 2273 3660 elegit,
2319 3605 2404 3660 et,
2434 3605 2564 3648 teste

1542 3674 1757 3726 AEliano
1775 3712 1791 3740 ,
1819 3673 1945 3725 Var.
1970 3673 2224 3740 hist.111,
2259 3694 2319 3726 aa
2343 3715 2358 3741 ‚
2390 3673 2561 3728 Graeci
2658 3696 2667 3701 ·

1541 3750 1733 3821 pietate
1767 3749 1869 3803 viri
1900 3751 2034 3803 moti
2068 3750 2461 3820 permiserunt,
2505 3764 2565 3806 ut

1541 3848 1711 3883 unum
1738 3828 1931 3899 aliquid
1958 3829 2173 3899 insuper
2196 3850 2258 3882 ex
2280 3830 2385 3883 suis
2411 3830 2565 3883 tolle-

1540 3918 1627 3960 ret
1659 3927 1673 3960 ι
1711 3907 1796 3962 ille
1836 3915 2037 3976 patrem
2075 3907 2223 3960 senio
2263 3904 2560 3960 consectum

1538 3983 1779 4039 humeris
1797 3983 2060 4038 sublatum
2083 3982 2323 4053 portavit.
2345 3987 2445 4037 Ed.

1605 4064 1720 4117 628.
1744 4065 1920 4115 Fertur
1930 4066 1996 4115 ab
2013 4066 2277 4116 Antandro
2294 4080 2312 4126 ,·
2331 4062 2394 4115 ad
2411 4062 2562 4119 Idam

1539 4151 1781 4198 montem
1823 4141 1976 4195 multi
2008 4141 2230 4210 Troiani
2261 4144 2560 4213 congregati

1537 4233 1665 4277 sunt
1676 4262 1692 4289 ‚
1711 4222 2020 4292 quibuscum
2032 4222 2231 4277 AEneas
2244 4225 2561 4277 Antandrum

1539 4302 1725 4372 petiit,
1752 4302 1911 4373 inque
1935 4302 2093 4372 hujus
2111 4302 2252 4358 urbis
2266 4313 2423 4373 portu
2438 4301 2564 4357 clas-
