3185 5138
697 544 824 612 166

1247 545 1328 610 P.
1378 544 1734 612 OVIDII
1777 543 2232 611 NASONIS

683 687 869 763 Velle
903 687 1072 761 mori
1107 688 1338 762 statuit
1374 716 1390 760 τ
1424 715 1569 788 quae
1602 715 1735 760 non
1765 685 1995 761 solatia
2029 688 2330 762 Pboebus

685 806 920 878 Dixit?
952 823 1014 877 et
1049 821 1123 877 ut
1149 802 1375 877 leviter
1408 832 1533 903 pro
1568 804 1967 904 materiaque
2005 804 2300 892 doleret,

684 921 1054 998 Admonuit
1085 950 1102 994 ε
1139 921 1338 1017 gemit
1374 919 1483 993 ille
1517 937 1770 1007 tamem
1808 949 2182 1021 munusque
2216 949 2592 1022 supremum

685 1041 834 1112 Hoc
865 1038 1032 1139 petit
1065 1067 1101 1110 a
1134 1036 1406 1138 Superis
1432 1094 1451 1125 ,
1489 1054 1563 1110 ut
1603 1055 1896 1138 tempore
1928 1036 2152 1132 lugeat
2187 1040 2388 1111 omni.

2719 1061 2811 1114 135

685 1156 1001 1254 Jamque,
1037 1181 1159 1254 per
1192 1152 1546 1226 immensos
1582 1171 1805 1248 egesto
1841 1153 2157 1249 sanguine
2189 1153 2382 1228 fletus
2403 1212 2421 1243 ,

683 1275 763 1346 In
794 1270 1069 1344 viridem
1104 1271 1269 1343 verti
1305 1289 1646 1371 coeperunt
1677 1270 1974 1343 membra
2001 1269 2333 1357 colorem;

677 1389 775 1460 Et
809 1387 1009 1460 modo
1032 1442 1050 1473 ‚
1090 1387 1202 1487 qui
1236 1385 1420 1459 nivea
1454 1387 1836 1486 pendebant
1869 1386 2090 1460 fronte
2127 1386 2388 1488 capilli,

688 1504 979 1577 Horrida
1013 1504 1304 1578 caesaries
1339 1503 1478 1578 fieri
1502 1561 1519 1590 ‚
1561 1521 1914 1605 sumtoque
1946 1505 2165 1599 rigore

676 1622 1033 1695 'Sidereum
1069 1621 1292 1716 gracili
1329 1638 1622 1721 spectare
1660 1620 1995 1694 cacumine
2028 1619 2276 1694 caelum.

689 1736 1056 1833 Ingemuit,
1095 1737 1432 1837 tristisque
1464 1739 1649 1810 Deus
1679 1767 1695 1810 ε
1737 1771 1769 1800 «
1804 1738 2145 1833 Lugebere
2182 1737 2383 1811 nobis
2405 1793 2424 1824 ,

693 1885 728 1916 n
771 1853 1190 1953 Lugebisque
1222 1851 1425 1939 alios»,
1461 1853 1804 1953 aderisque
1844 1850 2264 1940 dolentibuS‚
2303 1886 2337 1917 »
2373 1851 2612 1952 inquit.

784 1970 907 2041 Ill.
946 1967 1107 2042 Tale
1139 1998 1370 2042 nemus
1407 1988 1583 2042 vates
1621 1986 2070 2056 contraxerat3
2102 1969 2301 2069 inque
2335 1967 2618 2041 ferarum

690 2164 718 2189 ι·
742 2143 1015 2207 excitatus,
1039 2160 1253 2196 cervum
1269 2181 1283 2207 ,
1309 2161 1466 2211 quem
1490 2143 1543 2195 in
1565 2142 1701 2195 deli-

692 2241 720 2267 »
743 2220 834 2274 ciis
857 2219 1105 2287 habebat,
1130 2221 1296 2273 seram
1326 2219 1574 2284 credens,
1606 2240 1701 2289 per

689 2320 716 2345 κ
742 2298 1090 2369 ignorantiam
1130 2298 1286 2352 mino
1325 2298 1429 2352 telo
1473 2298 1699 2352 occidis-—

691 2400 717 2424 »
742 2387 819 2430 set
852 2387 949 2429 etc.
976 2401 1001 2423 υ
1025 2405 1089 2416 -
1124 2379 1267 2429 Velle
1297 2375 1558 2430 redundat
1586 2416 1602 2443 ‚
1643 2387 1700 2429 ut

687 2455 823 2524 apud
847 2455 1149 2522 Tibullum,
1179 2455 1231 2522 Ι,
1260 2471 1302 2508 11
1322 2496 1336 2520 ,
1362 2477 1461 2528 9²³
1489 2457 1602 2523 ΠΙ,
1622 2471 1699 2520 IV,

684 2538 716 2603 4
729 2575 744 2602 ,
766 2539 979 2588 desim'te
994 2554 1200 2604 quarere
1221 2537 1362 2587 velle.

760 2612 864 2665 133.
904 2613 1005 2664 Pm
1037 2618 1262 2665 materia.
1301 2611 1438 2664 Vide
1473 2610 1537 2664 ad
1575 2610 1659 2664 ΠΙ
1683 2651 1699 2678 ,

687 2689 783 2743 333
799 2728 814 2755 ,
844 2690 970 2757 ubi,
1004 2693 1209 2758 [παρίω
1242 2709 1335 2743 nec
1359 2710 1455 2758 pro
1492 2693 1704 2741 materia

687 2771 865 2822 dolere.

757 2846 864 2899 136.
887 2848 1075 2913 Egesto
1096 2851 1340 2913 sanguim
1349 2843 1515 2908 [lctus.
1544 2841 1702 2895 Can—

688 2924 816 2977 tabr.
837 2933 889 2975 et
907 2923 1255 2987 nnuttiejectog
1281 2923 1474 2989 Regius
1484 2924 1704 2972 exhaus-

685 3011 771 3062 105
814 2998 1081 3052 Leidensia
1111 3003 1318 3065 expulso
1348 3018 1364 3050 .·
1401 2998 1506 3049 duo
1543 3001 1701 3051 etiam
1752 3014 1757 3019 ’

675 3081 880 3149 fluctus.
899 3106 963 3117 —
985 3075 1165 3130 Codex
1190 3089 1367 3130 noster
1394 3076 1586 3144 Regius
1618 3077 1662 3129 Α
1685 3115 1700 3143 ,

688 3157 849 3224 eli-clo
864 3195 877 3208 .
894 3196 906 3209 .
925 3195 936 3208 .
946 3159 1134 3225 fietus,·
1151 3154 1241 3208 aed
1258 3153 1439 3208 Codex
1459 3155 1523 3219 B,
1538 3164 1703 3221 egesto

673 3238 887 3304 fluctus.
925 3232 1065 3304 quod
1094 3244 1269 3287 tamen
1304 3252 1490 3285 manus
1514 3232 1702 3285 eadem

688 3314 909 3369 correxit
933 3334 944 3367 ι
969 3323 1136 3381 egesto
1154 3312 1371 3366 vividius
1396 3331 1550 3381 quam
1567 3312 1705 3378 ejec-

686 3404 740 3447 to
756 3413 772 3445 .·
790 3391 1087 3462 aedfluctus
1106 3391 1230 3444 ferri
1257 3410 1365 3443 non
1391 3401 1576 3460 potest.
1602 3393 1700 3443 Ed.

688 3501 756 3516 ·—
773 3473 876 3527 Per
908 3472 1061 3526 fletus
1089 3492 1196 3526 non
1226 3471 1457 3542 egeritur
1479 3471 1703 3541 sanguis.

690 3552 885 3608 Metius
899 3551 1036 3621 apud
1056 3550 1300 3605 Servium
1315 3549 1441 3603 fletu
1463 3550 1629 3602 nimio
1651 3559 1704 3601 et

689 3628 1000 3684 abstinentia
1022 3629 1121 3682 cibi
1147 3648 1205 3681 ac
1227 3627 1452 3698 potionis
1477 3626 1703 3681 tabescit.

761 3707 868 3779 139.
891 3709 1131 3760 Cesaries
1145 3748 1157 3769 ‚
1174 3711 1575 3775 capillamentum
1586 3746 1603 3770 ,
1620 3724 1706 3757 co-

691 3808 782 3841 nte
811 3789 995 3858 passim
1032 3786 1098 3840 de
1131 3786 1404 3841 frondibus
1437 3786 1702 3839 arborum.

690 3866 777 3921 Sic
792 3864 1067 3936 Euripides
1082 3904 1095 3930 ‚
1114 3865 1334 3936 Ion.9ao
1349 3904 1363 3929 ,
1381 3864 1608 3933 palmam
1620 3882 1705 3929 vo-

692 3955 772 3997 cal
792 3941 1447 4020 &Cpoaeipaoe-1.Callitn.hymn.
1465 3942 1528 3995 ad
1547 3941 1702 3994 Dian.

690 4025 747 4088 41
769 4061 784 4088 ‚
808 4025 909 4098 ἄρος
923 4025 1222 4090 καομζμίνον
1239 4028 1335 4083 ὕλη.
1355 4019 1549 4073 Statius
1564 4058 1579 4085 ‚
1602 4018 1703 4085 lv,

690 4099 814 4153 Silv.
835 4103 863 4152 5
878 4141 892 4166 ‚
904 4100 1179 4168 frondibus
1199 4104 1379 4152 annuis
1400 4103 1608 4151 crinitur
1617 4118 1706 4150 ar-

693 4179 793 4228 bor.
835 4178 965 4231 Vide
1003 4179 1331 4232 Bueneman.
1368 4175 1432 4230 ad
1470 4176 1704 4229 Lactan-

694 4255 856 4319 tium,
887 4255 1065 4310 Carm.
1090 4257 1154 4309 dc
1187 4257 1383 4311 Pascha
1405 4275 1534 4309 vers.
1561 4277 1706 4310 21.—

693 4334 941 4388 Horridus
963 4334 1168 4402 proprie
1192 4334 1256 4387 de
1273 4333 1463 4401 capillis
1482 4332 1704 4387 incultis.

1794 2143 2066 2196 -Sumeoe
2080 2183 2093 2202 ,
2108 2142 2338 2210 accipere
2357 2161 2369 2203 ;
2390 2140 2473 2193 111
2489 2180 2503 2205 ,
2521 2159 2581 2192 ex
2597 2140 2772 2193 Ponto
2788 2179 2805 2206 ,

1797 2238 1855 2272 tv
1870 2261 1885 2288 ,
1913 2222 1971 2274 31
1994 2260 2009 2286 ,
2032 2239 2221 2276 sumere
2237 2223 2464 2286 vigorrm.
2488 2244 2554 2256 —
2574 2220 2805 2279 Gracili,

1799 2299 2232 2353 tenui—Calan.
2252 2294 2557 2349 Basileensis
2573 2300 2809 2348 solem.—

1798 2380 1948 2448 Regii
1979 2378 2141 2431 nostri
2165 2380 2357 2429 calum.

1868 2458 1975 2522 ¹4²·
1994 2458 2299 2522 Lnga-bisque
2316 2457 2464 2507 alios.
2489 2453 2776 2524 cupressus
2792 2493 2807 2519 ,

1796 2532 1932 2586 sorte
1950 2533 2069 2602 quia
2085 2551 2213 2586 caesa
2228 2551 2336 2586 non
2355 2533 2675 2602 regerminat
2691 2573 2705 2599 ,
2721 2542 2809 2585 aut

1797 2614 1863 2666 ob
1879 2614 2102 2666 sormam
2117 2614 2319 2666 tristem
2332 2654 2344 2675 ‚
2364 2614 2477 2666 Diti
2491 2624 2808 2676 consecrata,

1798 2703 1916 2745 ante
1942 2693 2202 2753 funestam
2232 2691 2451 2745 domum
2484 2693 2775 2763 ponebatur
2792 2729 2809 2757 ‚

1798 2790 1865 2824 ne
1889 2771 2002 2838 quis
2025 2790 2140 2824 rem
2160 2769 2390 2823 divinam
2415 2771 2643 2824 facturus
2659 2810 2674 2835 ‚
2698 2769 2810 2822 im·-

1797 2847 2027 2917 prudens
2049 2848 2302 2914 intraret,
2331 2860 2484 2917 atque
2518 2849 2585 2900 ita
2611 2846 2811 2918 pollue-

1795 2929 2210 2979 retum—Aderit
2225 2928 2521 2983 dolentibus.
2546 2937 2604 2978 ut
2621 2926 2672 2992 1,
2692 2924 2809 2989 560,

1796 3001 1862 3054 de
1889 3002 2033 3054 lauro
2048 3041 2062 3068 ,
2082 3011 2137 3055 lu
2158 3005 2368 3054 ducibus
2385 3004 2567 3054 adenlr.
2592 3060 2601 3070 ,

1870 3081 1959 3145 143
1977 3110 2013 3118 -
2037 3079 2142 3131 161.
2180 3082 2497 3152 Ganymedes
2515 3119 2527 3140 ‚
2574 3078 2808 3147 primum

1796 3157 2029 3212 canentis
2053 3155 2257 3226 Orphei
2282 3167 2663 3226 argumentum.
2686 3157 2811 3209 Fuit

1798 3246 1976 3289 autem
1991 3235 2326 3307 Ganymedes
2338 3232 2490 3287 Trois
2504 3232 2657 3299 salius,
2675 3234 2809 3304 (etsi

1798 3313 1879 3366 alii
1899 3312 2073 3377 aliter;
2098 3311 2214 3365 vide
2247 3308 2493 3365 Munker.
2518 3310 2581 3364 ad
2608 3310 2809 3383 Hygini

1795 3392 2022 3451 fabulam
2054 3412 2142 3460 27¹
2162 3431 2177 3457 ‚
2210 3402 2264 3444 et
2292 3391 2507 3444 Barnea.
2539 3388 2604 3443 ad
2629 3388 2809 3459 Eurip.

1799 3462 1992 3520 Troad.
2020 3487 2148 3522 vera.
2171 3468 2298 3533 822)
2318 3466 2505 3522 eximia
2525 3466 2812 3538 pulchritu-

1798 3545 1919 3600 dine
1937 3548 2141 3616 juvenis
2159 3588 2174 3615 ,
2202 3566 2359 3615 quem
2374 3547 2588 3617 Jupiter
2605 3546 2686 3598 vel
2705 3546 2809 3615 ipse

1798 3640 2028 3683 mutatus
2042 3629 2094 3682 in
2112 3628 2337 3698 aquilam
2351 3669 2367 3695 ‚
2384 3629 2462 3682 vel
2480 3628 2632 3681 missa
2643 3626 2813 3695 aquila

1796 3710 1997 3779 rapuit,
2025 3729 2081 3763 ac
2099 3728 2293 3762 meusae
2308 3709 2403 3763 sibi
2425 3707 2723 3761 ministrum
2742 3708 2813 3758 se-

1796 3792 1880 3845 cit.
1918 3791 2059 3844 Fons
2091 3789 2274 3843 sabulae
2299 3800 2377 3843 est
2402 3790 2626 3843 Homer.
2658 3786 2718 3841 ΙΙ.
2744 3795 2810 3851 Υ,

1797 3869 1891 3922 232
1909 3907 1925 3934 ,
1946 3878 1998 3921 et
2016 3868 2196 3940 hymn.
2221 3868 2359 3921 Ven.
2379 3867 2475 3919 203
2494 3886 2603 3935 sqq.
2625 3865 2711 3917 ubi
2733 3875 2812 3916 ta-

1796 3965 1922 3999 men
1938 3965 2048 3998 non
2065 3945 2248 4015 aquilae
2263 3945 2572 4009 ministerio,
2591 3942 2680 3997 sed
2698 3960 2812 4012 pro·

1796 4024 1921 4078 cella
1948 4034 2125 4094 raptus
2150 4022 2387 4077 traditur.
2413 4021 2691 4093 Displicuit
2713 4019 2812 4071 boc

1797 4102 2113 4173 figmentum
2142 4101 2249 4155 Cic.
2274 4101 2429 4153 Tusc.
2452 4101 2513 4164 1,
2541 4099 2602 4151 26
2620 4118 2632 4151 ε
2650 4121 2674 4143 ιι
2701 4097 2815 4149 Nec

1799 4203 1824 4227 ν
1853 4182 2151 4233 Homerum
2184 4178 2341 4231 audio
2365 4218 2379 4243 ‚
2412 4178 2501 4247 qui
2528 4176 2810 4246 Ganyme—

1800 4280 1825 4303 »
1853 4257 1973 4311 dem
2014 4277 2040 4309 a
2082 4257 2197 4310 Diis
2240 4267 2450 4326 raptum
2488 4255 2556 4307 ait
2597 4260 2811 4322 propter

1799 4355 1826 4382 υ
1851 4335 2075 4387 sormam
2094 4373 2109 4400 ,
2138 4345 2194 4388 ut
2209 4333 2330 4387 Jovi
2350 4333 2525 4388 bibere
2545 4327 2812 4382 ministra-
