3185 5138
686 520 816 587 338

1222 519 1302 585 P.
1362 519 1717 586 OVIDII
1773 518 2235 587 NASONIS

682 661 810 734 Par
841 685 1030 731 amor
1057 675 1160 731 est
1188 654 1322 731 illis
1351 686 1368 730 :
1395 674 1617 732 errant
1645 657 1717 730 in
1753 656 2093 731 montibus
2121 686 2296 747 una:

683 777 893 849 Antra
919 772 1116 847 simul
1147 772 1482 848 subeunt:
1511 791 1579 848 et
1612 790 1752 848 tum
1785 774 2131 875 Lapitheia
2166 793 2337 853 tecta

659 896 1012 968 'Intrarant
1042 891 1325 992 pariter,
1359 890 1609 993 pariter
1639 889 1776 965 fera
1804 889 1984 965 bella
2011 893 2329 987 gerebant
2356 925 2376 968 ε

681 1012 938 1083 Auctor
971 1010 1040 1081 in
1073 1007 1326 1083 incerto
1365 1024 1465 1081 est
1495 1037 1511 1080 ε
1539 1006 1830 1106 jaculum
1864 1006 1946 1080 de
1977 1027 2161 1109 parte
2194 1009 2463 1086 sinistra

681 1127 914 1213 Venit,
953 1143 1021 1199 et
1053 1123 1360 1211 inferius,
1397 1151 1596 1225 quam
1630 1121 1808 1196 collo
1838 1141 2108 1225 pectora
2142 1125 2465 1215 subsunt,

684 1238 942 1340 Cyllare
961 1295 980 1326 ,
1017 1255 1077 1312 te
1109 1237 1255 1311 fixit
1283 1267 1300 1310 ε
1330 1265 1533 1338 parvo
1565 1266 1685 1312 cor
1712 1236 1984 1313 vulnere
2015 1238 2245 1315 laesum

684 1356 984 1455 Corpore
1021 1380 1173 1427 cum
1210 1368 1355 1426 toto
1389 1370 1548 1454 post
1582 1351 1708 1427 tela
1738 1351 1976 1427 educta
2005 1352 2279 1427 refrixit.

681 1469 1003 1542 Protinus
1036 1468 1416 1570 Hylonome
1441 1468 1805 1542 morientes
1837 1468 2084 1571 excipit
2112 1487 2333 1557 artus;

683 1582 1138 1683 Impositaque
1169 1610 1370 1656 manu
1407 1580 1650 1656 vulnus
1684 1581 1905 1670 fovet;
1942 1609 2190 1683 oraque
2222 1582 2305 1657 ad
2339 1611 2456 1657 ora

684 1698 1048 1784 Admovet,
1083 1715 1280 1796 atque
1315 1697 1544 1771 animae
1577 1696 1861 1792 fugienti
1887 1696 2208 1773 obsistere
2244 1715 2470 1772 tentat.

2716 1723 2819 1791 425

685 1819 784 1889 Ut
813 1815 991 1888 videt
1025 1815 1422 1887 exstinctum
1443 1868 1465 1900 ‚
1503 1812 1698 1891 dictis
1723 1868 1743 1900 ‚
1782 1841 1928 1914 quae
1957 1812 2204 1888 clamor
2233 1812 2314 1888 ad
2349 1844 2538 1890 aures

685 1930 925 2004 Arcuit
952 1930 1045 2003 ire
1074 1957 1292 2016 meas,
1329 1927 1465 2002 telo
1487 1984 1507 2016 ‚
1545 1928 1727 2030 quod
1763 1927 2111 2025 inhaeserat
2147 1925 2245 2001 illi
2267 1984 2287 2016 ‚

686 2046 1043 2129 Incubuit;
1081 2044 1507 2144 moriensque
1541 2073 1736 2118 suum
1771 2043 2116 2145 complexa
2145 2046 2453 2118 maritum
2489 2063 2605 2118 est.

687 2163 866 2233 Ante
900 2158 1134 2234 oculos
1169 2175 1301 2234 stat
1330 2177 1396 2233 et
1427 2156 1541 2232 ille
1565 2186 1781 2246 meos,
1820 2158 1936 2260 qui
1967 2185 2126 2232 sena
2158 2156 2428 2235 leonum

685 2278 1003 2350 Vinxerat
1035 2275 1208 2348 inter
1238 2301 1309 2347 se
1339 2274 1653 2348 connexis
1685 2272 1922 2348 vellera
1955 2272 2188 2361 nodis,
2709 2297 2813 2363 430

689 2393 1108 2466 Phaeocomes
1131 2446 1150 2477 ‚
1181 2389 1649 2489 hominemque
1683 2387 1878 2462 simul
1913 2404 2256 2488 protectus
2290 2388 2664 2490 equumque
2696 2419 2712 2462 ε

690 2507 933 2584 Codice
967 2505 1084 2608 qui
1116 2504 1321 2580 misso
1342 2559 1362 2591 ,
1401 2530 1597 2604 quem
1630 2502 1737 2577 vix
1765 2503 1926 2602 juga
1951 2501 2111 2577 bina
2142 2520 2482 2578 moverent

755 2710 869 2777 4¹7·
896 2707 1166 2772 Lapitheia
1185 2711 1353 2765 lecim·
1382 2712 1596 2754 antrum
1619 2719 1708 2753 ar-

689 2786 900 2840 boribus
926 2794 1125 2836 tectum
1151 2821 1165 2848 ,
1205 2799 1312 2850 quo
1343 2779 1567 2833 Pirithoi
1592 2780 1706 2832 La-

691 2864 957 2931 pitharum
991 2860 1128 2929 regis
1166 2859 1364 2928 nuptie
1398 2867 1522 2910 sunt
1556 2856 1705 2912 cele-

692 2942 855 2994 brata
876 2959 890 3000 ς
913 2936 1030 2990 vide
1048 2955 1204 3005 supra
1229 2953 1341 2988 212.
1360 2936 1461 2987 Ed.
1474 2936 1708 2987 —Bella

688 3020 960 3086 prebente
988 3013 1150 3068 codex
1172 3012 1366 3081 Regius
1390 3011 1437 3065 Α
1452 3012 1706 3079 serebant.

694 3123 761 3136 —
782 3096 1003 3151 Auctor.
1046 3091 1134 3159 qui
1165 3090 1326 3143 mittit
1355 3088 1584 3156 jaculum
1603 3128 1620 3155 ‚
1646 3099 1708 3142 ut

696 3192 851 3243 cupra
875 3170 1016 3225 Vlll
1035 3209 1050 3235 ,
1077 3170 1256 3241 349.—
1270 3170 1433 3233 Quam
1453 3170 1586 3220 collo
1608 3177 1705 3222 etc.

696 3253 850 3322 vulgo
869 3254 951 3318 (et
964 3250 1016 3301 in
1034 3246 1438 3314 Regiimostris)
1451 3265 1551 3313 qua
1560 3250 1707 3300 collo.

762 3330 873 3397 4²3·
897 3329 1122 3392 Excipit.
1149 3322 1412 3376 Leidemin
1431 3362 1446 3388 ,
1474 3322 1670 3391 Sprotii
1688 3363 1704 3390 ,

696 3421 749 3463 et
771 3411 987 3476 Argeut.
1012 3405 1237 3468 suscipit.
1251 3427 1318 3440 —
1333 3400 1482 3470 Regii
1503 3404 1706 3466 except?-

698 3486 922 3539 —Dicta
937 3483 1046 3536 haec
1062 3500 1123 3534 ex
1140 3497 1286 3531 more
1303 3478 1673 3531 Romanorum
1687 3518 1704 3545 ‚

698 3565 787 3634 qui
811 3563 1000 3616 amicos
1023 3558 1309 3612 morientes
1340 3556 1578 3624 amplecti
1611 3576 1709 3609 so-

697 3641 873 3694 lebant
893 3649 1046 3706 atque
1067 3634 1282 3688 osculari
1298 3674 1312 3698 ,
1339 3644 1709 3687 utextremum

699 3734 883 3773 eorum
903 3715 1118 3768 halitum
1140 3712 1233 3765 sibi
1257 3711 1488 3780 excipere
1514 3711 1707 3764 liceret.

703 3796 893 3850 Anima
907 3812 1001 3863 per
1017 3811 1073 3845 os
1084 3792 1219 3844 exire
1231 3790 1558 3856 credebatur,
1570 3808 1709 3842 eam·

701 3896 800 3946 que
825 3876 878 3928 in
904 3874 1077 3943 primo
1098 3890 1189 3924 ore
1219 3881 1396 3923 tenere
1423 3870 1709 3922 morientes

699 3955 1031 4016 dicebantur3
1056 3948 1237 4005 confer
1258 3948 1307 4002 X
1322 3987 1336 4011 ,
1368 3949 1459 4000 186
1476 3968 1568 4016 sqq
1584 3988 1599 4013 ,
1619 3948 1707 4000 ubi

701 4032 897 4086 endem
917 4048 1055 4084 curae
1072 4070 1087 4096 ,
1111 4028 1252 4081 idem
1273 4026 1709 4080 officium.—lm-

692 4118 990 4179 positivum·
1021 4127 1156 4160 unus
1185 4105 1387 4158 Heinsii
1411 4109 1710 4170 supposita-

701 4206 818 4254 que,
843 4196 901 4238 ut
919 4184 1133 4239 Heroid.
1155 4184 1234 4236 Xl
1249 4221 1264 4247 ,
1280 4178 1706 4252 39.—Regiieod.

701 4270 1024 4332 impositaque
1037 4305 1050 4327 ,
1076 4261 1215 4331 quod
1237 4260 1471 4330 praesem.
1487 4263 1584 4311 Ed.

1867 2705 1980 2770 427.
2015 2702 2161 2763 Telo,
2181 2703 2322 2768 quod
2328 2703 2600 2753 inheserat
2616 2712 2712 2754 etc.
2741 2713 2815 2754 te·

1802 2779 1854 2833 lo
1865 2819 1881 2845 ‚
1903 2778 2045 2848 quod
2061 2779 2132 2833 illi
2147 2776 2360 2851 Cyllaro
2373 2778 2544 2832 suerat
2561 2780 2778 2833 infixum
2794 2818 2813 2847 ‚

1801 2838 2113 2911 incumbenl
2129 2895 2146 2922 ‚
2173 2876 2227 2909 ae
2253 2856 2526 2910 transfixit.
2554 2860 2653 2910 Ed.

1870 2937 1982 3005 4²9·
2005 2935 2169 2997 senas
2211 2933 2366 3002 vulgo
2384 2952 2550 2999 ,τινας
2581 2934 2671 2988 sed
2692 2953 2817 2987 sena

1800 3013 2046 3065 convenit
2070 3011 2419 3082 magnitudini
2449 3012 2720 3067 Centauri.
2748 3041 2815 3057 ·-

1804 3089 1955 3159 Regii
1982 3091 2146 3143 nostri
2168 3110 2303 3143 seva
2322 3132 2335 3151 .
2379 3091 2470 3145 sed
2503 3093 2737 3161 plurimis
2759 3103 2818 3148 et

1804 3168 2016 3236 optimis
2030 3188 2155 3221 sena
2168 3169 2410 3222 dantibus
2425 3170 2815 3222 assentiendum

1803 3256 1896 3298 eat.
1913 3247 2332 3302 Ede-couneus
2355 3253 2529 3311 nodis,·
2549 3246 2817 3300 Florenti-

1803 3342 1904 3376 nus
1917 3363 1931 3390 ,
1946 3322 2317 3379 Gronovianus
2334 3327 2533 3394 primus
2548 3338 2603 3380 et
2621 3327 2705 3380 alii
2719 3331 2814 3380 col·

1802 3405 1973 3464 lectis,
2006 3403 2146 3472 quod
2172 3406 2401 3474 impense
2427 3406 2617 3475 placuit
2642 3408 2817 3460 Hein-

1804 3480 1880 3532 sio
1893 3520 1908 3546 ,
1925 3498 2032 3533 nou
2050 3483 2177 3534 item
2192 3482 2518 3548 Bau-manno,
2530 3484 2619 3554 qui
2634 3494 2816 3537 monet

1803 3563 1981 3626 colligi
1988 3570 2127 3613 recte
2138 3561 2368 3614 crineset
2383 3562 2477 3614 alia
2488 3562 2588 3616 dici
2602 3573 2659 3615 ut
2673 3561 2816 3614 nodo

1804 3636 2175 3705 cohibeantur,
2206 3657 2312 3692 non
2336 3650 2514 3693 autem
2539 3640 2702 3694 nodos
2722 3642 2814 3709 ip-

1805 3734 1901 3767 ³0⁸.
1934 3715 2107 3767 Immo
2136 3716 2261 3768 nodi
2284 3716 2533 3770 dicuntur
2551 3724 2806 3782 connecti,

1805 3803 1857 3844 et
1874 3811 2038 3860 quum
2058 3793 2350 3862 solvuntur,
2363 3799 2565 3859 didm-1⁵5
2587 3798 2642 3850 11
2659 3838 2674 3864 ,
2700 3799 2814 3851 560.

1792 3868 2002 3939 ‹Regius
2038 3882 2218 3924 noster
2262 3874 2306 3925 Α
2352 3879 2592 3927 connexis
2628 3879 2814 3940 nodis,·

1808 3947 2003 4016 Regius
2028 3949 2074 4003 B
2098 3962 2395 4004 connectens
2416 3956 2605 4012 vellera
2631 3957 2779 4005 nodis
2793 3994 2808 4015 ,

1806 4038 1858 4079 et
1882 4028 1934 4079 iu
1961 4029 2192 4096 margine
2223 4033 2308 4081 ul
2320 4035 2574 4083 connexis.
2601 4031 2708 4084 Pro
2721 4052 2818 4084 no-

1803 4108 1885 4156 dis
1921 4105 2130 4173 plurimi
2166 4110 2333 4168 lon·s‚·
2381 4106 2631 4161 Heinsius
2670 4107 2816 4163 malit

1805 4186 1975 4244 codis,
1998 4182 2050 4235 id
2076 4194 2179 4249 est,
2203 4183 2392 4238 caudis.
2424 4188 2521 4239 hv.

1872 4261 1983 4326 432.
2020 4263 2238 4326 Codex-m
2275 4263 2424 4316 multi
2457 4269 2627 4330 stipite
2640 4304 2653 4326 ‚
2688 4282 2808 4315 cor-
