3185 5138
706 541 835 633 49²
930 541 1011 606 P.
1049 537 1355 606 OVIDII
1392 535 1784 605 NASONIS
1815 538 2190 606 METAM.
2241 539 2416 608 LIB.
2462 541 2658 612 XIV.

712 713 748 746 «
792 680 856 752 O
882 678 1025 752 Dea
1046 735 1065 766 ,
1096 706 1378 778 namque
1413 676 1621 766 mihi,
1651 706 1775 752 nec
1806 707 1953 779 quae
1985 679 2077 755 sis
2102 679 2320 755 dicere
2341 698 2682 782 promtum
2706 700 2862 772 est3

713 825 750 857 n
790 794 881 865 Et
903 790 1120 892 liquet
1149 820 1290 867 esse
1324 793 1577 880 D'eam3
1614 792 1742 867 duc
1766 849 1785 880 ,
1822 822 1864 866 o
1899 794 2063 882 duc,
2094 794 2352 896 inquit,
2387 811 2453 867 et
2490 794 2660 869 offer

713 941 750 973 τ»
792 909 1111 1007 Conjugis
1144 937 1261 982 ora
1295 909 1458 982 mihi
1490 939 1507 982 ε
1537 937 1684 1010 quae
1712 909 1770 982 si
1803 910 2005 984 modo
2040 940 2235 1011 posse
2270 912 2490 986 videre

714 1059 752 1091 »
789 1027 952 1099 Fata
989 1025 1187 1099 semel
1224 1025 1562 1114 dederint,
1604 1025 1834 1101 caelum
1865 1029 2190 1130 accepisse
2222 1029 2502 1104 fatebor.
2541 1063 2577 1095 n

708 1143 849 1216 Nec
878 1171 1062 1216 mora
1082 1199 1101 1230 ,
1137 1141 1504 1218 Romuleos
1541 1171 1693 1217 cum
1722 1144 1976 1239 virgine
2005 1145 2459 1220 Thaumantea
2751 1165 2858 1235 845

711 1259 1093 1352 Ingreditur
1124 1257 1322 1333 colles
1352 1288 1368 1331 z
1403 1258 1501 1333 ibi
1537 1257 1724 1333 sidus
1758 1259 1842 1333 ab
1881 1261 2120 1336 aethere
2152 1260 2410 1363 lapsum

710 1373 978 1448 Decidit
1011 1375 1081 1447 in
1119 1392 1356 1471 terras;
1393 1403 1433 1447 a
1466 1375 1655 1474 cujus
1691 1375 1938 1451 lumine
1975 1378 2258 1473 flagrans

712 1491 1014 1565 Hersiliae
1047 1492 1249 1565 crinis
1284 1521 1435 1565 cum
1473 1490 1685 1565 sidere
1722 1494 1921 1567 cessit
1959 1496 2031 1568 in
2059 1524 2269 1571 auras,

714 1609 905 1680 Hanc
936 1608 1244 1682 manibus
1278 1608 1461 1683 notis
1500 1611 1820 1684 Romanae
1856 1609 2167 1685 conditor
2199 1611 2389 1686 urbis

716 1726 1022 1827 Excipit,
1061 1745 1130 1801 et
1154 1726 1447 1828 priscum
1486 1728 1735 1828 pariter
1769 1757 1919 1802 cum
1955 1757 2230 1831 corpore
2264 1759 2508 1805 nomen
2753 1752 2857 1807 850

721 1841 976 1929 Mutat;
1002 1842 1385 1941 Horamque
1402 1859 1594 1916 vocat
1612 1898 1631 1930 ,
1662 1871 1808 1943 quae
1828 1873 2004 1919 nunc
2017 1846 2158 1919 Dea
2172 1846 2399 1944 juncta
2422 1844 2716 1943 Quirino
2734 1865 2853 1922 est.

781 2031 892 2096 841.
918 2031 1023 2082 Nec
1047 2033 1127 2096 (et
1147 2048 1257 2082 non
1275 2031 1346 2095 )...
1365 2040 1419 2083 e!
1430 2030 1636 2099 passim.
1659 2032 1740 2084 Ut
1837 2031 1914 2085 his
1934 2033 2085 2085 terris
2103 2033 2367 2103 amplexus
2389 2043 2517 2086 erat.
2534 2033 2614 2087 Ut
2634 2033 2860 2088 Herculi

715 2124 825 2158 non
847 2117 1117 2176 promtum
1134 2118 1261 2161 est...
1284 2107 1355 2159 ita
1383 2107 1734 2176 liquet—Ca·-
1836 2123 2139 2166 consecrato
2168 2113 2321 2166 Hebe
2340 2152 2355 2178 ‚
2383 2113 2454 2167 sic
2484 2113 2719 2183 Quirino
2742 2116 2860 2168 llo-

715 2189 817 2237 Ium
848 2192 1106 2257 aceepelrse
1124 2185 1345 2252 fatebor.
1372 2187 1494 2241 Mos
1519 2207 1738 2255 eorum,
1835 2209 1897 2243 ra
1917 2191 2106 2258 conjux
2130 2189 2264 2243 data.
2289 2191 2495 2245 Ennius
2516 2189 2619 2246 An.
2646 2190 2672 2244 I
2701 2210 2715 2243 t
2751 2193 2859 2244 Te-

717 2262 807 2331 qui
836 2262 1089 2316 felicitatis
1122 2263 1396 2317 cumulum
1431 2263 1741 2334 adipiscun-
1836 2289 1956 2338 que,
1988 2270 2191 2334 Quirine
2198 2279 2372 2335 paler,
2391 2288 2624 2324 ναι-ων.
2646 2270 2859 2321 Homn-

715 2350 805 2393 tur
821 2340 1083 2394 :similiter
1096 2344 1317 2395 Deorum
1330 2347 1485 2396 vitam
1510 2347 1750 2396 nance'sci
1835 2366 1930 2416 que
1964 2350 2177 2413 Quirini.
2207 2346 2277 2400 Et
2316 2348 2462 2400 Hom
2494 2345 2680 2399 eadem
2695 2385 2710 2411 ,
2739 2365 2859 2415 qua

716 2429 773 2471 et
792 2417 922 2483 alia;
955 2418 1067 2473 Cic.
1094 2420 1249 2474 Attic-
1278 2422 1369 2487 11,
1406 2442 1424 2473 1
1447 2460 1462 2486 ,
1487 2423 1651 2488 degaro
1687 2441 1742 2474 se
1841 2425 2012 2478 Hebe.
2053 2424 2258 2478 Nonius
2283 2422 2653 2489 Marcellinus,
2686 2425 2858 2485 Hom,

716 2502 1083 2567 calumpniam!
1089 2503 1368 2567 admegem
1386 2501 1638 2553 Horatius
1652 2539 1666 2565 ,
1685 2501 1737 2566 l,
1826 2504 2106 2569 juventutis
2128 2504 2259 2554 Dea.
2284 2502 2489 2572 Nempe
2507 2491 2645 2578 dp«,
2668 2502 2862 2572 juven-

719 2576 827 2632 Od.
853 2596 873 2631 1
889 2618 904 2645 ‚
940 2580 1334 2647 subliau'fiwbm
1351 2585 1536 2633 aerlt'oe
1555 2583 1740 2632 sidera.
1839 2591 1938 2634 tus.
1953 2580 2137 2650 Itaque
2154 2599 2265 2632 non
2276 2578 2391 2633 siue
2403 2599 2555 2633 causa
2573 2582 2727 2631 Omne
2737 2597 2862 2631 mu-

723 2658 881 2711 Lenz.
907 2658 1007 2712 boc
1029 2659 1191 2712 refert
1208 2658 1272 2711 ad
1293 2658 1582 2713 Romulum
1602 2658 1742 2710 inter
1838 2661 1940 2714 tavi
1969 2660 2022 2713 in
2049 2661 2266 2720 Homm,
2298 2656 2441 2727 quod
2475 2669 2530 2711 et
2565 2656 2711 2710 MSS
2734 2676 2862 2709 me·-

718 2739 961 2794 oelicolas
973 2751 1258 2810 receptum.
1272 2740 1428 2795 Prius
1440 2736 1742 2808 meliuspla·
1839 2737 1993 2792 liores
2025 2738 2122 2808 (pet
2157 2737 2308 2807 Regii
2347 2737 2585 2802 ambo),
2620 2734 2822 2789 Ennius
2841 2775 2860 2802 ,

720 2830 831 2883 cet,
851 2819 1043 2889 quippe
1057 2819 1223 2873 simile
1239 2819 1313 2872 illi
1330 2819 1404 2884 V,
1425 2820 1544 2885 556,
1563 2824 1743 2871 vitam·
1839 2815 2038 2869 Gellius
2060 2814 2224 2879 x111,
2248 2834 2334 2880 aa,
2354 2813 2693 2868 Marcellinus
2715 2830 2863 2882 prae-

722 2919 815 2967 que
826 2900 1040 2966 fatebor
1063 2906 1331 2966 accepisse.
1361 2899 1521 2955 Multi
1563 2910 1742 2953 autem
1836 2893 2032 2947 serunt·
2047 2895 2252 2946 Horam
2262 2902 2437 2945 aulem
2456 2912 2565 2946 esse
2580 2891 2861 2945 Ueniliam

721 2975 850 3028 dant
863 2979 1038 3029 celum
1050 2978 1743 3046 adspeseltsesatebore—Re-
1838 2974 2263 3029 transformatam
2275 2971 2502 3027 Ovidius
2515 2993 2654 3026 unus
2667 2980 2858 3026 narrat.

724 3052 794 3124 gii
817 3052 973 3105 ambo
993 3059 1260 3120 accepit-se.
1835 3081 1904 3095 -
1931 3055 2123 3108 Iuncta
2160 3055 2367 3119 Quirino
2382 3092 2396 3114 ,
2436 3052 2559 3120 quia
2581 3052 2637 3109 in
2666 3049 2859 3121 templo

789 3133 903 3202 849.
938 3134 1087 3187 Notis
1102 3170 1119 3197 ,
1151 3132 1338 3201 quibus
1364 3149 1498 3201 sepe
1534 3151 1655 3186 eam
1682 3133 1738 3186 in
1842 3134 2063 3203 Quirini
2083 3133 2369 3189 colebatur.
2396 3133 2498 3187 Ed.
