3185 5138
747 551 881 637 364

1286 556 1366 620 Ρ.
1435 554 1787 621 OVIDII
1849 551 2297 622 NASONIS

746 694 1036 792 Quaque
1064 691 1235 779 ruit,
1270 720 1408 767 non
1445 710 1518 766 tu
1555 711 1811 767 tantum
1849 694 2154 779 teneris,
2192 691 2435 781 Ulixe3

745 807 876 880 Sed
911 806 1116 881 fortes
1152 810 1349 881 etiam
1374 838 1391 882 ε
1420 825 1676 883 tantum
1714 809 1919 883 trahit
1949 807 2059 881 ille
2091 808 2350 884 timoris
2379 812 2395 881 !

747 926 946 997 Hunc
978 952 1102 1019 ego
1140 924 1513 1019 sanguineae
1543 952 1847 999 successu
1880 923 2075 997 caedis
2107 942 2412 999 ovantem
2807 952 2875 1001 85

747 1040 1068 1114 Cominus
1095 1039 1349 1135 ingenti
1373 1043 1768 1144 ⁸resupinum
1801 1039 2095 1142 pondere
2131 1039 2293 1114 fudi.

750 1157 948 1228 Hunc
981 1184 1104 1251 ego
1141 1176 1555 1257 poscentem,
1599 1185 1745 1230 cum
1782 1186 1916 1257 quo
1950 1175 2409 1245 concurreret,
2446 1185 2617 1232 unus

749 1270 1047 1343 Sustinui
1080 1301 1095 1345 :
1132 1289 1508 1373 sortemque
1541 1299 1752 1346 meam
1786 1272 2058 1346 vovistis
2079 1329 2099 1360 ‚
2139 1272 2414 1362 Achivi;

745 1386 836 1458 Et
864 1404 1094 1462 vestrae
1126 1386 1382 1462 valuere
1417 1416 1643 1488 preces
1674 1419 1688 1461 :
1725 1388 1780 1462 si
1813 1388 2105 1490 quaeritis
2136 1389 2335 1488 hujus

745 1502 1104 1576 Fortunam
1137 1532 1413 1605 pugnae3
1451 1532 1601 1577 non·
1626 1533 1770 1578 sum
1808 1522 2154 1605 superatus
2192 1505 2277 1578 ab
2311 1504 2451 1578 illo.
2518 1566 2528 1579 .
2808 1545 2877 1599 9⁰

748 1620 920 1692 Ecce
951 1618 1173 1693 ferunt
1202 1621 1411 1693 Troes
1445 1618 1824 1721 ferrumque
1844 1676 1863 1710 ‚
1895 1620 2247 1721 ignemque
2266 1676 2286 1711 ‚
2317 1621 2681 1722 Jovemque

748 1808 931 1875 dabat,
962 1811 1251 1864 Hectorem
1266 1850 1282 1877 ,
1306 1811 1396 1865 sed
1415 1811 1516 1867 hoc
1536 1813 1644 1880 iam
1668 1832 1767 1867 an-

748 1900 833 1941 tea
856 1887 1050 1942 sactum
1073 1902 1211 1954 erat;
1240 1892 1297 1944 ll.
1325 1897 1390 1958 Ξ,
1418 1893 1516 1959 416
1530 1914 1640 1962 sqq.
1659 1895 1768 1946 lta-

749 1986 852 2035 que
888 1966 1112 2022 Ovidius
1148 1980 1238 2022 aut
1279 1968 1478 2022 diversa
1516 1971 1764 2037 miscuit,

750 2046 974 2098 antelios
988 2059 1221 2101 auctores
1234 2058 1439 2102 secutus
1454 2060 1531 2103 est
1545 2090 1558 2115 ,
1578 2061 1633 2102 et
1649 2049 1767 2119 qui-

750 2123 874 2176 dem
900 2123 1112 2178 eosdem
1131 2164 1147 2191 ,
1174 2145 1303 2196 quos
1325 2127 1507 2200 Dictys
1533 2127 1765 2183 Creten-

746 2201 844 2267 sis,
870 2202 959 2270 qui
980 2201 1064 2255 lib.
1084 2204 1169 2268 11,
1194 2203 1282 2257 ubi
1307 2204 1372 2259 de
1396 2225 1568 2275 pugna
1589 2205 1653 2258 ad
1679 2225 1769 2259 na·

748 2299 837 2332 ves
850 2279 1158 2335 Graecorum
1179 2283 1475 2352 loquiturff«
1496 2285 1672 2338 Tum
1657 2304 1771 2359 jam

752 2378 780 2402 κ
804 2355 1144 2425 cedentibus,
1185 2366 1381 2429 ioquin
1422 2362 1590 2414 acrior
1630 2361 1767 2415 insi-

752 2445 943 2488 »stens
980 2437 1159 2502 Ajax,
1197 2438 1520 2504 Hectorem,
1548 2439 1637 2508 qui
1663 2438 1767 2491 ad-

751 2532 778 2556 »
804 2530 1011 2565 versum
1049 2534 1172 2569 eum
1218 2516 1475 2586 promtius
1509 2528 1765 2584 steterat,

753 2615 781 2638 υ
807 2594 968 2647 ictum
990 2596 1213 2649 immani
1234 2616 1354 2651 saxo
1370 2636 1386 2663 ,
1414 2617 1471 2651 ac
1495 2617 1615 2650 mox
1637 2616 1771 2652 con-

753 2694 782 2718 »
803 2684 1097 2727 sternatum
1135 2676 1290 2743 ejicit.
1333 2699 1359 2722 »
1405 2676 1550 2730 MSS
1590 2688 1769 2730 tamen

752 2770 946 2820 magno
961 2771 1187 2805 numero
1203 2773 1298 2823 pro
1307 2758 1527 2820 pondere
1545 2756 1740 2809 habent
1752 2795 1768 2821 ,

751 2831 966 2882 vulnere.
979 2857 1045 2869 —
1067 2832 1244 2883 Trahit
1266 2841 1522 2885 terrorem
1545 2833 1774 2902 exquisi-

755 2905 885 2970 tius,
914 2926 1070 2975 quam
1089 2947 1104 2973 ,
1130 2908 1251 2962 sacit
1277 2920 1549 2964 terrorem.
1572 2911 1682 2964 Pro
1702 2916 1774 2964 tt-

756 2986 910 3033 moris
927 3022 943 3045 ,
977 2983 1160 3037 decem
1185 2991 1421 3038 Morem.
1449 2986 1602 3056 Regii
1629 2987 1773 3042 codi-

756 3080 841 3114 ces
872 3063 1026 3116 ambo
1056 3064 1183 3117 dant
1219 3071 1425 3118 te'enorek.
1449 3095 1515 3107 —
1539 3069 1777 3121 Comeiws

759 3159 821 3193 ex
850 3159 957 3194 uno
985 3143 1085 3198 MS
1114 3142 1289 3218 Οᾳοιι.
1313 3147 1508 3214 recepit
1525 3147 1775 3201 Heinsius

759 3239 857 3289 pro
887 3227 1114 3284 eminus,
1156 3223 1296 3292 quod
1332 3225 1519 3294 reliqui
1559 3235 1776 3279 tuentur

762 3318 963 3353 omnes.
996 3299 1225 3355 Causam
1245 3301 1418 3355 reddit
1440 3302 1602 3356 hanc:
1618 3325 1645 3350 οι
1662 3303 1776 3372 plus

761 3380 904 3433 enim
946 3380 1113 3434 laudis
1153 3382 1335 3451 Aiaci,
1367 3382 1507 3451 quod
1537 3383 1778 3436 cominus

760 3477 882 3510 cum
901 3459 1133 3513 Hectore
1147 3470 1259 3513 erat
1273 3479 1597 3529 congressus,
1618 3479 1778 3529 quam

758 3535 803 3589 si
825 3536 1032 3591 eminus
1061 3557 1367 3607 congressus
1388 3537 1620 3591 fuisset.»
1619 3538 1779 3591 Ve-

762 3633 882 3666 rum
899 3614 999 3668 hoc
1015 3634 1125 3668 non
1139 3615 1343 3670 sufficit.
1362 3616 1583 3669 Lenzius
1597 3627 1779 3670 contra

763 3702 910 3761 putat
930 3732 944 3757 ‚
969 3699 1020 3748 το·
1039 3699 1232 3746 eminus
1256 3694 1416 3764 magis
1438 3695 1616 3747 testari
1642 3695 1781 3763 Aja-

764 3771 835 3823 cis
859 3771 1034 3823 robur.
1062 3770 1218 3841 Apud
1241 3773 1541 3825 Homerum
1566 3772 1782 3841 quidem

767 3848 935 3918 lapide
959 3848 1135 3904 fundit
1164 3852 1448 3905 Hectorem
1465 3892 1480 3916 ‚
1507 3863 1780 3922 postquam

765 3930 809 3982 is
831 3949 884 3983 se
909 3930 1014 3999 jam
1044 3942 1310 4000 receperat
1334 3932 1397 3984 ad
1423 3950 1543 3984 suos
1569 3971 1583 3997 ,
1613 3931 1783 3985 adeo-

769 4027 868 4077 que
894 4009 1133 4067 eminmz
1170 4009 1258 4061 sed
1287 4008 1422 4079 apud
1455 4009 1651 4080 Dictyn
1683 4029 1785 4063 co-

767 4085 1251 4139 minus.—Codices
1273 4087 1423 4157 Regii
1446 4086 1643 4140 habent
1659 4093 1787 4141 emi-

768 4180 890 4222 nus,
922 4162 1060 4231 quod
1095 4164 1414 4232 pretulerim
1439 4174 1554 4217 tum
1571 4175 1786 4234 propter

778 4238 998 4292 Homeri
1024 4241 1381 4295 testimonium
1401 4281 1415 4306 ‚
1444 4252 1556 4295 tum
1574 4253 1789 4312 propter

770 4316 1030 4372 rationem
1064 4338 1094 4370 a
1126 4318 1321 4373 Lenzio
1346 4319 1584 4373 adlatam.
1610 4323 1708 4373 Ed.
1725 4348 1790 4360 —

1862 1817 2201 1882 Resupe'nua‚·
2231 1821 2380 1870 ὕπτιοι
2407 1814 2545 1884 apud
2574 1815 2877 1871 Homerum

1862 1891 2172 1961 plerumque
2196 1891 2390 1948 cadunt
2415 1893 2688 1946 vulnerati.

1928 1972 2006 2039 87.
2043 1973 2332 2023 Poscentem
2348 2011 2361 2031 ‚
2405 1982 2778 2041 provocantem
2811 1973 2877 2027 ad

1861 2059 2129 2102 certamen
2153 2048 2414 2117 singulare
2435 2069 2449 2111 ;
2493 2050 2552 2103 ll.
2574 2060 2609 2103 u
2630 2088 2646 2115 ‚
2679 2050 2741 2120 67
2766 2071 2880 2120 sqq.

1865 2126 1982 2179 Hoc
2005 2125 2164 2195 igitur
2183 2124 2273 2177 diu
2296 2137 2418 2179 ante
2441 2125 2651 2179 sactum.
2669 2155 2735 2167 —
2749 2130 2882 2181 Con·

1862 2220 2054 2255 cumn
2092 2201 2155 2255 de
2197 2203 2482 2256 certamine
2528 2203 2791 2273 singulari.
2815 2232 2881 2244 —

1864 2280 2115 2331 Sustinet-e
2132 2277 2196 2332 de
2216 2297 2281 2332 eo
2300 2318 2316 2345 ,
2350 2281 2438 2349 qui
2464 2300 2643 2350 parem
2659 2301 2712 2334 se
2733 2301 2881 2351 pre—

1864 2358 1953 2411 bet
1984 2357 2277 2412 adversario
2309 2359 2517 2413 viribus.
2553 2359 2882 2414 Obtulerunt

1865 2458 1919 2492 se
1942 2438 2005 2491 ad
2032 2438 2131 2492 hoc
2152 2449 2418 2494 certamen
2443 2459 2637 2493 novem
2661 2439 2848 2494 heroes
2865 2481 2880 2507 ,

1866 2535 1894 2569 e
1910 2515 2095 2586 quibus
2114 2535 2280 2569 unum
2297 2527 2436 2571 sorte
2456 2516 2754 2587 eligendum
2772 2538 2880 2572 esse

1868 2603 2050 2646 auctor
2066 2593 2165 2647 suit
2187 2594 2392 2648 Nestor.
2416 2594 2560 2647 Tum
2585 2594 2754 2648 Greci
2780 2613 2882 2647 vo-

1867 2681 2041 2725 verunt
2075 2682 2255 2724 soe-tea
2288 2674 2475 2739 Ajacis
2515 2674 2535 2737 (
2565 2671 2704 2741 quod
2733 2672 2886 2724 Bur-

1867 2771 2051 2805 mann.
2068 2751 2267 2806 dubitat
2288 2772 2355 2805 an
2372 2754 2492 2806 satis
2510 2753 2729 2806 latinum
2746 2752 2846 2818 sit)
2868 2791 2883 2816 ,

1870 2842 1988 2883 vota
2004 2870 2018 2897 ,
2045 2851 2222 2900 preces
2246 2830 2486 2884 fecerunt
2504 2870 2517 2895 ,
2541 2841 2599 2884 ut
2625 2851 2734 2884 sors
2756 2830 2889 2897 Aja-

1874 2909 1947 2963 cis
1973 2910 2164 2974 exiret,
2192 2928 2511 2978 quamquam
2533 2920 2588 2962 et
2612 2908 2742 2962 duos
2763 2909 2886 2962 alios

1872 2997 1997 3040 voto
2020 3006 2116 3040 suo
2137 2986 2672 3056 comprehenderunt.
2702 2987 2888 3040 Vove-

1869 3078 1998 3120 runt
2024 3068 2167 3120 enim
2192 3067 2270 3120 his
2296 3061 2466 3120 verbis
2491 3085 2503 3119 ε
2534 3078 2621 3120 Ζεῦ
2646 3070 2783 3138 πάι-φ
2800 3107 2815 3132 ,
2860 3071 2884 3129 ἣ

1872 3152 2046 3200 Αἴαντα
2064 3153 2227 3212 λαχεῖν
2244 3184 2258 3211 ,
2294 3148 2316 3208 ἦ
2342 3149 2511 3204 Τυθίος
2536 3149 2628 3198 oliv
2650 3183 2664 3210 ,
2695 3156 2732 3200 ΙΙ
2756 3151 2889 3201 «bris

1873 3231 2080 3290 βασιλῆα
2103 3229 2400 3296 πολυχρύσοιο
2422 3229 2646 3286 Mutine·
2669 3242 2739 3276 vs.
2779 3243 2884 3296 179.

1876 3302 2131 3358 Permulti
2147 3313 2200 3356 et
2213 3302 2407 3371 Regius
2419 3301 2581 3355 codex
2592 3301 2635 3353 B
2651 3305 2885 3367 novistis,-

1873 3383 2035 3436 codex
2050 3383 2096 3435 A
2108 3387 2317 3435 mistel:
2333 3399 2353 3446 ,·
2372 3381 2566 3434 Medic.
2580 3382 2765 3435 tertius
2777 3402 2886 3434 nto-

1875 3465 2052 3523 vestam·
2076 3461 2325 3514 Heinsius
2344 3459 2804 3528 coniicitfheektessn·
2826 3481 2886 3514 ex

1877 3538 1957 3590 his
1984 3546 2209 3605 quatuor
2233 3535 2544 3590 lectionibus
2562 3576 2577 3600 ‚
2606 3554 2763 3604 quam
2788 3555 2886 3587 re-

1874 3617 2089 3684 jicerem
2108 3656 2122 3682 ,
2144 3626 2222 3670 est
2243 3626 2383 3670 certe
2408 3615 2708 3668 Heinsiana.
2723 3616 2890 3667 Ed.—

1887 3697 2071 3747 Valen!
2084 3711 2262 3760 preces
2286 3702 2340 3746 et
2362 3703 2481 3745 vota
2510 3695 2530 3758 (
2553 3710 2683 3744 vers.
2715 3693 2806 3744 128
2829 3689 2854 3758 )
2874 3729 2888 3754 ‚

1878 3791 2041 3842 quum
2060 3771 2119 3824 fit
2139 3811 2153 3837 ,
2171 3770 2308 3841 quod
2331 3788 2641 3823 voveramus
2656 3809 2669 3834 ,
2696 3768 2894 3838 precati

1878 3852 2281 3905 eramus—Non
2291 3868 2401 3902 suen
2415 3858 2677 3917 superatus
2689 3864 2707 3911 ‚·
2728 3848 2892 3901 immo

1880 3947 2045 3998 quum
2078 3927 2235 3980 hastis
2263 3926 2393 3979 nihil
2425 3925 2763 3996 profecissent
2787 3964 2801 3989 ‚
2840 3934 2895 3977 et

1880 4027 1964 4060 res
1993 4005 2057 4059 ad
2087 4024 2201 4059 saxa
2236 4005 2494 4070 venisset,
2536 4015 2652 4057 tum
2683 4021 2892 4073 quoque

1880 4087 2083 4156 ingenti
2098 4104 2218 4139 saxo
2234 4086 2413 4138 stravit
2431 4085 2746 4146 Hectorem,
2763 4103 2894 4136 vers.

1889 4185 1999 4231 270.
2000 4167 2323 4223 —Forlunm
2348 4163 2515 4217 exitus
2529 4181 2733 4233 pugne:-

1945 4239 2897 4314 91.Eccescruat.13mmque,·co-

1884 4319 2024 4374 dices
2044 4319 2196 4388 Regii
2217 4324 2480 4388 ι’ςηωᾳιιες
2499 4331 2552 4373 et
2571 4337 2691 4371 mox
2713 4315 2896 4386 vulgo,
