3185 5138
692 508 824 595 482

1250 511 1329 575 P.
1396 509 1743 579 OVIDII
1800 512 2248 583 NASONIS

695 651 839 747 Qui
873 650 1079 751 petit,
1121 679 1234 725 ore
1267 675 1416 727 meo
1452 672 1836 753 praesentem
1865 655 2053 730 crede
2086 649 2342 757 precari
2370 687 2387 731 :

691 768 1096 871 Ultor-esque
1128 770 1349 859 Deos,
1392 789 1456 844 et
1493 790 1759 871 pectora
1792 772 1954 847 dura
1990 803 2297 876 perosam

692 885 987 976 Idalien,
1025 916 1509 990 memoremque
1545 888 1701 962 time
1732 889 2212 966 Rhamnusidis
2244 893 2428 967 iram.

693 1001 989 1101 Quoque
1020 1001 1229 1096 magis
1264 1000 1530 1088 timeas,
1565 1003 1803 1077 etenim
1837 1003 2000 1078 mihi
2039 1005 2247 1080 multa
2278 1023 2569 1083 vetustas

2733 1030 2851 1101 ⁶9⁵

695 1119 874 1192 Scire
911 1117 1129 1205 dedit,
1170 1135 1305 1191 tota
1339 1117 1612 1192 reseram
1643 1120 1990 1194 notissima
2028 1122 2247 1222 Cypro
2339 1179 2340 1184 η

690 1237 885 1310 Facta
907 1291 926 1322 ,
966 1234 1213 1333 quibus
1247 1233 1419 1307 flecti
1454 1234 1641 1309 facile
1661 1292 1680 1322 ‚
1719 1254 1785 1309 et
1814 1237 2150 1311 mitescere
2183 1238 2420 1338 possis.

790 1349 1067 1423 Viderat
1095 1380 1132 1423 a
1164 1349 1402 1422 veteris
1434 1377 1818 1445 generosam
1850 1351 2168 1448 sanguine
2202 1353 2440 1426 Teucri

695 1466 882 1567 Iphis
920 1467 1364 1555 Anaxareten,
1401 1466 1638 1540 humili
1677 1466 1755 1541 de
1793 1468 1999 1570 stirpe
2032 1487 2326 1559 creatus3

694 1584 1009 1672 Viderat,
1050 1602 1113 1657 et
1146 1584 1301 1668 totis
1337 1602 1721 1685 perceperat
1754 1584 2015 1660 ossibus
2043 1605 2312 1660 aestum:

2739 1626 2847 1680 700

695 1700 1148 1796 Luctatusque
1183 1697 1299 1770 diu
1323 1754 1341 1784 ,
1376 1715 1734 1800 postquam
1763 1700 2021 1773 ratione
2055 1699 2347 1775 furorem

697 1811 985 1900 Vincere„
1007 1840 1142 1884 non
1175 1811 1438 1910 potuit,
1477 1811 1753 1913 supplex
1787 1814 1870 1887 ad
1901 1813 2125 1887 limina
2161 1814 2374 1901 veuit;

698 1932 791 2003 Et
825 1930 1027 2002 modo
1059 1927 1304 2002 nutrici
1340 1929 1650 2002 miserum
1683 1930 2026 2008 consessus
2059 1959 2382 2018 amorem,

697 2049 805 2120 Ne
836 2046 968 2119 sibi
1003 2045 1166 2118 dura
1197 2044 1405 2133 soret,
1443 2073 1567 2145 per
1603 2075 1757 2147 spes
1792 2048 2003 2122 oravit
2034 2047 2357 2122 alumnae:

699 2168 793 2239 Et
824 2163 1026 2238 modo
1059 2164 1137 2238 de
1171 2162 1400 2237 multis
1428 2162 1773 2239 blanditus
1805 2164 2044 2266 cuique
2074 2165 2394 2241 ministris

705 2279 1002 2354 Sollicita
1037 2280 1231 2380 petiit
1260 2308 1671 2380 propensum
1699 2309 1854 2355 voce
1885 2280 2192 2356 savorem.

704 2399 891 2500 Saepe
920 2396 1187 2471 ferenda
1228 2396 1411 2470 dedit
1441 2394 1709 2472 blandis
1744 2425 1862 2471 sua
1895 2396 2094 2474 verba
2124 2396 2389 2474 tabellis
2416 2430 2435 2472 ε

704 2513 1047 2589 Interdum
1079 2511 1375 2587 madidas
1409 2509 1842 2613 lacrymarum
1877 2543 2025 2590 rore
2061 2542 2340 2589 coronas

772 2716 889 2789 694.
909 2717 1075 2767 Idale'c·
1090 2713 1223 2767 dicta
1239 2712 1425 2767 Venus
1449 2713 1511 2766 ab
1539 2713 1723 2780 Idalio,

710 2808 894 2850 monte
924 2795 1116 2867 Cypri3
1149 2804 1204 2847 et
1227 2795 1447 2847 Idalium
1470 2792 1724 2862 quidquid

715 2873 915 2927 Veneri
949 2889 1154 2926 sacrum
1181 2881 1270 2924 aut
1304 2882 1528 2941 gratum.
1551 2900 1620 2913 —-
1643 2870 1726 2925 De

713 2952 1061 3007 Rhamnai-ide
1080 2948 1200 3001 vide
1225 2949 1289 3002 ad
1319 2950 1400 3005 111
1421 2989 1436 3014 ‚
1463 2951 1572 3016 406.

779 3029 894 3098 695.
923 3027 1095 3079 Multa
1118 3033 1344 3079 oetustas
1361 3068 1374 3088 ,
1406 3027 1565 3097 ionga
1591 3038 1727 3082 aetas.

714 3106 950 3166 ÷Dcdit
969 3109 1125 3165 scire,
1167 3112 1227 3156 ut
1252 3104 1368 3169 111,
1396 3104 1526 3169 338;
1560 3124 1728 3175 graeco

718 3203 886 3239 more.

782 3265 899 3337 698.
943 3265 1152 3316 Viderat
1168 3281 1204 3314 a
1234 3266 1412 3314 velere&
1443 3272 1538 3315 etc.
1574 3263 1730 3318 Hanc

700 3340 950 3398 -fabulam
984 3341 1082 3394 sub
1097 3339 1495 3409 ,Arceophontis
1526 3350 1579 3392 et
1613 3342 1731 3392 Ar-

719 3423 889 3476 sinoes
906 3418 1209 3473 nominibus
1231 3417 1395 3471 refert
1423 3418 1621 3471 Anton.
1648 3418 1730 3470 Li·

720 3499 907 3554 bei-alis
919 3537 934 3563 ,
951 3497 1083 3549 Met.
1100 3496 1166 3567 39
1182 3516 1194 3548 :
1211 3506 1328 3564 apte
1341 3494 1396 3548 h.
1420 3495 1452 3547 1.
1474 3493 1701 3547 adhibita
1714 3534 1729 3560 ‚

725 3577 844 3646 quia
868 3585 920 3628 et
943 3574 1052 3626 vim
1076 3571 1325 3626 movendi
1351 3583 1405 3626 et
1431 3583 1731 3626 metamor-

721 3651 909 3724 phosin
924 3649 1094 3703 babet.
1110 3650 1280 3718 Reges
1295 3646 1459 3721 Cypri
1474 3648 1732 3718 originem

719 3730 977 3784 ducebant
999 3747 1028 3779 a
1047 3726 1360 3780 Telamouio
1399 3729 1584 3780 Teucm
1601 3767 1614 3789 ,
1642 3726 1735 3796 qui

720 3802 888 3866 exciso
912 3808 1008 3863 llio
1039 3807 1142 3861 huc
1165 3806 1409 3878 migravit
1435 3817 1589 3876 atque
1623 3807 1733 3860 Sa-

721 3890 916 3944 lamina
936 3887 1122 3940 urbem
1142 3926 1158 3953 ,
1182 3885 1309 3951 (ubi
1327 3885 1436 3939 haec
1452 3906 1534 3939 res
1555 3896 1696 3955 gesta
1716 3907 1730 3949 ;

721 3969 840 4022 vide
867 3988 939 4021 vs.
964 3967 1100 4034 760)
1140 3964 1389 4018 condidit.
1417 3962 1733 4018 Conditores

698 4057 897 4098 .autem
954 4043 1163 4096 urbium
1212 4041 1512 4113 gentiumve
1563 4042 1734 4095 solent

718 4121 833 4175 fere
856 4141 885 4173 a
908 4119 1072 4190 poetis
1094 4131 1278 4174 ueteres
1293 4161 1306 4180 .
1332 4125 1553 4188 antt‘qui.
1573 4124 1742 4188 prisci

720 4198 908 4251 vocari.
928 4225 995 4249 .·-—
1016 4198 1071 4249 A
1094 4203 1359 4266 sanguine,
1396 4195 1568 4266 quoad
1602 4215 1734 4250 san-

718 4275 950 4347 guinem.
976 4302 1045 4317 —
1070 4277 1267 4330 Humili
1303 4278 1366 4328 dc
1399 4280 1568 4344 ste'qoc.
1608 4270 1734 4329 Duo

1821 2717 2005 2768 humili
2020 2718 2084 2767 de
2091 2718 2252 2783 plebe.
2275 2744 2343 2756 -
2357 2717 2661 2784 perceperat.
2683 2718 2835 2771 Unus

1825 2791 2394 2861 Heinsiipraeccpem15
2426 2794 2517 2848 sed
2556 2796 2687 2847 mira
2723 2816 2830 2850 non

1823 2867 2083 2922 videbitur
2118 2870 2336 2924 varietas
2360 2910 2374 2936 ,
2426 2889 2593 2939 quum
2627 2873 2834 2926 noveris

1825 2968 1983 3018 quam
2023 2969 2246 3019 parvum
2281 2951 2348 3003 sit
2383 2950 2661 3004 discrimen
2698 2953 2833 3005 inter

1824 3026 2038 3098 syllabas
2050 3046 2147 3094 per
2161 3039 2212 3081 et
2221 3047 2328 3094 pra·
2342 3069 2354 3089 .
2382 3028 2438 3081 in
2459 3029 2660 3098 scriptis
2681 3030 2835 3083 libris.

1825 3131 1891 3142 —
1904 3105 2241 3172 Luctatusque
2262 3107 2349 3157 diu
2378 3114 2474 3158 etc.
2501 3108 2727 3160 Versum
2752 3107 2834 3161 si—

1826 3181 2005 3233 milem
2031 3179 2220 3249 habes,
2248 3182 2331 3236 lib.
2356 3184 2497 3248 Vll,
2531 3204 2605 3238 ιο.
2627 3187 2725 3237 Ed.

1894 3261 2003 3325 704.
2025 3262 2127 3313 Per
2142 3278 2279 3326 spes.
2292 3299 2304 3312 .
2320 3298 2331 3310 .
2348 3263 2577 3313 alumne.
2588 3262 2833 3315 Heinsius

1827 3346 2002 3405 putat,
2021 3355 2117 3404 per
2135 3356 2250 3404 spes
2274 3340 2536 3400 alumnas,
2575 3350 2635 3392 ut
2663 3341 2793 3394 xm
2817 3379 2833 3405 ‚

1828 3416 1924 3484 375
1936 3452 1950 3479 ,
1975 3434 2092 3483 spes
2111 3419 2673 3483 socias.-Pmpensm.
2692 3420 2836 3471 Mut-

1829 3493 1866 3545 ti
1886 3531 1901 3556 ‚
1936 3502 1988 3545 et
2013 3493 2125 3546 rod.
2154 3494 2305 3564 Regii
2333 3496 2495 3548 nostri
2511 3514 2830 3565 perpensuae3

1829 3568 2111 3622 dicendum
2137 3580 2214 3624 est
2232 3571 2332 3624 hoc
2354 3571 2468 3626 loco
2485 3612 2499 3640 ‚
2526 3574 2666 3642 quod
2691 3574 2742 3626 in
2765 3575 2837 3626 si·

1829 3647 1971 3712 mili,
1995 3647 2059 3700 ad
2082 3667 2211 3702 vers.
2233 3667 2330 3717 700
2346 3689 2361 3716 ,
2377 3649 2442 3703 de
2450 3663 2738 3721 perceperat
2755 3650 2836 3705 vel

1820 3734 2134 3792 preceperat.

1896 3804 2005 3871 708.
2029 3805 2276 3856 Interdum
2300 3808 2535 3858 madidas
2564 3816 2661 3860 etc.
2694 3806 2836 3860 Facit

1828 3880 1939 3934 haec
1961 3901 2022 3933 ex
2045 3881 2233 3951 ineptis
2259 3883 2492 3936 moribus
2520 3884 2835 3950 amantium,

1828 3955 2028 4011 foribus
2052 3959 2394 4012 exclusorum.
2414 3960 2456 4013 li
2474 3961 2617 4014 enim
2632 3980 2837 4014 coronas

1830 4036 1895 4090 de
1918 4037 2083 4106 eapite
2113 4037 2313 4091 demtus
2350 4038 2581 4108 postibus
2606 4043 2838 4092 emende-

1830 4120 1954 4169 bant
1980 4118 2000 4181 (
2024 4136 2118 4185 pro
2137 4117 2335 4186 vulgari
2355 4157 2369 4184 ,
2396 4119 2663 4172 innectere
2682 4157 2696 4183 ,
2718 4138 2840 4172 sus-

1830 4191 2076 4261 pendere.
2104 4193 2369 4262 Exquisite
2395 4195 2541 4269 Virg.
2572 4193 2697 4247 AEn.
2735 4193 2834 4257 IV,

1831 4273 1928 4329 506
1941 4314 1959 4341 ,
1986 4276 2211 4329 Intendit
2225 4279 2385 4328 locum
2407 4276 2589 4341 sertis)
2609 4296 2622 4341 ς
2650 4275 2836 4335 Lucre-
