3185 5138
629 496 756 562 302

1170 496 1248 560 P.
1301 495 1666 563 ovmll
1716 493 2170 566 NASONIS

622 631 890 709 Adtulit
921 632 991 706 in
1018 632 1298 734 patriam
1329 663 1346 706 ε
1376 633 1864 736 conjurataeque
1893 654 2269 737 sequuntur

625 747 820 825 Mille
849 765 1063 837 rates,
1099 750 1450 851 gentisque
1484 749 1679 824 simul
1711 778 2059 825 commune
2098 751 2431 847 Pelasgae:

624 867 762 940 Nec
798 866 1002 940 dilata
1035 863 1208 939 foret
1241 865 1528 941 vindicta
1553 922 1572 954 ‚
1609 868 1737 940 nisi
1774 896 2033 969 aequora
2066 871 2218 943 saevi

625 982 810 1061 lm‘ria
844 983 1154 1059 fecissent
1183 983 1404 1071 venti,
1437 985 1807 1084 Boeotaque
1841 985 2040 1060 tellus

623 1099 866 1176 Aulide
898 1098 1157 1201 piscosa
1195 1128 1458 1201 puppes
1493 1100 1811 1175 tenuisset
1846 1101 2073 1174 ituras.
2704 1143 2762 1178 ω

622 1220 752 1292 Hic
785 1217 1006 1320 patrio
1046 1217 1125 1291 de
1160 1244 1349 1290 more
1383 1218 1426 1289 J
1433 1217 1538 1288 ovi
1577 1245 1781 1317 quum
1814 1244 1994 1297 sacra
2030 1236 2408 1319 parassent,

621 1339 720 1409 Ut
755 1351 944 1407 vetus
976 1333 1266 1407 accensis
1297 1331 1641 1405 incanduit
1675 1333 1945 1428 ignibus
1979 1364 2084 1409 ara
2106 1392 2126 1422 ,

629 1453 904 1551 Serpere
940 1447 1288 1524 caeruleum
1323 1448 1537 1522 Danai
1574 1449 1793 1524 videre
1831 1450 2178 1524 draconem

626 1635 895 1678 mannus;
936 1613 1186 1668 Heinsius
1221 1583 1411 1666 tamen'
1437 1612 1651 1681 conjicit

625 1696 821 1757 d1'rum3
851 1691 941 1745 sed
965 1695 1166 1758 longum
1191 1689 1408 1743 minime
1435 1699 1652 1742 mutan-

629 1769 789 1835 dum,
823 1768 942 1837 quia
983 1766 1312 1837 longitudine
1334 1806 1349 1833 ,
1385 1766 1491 1820 scil.
1519 1764 1650 1818 diu-

627 1845 878 1900 turnitate
905 1843 1244 1898 memorabile
1279 1844 1518 1913 inprimis
1553 1843 1649 1897 hoc

627 1923 824 1977 bellum
856 1942 870 1976 :
901 1921 1019 1975 vide
1055 1940 1186 1975 vers.
1227 1938 1287 1973 so
1316 1941 1330 1984 ς
1371 1926 1649 1988 spatcbsum

628 2007 811 2056 bellna
840 2002 979 2056 xlu
999 2039 1016 2067 ,
1044 2000 1297 2053 ’σᾶ-1η
1324 1999 1514 2053 nostris
1541 1998 1654 2052 Re-

625 2083 718 2152 giis
735 2093 812 2138 est
825 2082 1411 2152 longum—Confirmat,
1428 2099 1652 2149 quarum

628 2164 785 2218 duces
819 2164 1260 2229 conjurant-ann
1294 2162 1430 2229 apud
1460 2162 1650 2215 Hora-

628 2245 760 2298 tium
779 2284 792 2310 ,
824 2244 879 2309 1,
908 2242 1015 2298 Od.
1045 2260 1115 2296 xv
1133 2283 1149 2309 ‚
1175 2246 1203 2295 5
1221 2282 1235 2308 ‚
1267 2242 1474 2296 Nereus
1505 2243 1650 2296 vati-

626 2323 835 2376 cinatur
858 2321 1064 2387 Paridi,
1104 2322 1253 2374 nala
1270 2324 1416 2374 ὀποί-τ
1439 2326 1531 2374 aas·
1543 2321 1653 2375 do-

627 2419 757 2452 mum
783 2439 796 2461 ,
847 2401 1011 2467 Quam
1046 2397 1202 2451 mulio
1232 2408 1416 2466 repelet
1449 2402 1652 2453 Gracia

627 2482 788 2532 mile'lc
800 2520 813 2537 .
851 2479 1132 2546 consumta
1151 2484 1269 2530 luas
1286 2494 1506 2544 rumpere
1525 2494 1655 2545 nup-

627 2562 811 2610 tt'as.—
822 2559 882 2613 ln
908 2576 1135 2611 numero
1157 2555 1372 2612 navium
1396 2554 1655 2612 definien-

630 2635 699 2688 ‹lo
730 2655 839 2690 non
873 2638 1069 2690 erimus
1091 2655 1212 2690 cum
1241 2634 1469 2689 Ciosano
1499 2634 1653 2687 anxii.

630 2715 825 2769 Noster
842 2755 856 2783 ‚
888 2733 1038 2769 more
1072 2725 1350 2784 poetarum
1369 2750 1385 2780 ‚
1411 2725 1465 2767 et
1490 2712 1574 2765 bic
1601 2722 1654 2766 et

632 2793 767 2847 infra
790 2812 1075 2847 numerum
1093 2793 1432 2848 indefinitum
1452 2794 1653 2863 posuit,

631 2877 793 2926 me'lle.
820 2883 972 2940 atque
999 2873 1067 2924 ita
1090 2882 1141 2926 ct
1169 2872 1249 2924 alii
1273 2882 1468 2941 poeto,
1494 2873 1652 2926 etiam

631 2950 740 3002 Liv.
758 2948 928 3013 XLV,
953 2969 1009 3016 27
1033 2970 1045 3010 ς
1063 2948 1179 3002 vide
1200 2949 1472 3003 Drakenb.
1489 2949 1551 3003 ad
1570 2950 1656 3006 Si·

637 3031 764 3082 lium
786 3067 801 3094 ‚
824 3027 942 3092 111,
965 3048 1091 3099 ²²9³
1115 3027 1330 3082 Barnea.
1355 3026 1418 3081 ad
1440 3026 1657 3099 Euripie

633 3109 756 3162 dem
777 3148 792 3173 ,
822 3106 1080 3159 Androm.
1113 3105 1238 3168 ποῦς
1268 3106 1535 3164 Homerus
1560 3106 1656 3160 ba·

632 3185 722 3239 bet
758 3198 1061 3237 mccxxxvi.
1094 3181 1270 3253 Vulgo
1305 3199 1421 3239 nec
1450 3202 1655 3244 nume-

631 3273 901 3317 rantur.-
916 3261 1098 3314 Gemi-r
1115 3279 1369 3320 commuue
1391 3263 1623 3334 Pelasgo
1636 3302 1652 3324 .

631 3341 875 3395 universa
919 3358 1046 3410 gens
1096 3359 1258 3410 groeca
1291 3380 1307 3406 ‚
1359 3340 1657 3409 coniuncta

632 3420 943 3474 Grecorum
962 3437 1115 3488 opes,
1142 3437 1299 3494 quam
1327 3414 1552 3476 sormam
1578 3417 1657 3472 lo-

633 3495 831 3567 quendi
863 3496 999 3550 bene
1029 3496 1252 3554 illustrat
1280 3495 1530 3558 Heinsius
1564 3493 1656 3566 qui

633 3574 811 3630 laudat
849 3595 912 3628 ex
947 3573 1226 3630 Herodoto
1299 3580 1349 3632 re*
1391 3579 1535 3630 κοινᾶν
1568 3585 1657 3631 τῶν

633 3662 821 3722 {assem
848 3693 862 3721 ,
896 3673 925 3706 e
953 3651 1212 3726 Dionysio
1237 3612 1405 3709 italic.
1432 3656 1483 3712 ri
1513 3658 1659 3708 κοινὸν

632 3741 723 3786 τῶν
759 3738 970 3788 Ant-tvm
986 3770 1001 3798 ,
1026 3752 1054 3785 e
1082 3729 1340 3794 Cicerone
1362 3770 1377 3798 ‚
1401 3749 1660 3790 commune

634 3811 912 3866 Heliadum
930 3850 943 3874 ,
973 3829 1229 3864 commuue
1246 3811 1432 3863 Szbe'lh
1451 3820 1548 3864 etc.
1572 3810 1659 3868 in-

637 3889 712 3941 l‘ra
730 3889 866 3942 xm
887 3928 902 3956 ‚
921 3909 991 3942 vs.
1013 3908 1107 3968 ¹99
1122 3893 1420 3953 ,communis
1436 3890 1657 3942 Gracia.

633 3969 846 4036 Pelasgi
872 3966 1054 4020 Achivi
1086 3976 1198 4035 post
1225 3965 1528 4024 Homerum
1554 3965 1658 4021 dici

632 4058 905 4116 coeperunt
931 4067 958 4101 a
981 4047 1260 4102 serioribus
1290 4048 1473 4118 poetis.

700 4126 746 4178 8.
776 4129 880 4179 Nec
900 4129 1066 4179 dilala
1086 4127 1228 4196 sore!
1265 4139 1361 4182 etc.
1399 4127 1572 4182 Fuere
1604 4139 1657 4184 et

635 4201 747 4257 aliae
769 4224 938 4272 cause
958 4205 1201 4263 vindicta
1227 4207 1398 4262 dilatae
1422 4248 1438 4275 ,
1474 4227 1656 4278 ecque

631 4282 893 4354 graviores
917 4325 932 4350 ,
969 4298 1243 4357 apparatus
1281 4306 1475 4359 nempe
1514 4288 1657 4343 clas-

1747 1612 1814 1666 sis
1844 1623 1970 1678 cta,
1995 1612 2084 1666 sed
2110 1613 2208 1666 illoe
2232 1612 2361 1667 nihil
2389 1612 2455 1666 ad
2487 1614 2764 1667 consilium

1748 1704 1931 1763 poeta.
1966 1723 2033 1734 —
2079 1697 2343 1748 Tenuisset
2374 1695 2588 1765 simplex
2610 1736 2626 1762 ‚
2667 1715 2763 1765 pro

1745 1773 2037 1841 composito
2075 1776 2379 1826 dett'nmksel.
2414 1801 2482 1814 --
2524 1775 2766 1827 piscosus

1744 1868 2029 1904 commune
2054 1850 2324 1921 epitheton
2352 1850 2640 1905 insularum
2664 1871 2766 1904 ur-

1744 1927 1996 1997 biumque
2022 1927 2419 1982 maritimarum.
2438 1929 2520 1982 De
2541 1927 2635 1983 hac
2655 1949 2766 1982 mo·

1747 2024 1807 2057 ra
1829 2006 1886 2058 in
1914 2005 2102 2059 Aulide
2124 2005 2187 2060 cf.
2221 2007 2528 2077 Euripidem
2551 2049 2567 2075 ,
2598 2007 2763 2077 lphig.

1751 2082 1928 2145 Aulid.
1951 2084 2221 2154 principio.

1821 2184 1839 2215 ι
1854 2184 1871 2216 ι
1886 2166 2188 2230 ,ΙΙίεραίνίο
2202 2166 2265 2217 de
2278 2184 2410 2217 more
2425 2175 2520 2217 etc.
2540 2165 2670 2219 Hac
2686 2183 2765 2218 us·

1747 2260 1851 2311 que
1879 2240 1940 2293 ad
1964 2260 2094 2295 vers.
2116 2243 2179 2295 23
2194 2252 2401 2311 sumpta
2419 2263 2479 2296 ex
2496 2243 2733 2296 Homero
2746 2282 2761 2309 ‚

1751 2318 1811 2374 ll.
1825 2319 1870 2373 B
1886 2358 1902 2384 ‚
1921 2339 2017 2391 ²²9
2026 2337 2121 2389 sqq
2137 2359 2152 2385 ,
2164 2319 2252 2374 ubi
2267 2320 2330 2373 ab
2342 2320 2529 2393 Ulysse
2544 2320 2763 2375 facunda

1748 2417 1868 2452 cum
1886 2399 2208 2468 simplicitate
2231 2412 2530 2455 narrantur.
2544 2401 2765 2472 Compa-

1748 2476 1950 2531 ratione
1978 2476 2211 2531 instituta
2237 2479 2475 2548 superior
2500 2479 2766 2550 Homerus

1750 2555 2011 2626 reperitur
2035 2555 2510 2628 Ovidiotnamque
2540 2575 2594 2613 ιο
2612 2578 2765 2614 scena

1749 2635 1818 2688 ibi
1835 2635 2043 2688 suavius
2065 2634 2334 2707 descripta.
2364 2637 2425 2690 ln
2450 2637 2627 2691 medio
2647 2657 2767 2691 um·

1751 2710 1945 2766 brifera
1959 2713 2223 2782 platanus,
2243 2713 2385 2768 unde
2408 2715 2618 2785 limpida
2635 2735 2767 2785 aqua

1750 2790 1996 2861 profluit:
2019 2791 2115 2846 snb
2132 2792 2344 2862 platano
2366 2804 2445 2847 est
2465 2813 2552 2846 ara
2568 2832 2583 2860 ,
2607 2811 2766 2862 quam

1750 2869 1920 2923 Greci
1966 2870 2120 2923 sacris
2160 2868 2350 2924 intenti
2391 2871 2724 2924 circumstant
2750 2890 2763 2923 ε

1754 2963 1811 3000 20
1835 2957 2101 3010 ostentum
2124 2949 2297 3018 ipsum
2324 2957 2376 3000 et
2399 2946 2465 3000 ad
2494 2956 2764 3015 stuporem

1752 3025 2097 3096 injiciendum
2115 3039 2169 3082 et
2182 3027 2245 3081 ad
2258 3026 2765 3086 commiserationem

1750 3102 2044 3162 faciendam
2090 3106 2255 3175 aptius
2301 3113 2587 3160 narratum.
2635 3103 2765 3158 Erat

1750 3183 2012 3238 horribilis
2036 3182 2222 3252 draco,
2254 3183 2315 3237 ab
2340 3183 2450 3253 ipso
2474 3182 2606 3236 Jove
2632 3182 2765 3252 signi

1751 3263 1866 3321 loco
1889 3263 2073 3317 missus
2097 3301 2112 3330 ,
2150 3260 2239 3332 qui
2274 3261 2543 3332 prosiliens
2579 3261 2644 3315 ab
2679 3279 2769 3314 ara

1751 3342 1815 3400 ad
1832 3343 2076 3396 arborem
2094 3340 2356 3396 tendebat.
2370 3340 2597 3395 Passeris
2613 3338 2766 3410 pulli,

1751 3428 1892 3487 νήει-ιιι
1921 3425 2086 3490 rim«,
2109 3422 2206 3476 sub
2228 3420 2360 3475 soliis
2385 3420 2630 3475 latebant.
2655 3420 2771 3474 Hos

1752 3501 1909 3559 draeo
1929 3500 2209 3556 stridentes
2233 3500 2599 3556 miserabiliter
2618 3499 2768 3554 devo⁶

1750 3580 1933 3644 rabat,
1968 3597 2132 3647 quum
2172 3589 2342 3632 mater
2377 3578 2631 3646 quiritans
2655 3577 2770 3632 cir-

1749 3655 2073 3709 cumvolaret
2086 3694 2102 3721 ,
2125 3654 2294 3712 donec
2314 3655 2478 3724 ipsam
2501 3654 2771 3723 implicans

1752 3732 1830 3786 ala
1856 3732 2209 3803 prehenderet
2236 3731 2413 3787 draco.
2440 3732 2616 3786 Etiam
2646 3730 2771 3785 Sta·-

1750 3810 1895 3866 sinus
1918 3849 1934 3876 ,
1969 3821 2122 3880 poeta
2157 3810 2437 3879 antiquus,
2474 3809 2527 3861 in
2563 3805 2773 3879 Cypriis

1749 3889 2070 3950 carminibus
2094 3889 2203 3944 haec
2224 3897 2551 3942 tractaverat.
2574 3888 2774 3938 —Pae-

1749 3974 1909 4029 ln'us.
1939 3970 2146 4038 gentilis
2162 4010 2178 4035 ,
2205 3979 2264 4022 ut
2289 3972 2526 4046 πυρόεις.
2549 3966 2772 4020 Leuius

1751 4049 2027 4120 conjungit
2047 4054 2218 4119 patrio
2243 4051 2379 4103 lovi.
2420 4048 2594 4102 lmmo
2616 4049 2781 4112 μνία·

1750 4133 1903 4188 monii·
1925 4146 2066 4181 saera
2090 4128 2279 4196 passim
2299 4166 2315 4194 ,
2351 4137 2410 4180 ut
2437 4125 2544 4190 Vl,
2578 4124 2774 4189 648.-

1749 4210 2134 4268 launacum,
2160 4206 2309 4261 valde
2330 4204 2639 4261 incalescere
2652 4239 2668 4268 ,
2686 4201 2773 4254 in·-

1750 4288 2046 4356 flammari,
2065 4300 2126 4344 ut
2149 4290 2233 4357 11,
2262 4305 2360 4360 729
2376 4327 2393 4356 ,
2418 4295 2472 4342 et
2492 4284 2771 4339 neander-
