3185 5138
734 560 1773 632 METAMORPHOSEON
1833 565 1933 634 LI
1954 569 2028 632 B.
2081 553 2170 633 X.

2382 574 2500 663 157

382 697 689 787 Belides;
727 699 928 800 inque
972 717 1089 773 tuo
1122 700 1350 776 sedisti
1372 758 1391 791 ‚
1429 702 1746 804 Sisyphe,
1783 731 1959 775 saxo.

381 814 560 886 Tum
593 812 883 914 primum
915 812 1219 916 lacrymis
1253 817 1571 891 victarum
1607 816 1888 889 carmine
1919 815 2087 890 sama
2118 836 2220 892 est
2442 842 2508 909 45

383 928 832 1001 Eumenidum
861 929 1189 1003 maduisse
1221 959 1422 1026 genas
1450 960 1466 1004 ε
1496 959 1619 1005 nec
1644 930 1821 1025 regia
1850 932 2092 1028 conjux

387 1047 689 1119 Sustinet
721 1047 978 1135 oranti,
1013 1076 1134 1122 nec
1171 1049 1285 1149 qui
1318 1047 1485 1143 regit
1518 1048 1685 1134 ima,
1718 1075 1959 1143 negare
1989 1078 2007 1136 ;

387 1160 893 1262 Eurydicenque
925 1180 1163 1236 vocant
1191 1195 1206 1236 ε
1237 1164 1505 1237 umbras
1537 1180 1680 1237 erat
1711 1163 1824 1237 illa
1858 1184 2150 1240 recentes

386 1278 608 1363 Inter,
643 1295 710 1350 et
743 1277 1011 1351 incessit
1040 1307 1240 1377 passu
1274 1278 1355 1352 de
1388 1277 1652 1352 vulnere
1688 1279 1903 1353 tardo.

388 1390 582 1463 Hanc
617 1388 816 1463 simul
848 1388 1157 1485 et·legem
1186 1390 1622 1492 Rhodopeius
1654 1394 1892 1494 accipit
1924 1394 2121 1467 heros
2150 1450 2170 1481 ,
2446 1416 2511 1464 50

385 1507 491 1578 Ne
519 1505 740 1578 flectat
767 1522 944 1577 retro
983 1533 1101 1578 sua
1126 1504 1373 1581 lumina
1395 1565 1414 1596 ,
1451 1507 1662 1582 donec
1697 1513 1990 1585 Avernas

389 1619 645 1694 Exiet-it
677 1616 917 1704 valles3
948 1635 1062 1690 aut
1096 1618 1280 1692 irrita
1314 1620 1487 1695 dona
1519 1623 1760 1698 futura.

395 1804 617 1859 modum
632 1804 883 1877 Sisyphus
901 1821 939 1857 a*
950 1804 1126 1859 labore
1143 1807 1413 1875 quiescens

395 1886 528 1936 sede?
543 1882 601 1935 in
618 1901 737 1936 saxo
752 1900 862 1936 suo·
884 1883 1014 1936 Haec
1031 1883 1265 1955 placent,
1291 1887 1413 1954 quia

396 1979 571 2013 mor-es
594 1960 711 2013 vitae
740 1958 1056 2028 quotidiana
1077 1961 1409 2032 exprimunt,

401 2048 456 2090 et
479 2040 581 2099 ἦθος
602 2036 812 2090 habent.
839 2036 1026 2090 Horat.
1049 2038 1166 2105 111,
1195 2037 1301 2092 od.
1321 2056 1408 2106 x1,

398 2139 461 2174 22
484 2156 501 2183 ,
532 2123 673 2171 stelit
696 2136 821 2169 uma
837 2120 1045 2184 paulum
1076 2122 1218 2173 sicca
1236 2159 1250 2180 ‚
1296 2122 1413 2171 dum

394 2205 541 2264 grato
559 2198 951 2263 Danaipuellas
969 2202 1190 2251 carmine
1213 2201 1412 2251 mulces.

464 2280 544 2342 45.
577 2277 920 2344 Tumpre'mum
939 2278 1176 2348 lacrymis
1197 2288 1294 2330 etc.
1319 2278 1416 2330 In·-

400 2355 499 2408 seri
524 2354 611 2408 Dii
637 2374 748 2408 non
774 2357 1176 2409 commoventur
1194 2357 1414 2411 miseriis

400 2431 696 2487 hominum.
719 2436 1111 2504 Illacrymabim·
1125 2437 1276 2488 Pluto
1295 2437 1417 2488 Ho-

400 2522 498 2564 rat.
525 2512 579 2565 11
601 2551 616 2578 ,
643 2510 748 2565 od.
775 2529 889 2579 xlv,
914 2512 979 2577 ὃς
1009 2507 1244 2585 lacrymis
1264 2514 1416 2584 disfi-

397 2593 525 2642 caes
559 2592 660 2642 Die·
685 2589 884 2643 Seneca
909 2630 923 2656 ,
951 2592 1111 2644 Herc.
1148 2590 1273 2644 Fur.
1305 2596 1415 2664 579.

402 2672 733 2723 —Vtctarm
747 2711 762 2733 ,
779 2681 1180 2723 ‘commotarum
1199 2694 1212 2734 ς
1237 2670 1327 2723 sed
1350 2671 1417 2723 it-

402 2747 494 2801 lud
522 2748 707 2802 melius
740 2750 985 2803 convenit
1022 2750 1157 2803 duro
1196 2760 1250 2803 et
1281 2768 1417 2803 saevo

405 2825 686 2880 Furiarum
709 2828 901 2880 animo.

469 2910 550 2978 49.
585 2908 669 2960 De
691 2910 890 2959 vulnere
908 2947 920 2966 ‚
963 2916 1177 2975 propter
1216 2905 1417 2959 vulnus.

391 2981 584 3038 ·Etiam
606 3007 642 3037 a
665 2986 735 3038 sic
762 2984 1005 3053 ponitur,
1042 2995 1101 3036 ut
1129 2984 1211 3036 III
1238 3024 1251 3048 ,
1290 2980 1412 3052 5713

410 3057 544 3115 Fast.
565 3062 662 3127 IV,
682 3062 794 3114 338.
813 3061 1140 3115 Schirachius
1155 3060 1300 3113 valde
1315 3062 1419 3113 im-

411 3141 596 3208 probat
624 3179 639 3205 ,
677 3139 819 3208 quod
865 3138 1065 3192 tardam
1105 3138 1168 3191 de
1205 3139 1418 3191 vulnere

411 3218 559 3271 finxit
576 3258 591 3283 ‚
619 3229 867 3287 putatque
888 3256 903 3281 ‚
938 3217 1140 3270 sinistre
1167 3217 1420 3269 Nostrum

413 3296 673 3349 imitatum
692 3316 798 3348 esse
811 3295 959 3364 Virg.
975 3293 1186 3346 AEneid.
1203 3296 1282 3348 Vl
1300 3334 1313 3359 ,
1335 3294 1422 3346 ubi

413 3372 556 3444 Dido
577 3387 677 3430 stat
697 3416 711 3441 ‚
737 3386 797 3428 ut
821 3374 1081 3443 Marpesia
1097 3384 1300 3435 cautes;
1324 3374 1423 3427 hoc

409 3452 566 3511 fuisse
604 3453 793 3506 vulnus
830 3453 1022 3516 animi,
1058 3450 1148 3504 sed
1186 3470 1421 3504 morsum

413 3533 602 3600 viperae
625 3550 730 3583 non
752 3531 943 3584 habere
966 3529 1135 3581 iocum
1158 3529 1210 3581 in
1238 3529 1423 3591 umbra

415 3611 674 3678 exsangui.
701 3610 842 3662 Male
866 3609 1097 3677 profecto
1112 3608 1183 3662 sic
1199 3608 1426 3678 disputat

416 3687 494 3738 vir
508 3686 692 3741 doctus
715 3687 940 3740 :etenim
956 3706 1016 3738 ex
1031 3685 1278 3755 opinione
1291 3725 1305 3750 ‚
1325 3685 1424 3738 nisi

417 3766 610 3835 vulgari
631 3807 646 3831 ,
675 3777 815 3819 certe
850 3764 1199 3834 quorumdam
1235 3775 1425 3834 poeta-

416 3862 537 3896 rum
558 3884 572 3908 ,
600 3845 816 3896 vulnera
843 3853 896 3896 ct
919 3843 1039 3896 vitia
1061 3843 1291 3911 corporis
1313 3861 1428 3893 ma-

417 3921 614 3975 nebant
627 3923 783 3974 etiam
802 3923 853 3974 in
875 3920 1086 3973 umbris.
1104 3919 1277 3973 Etiam
1295 3919 1428 3972 Dei-

417 3996 621 4068 phobus
645 3999 776 4066 apud
806 3999 1083 4067 Virgilium
1103 4037 1118 4061 ‚
1155 3995 1279 4048 AEn.
1311 3997 1425 4062 Vl,

417 4078 519 4146 494
534 4115 549 4139 ,
574 4075 788 4129 laniatus
811 4095 1028 4146 corpore
1054 4085 1166 4126 toto
1187 4072 1322 4143 apud
1343 4074 1428 4125 in-

419 4155 557 4208 feros
581 4154 864 4210 incedebat.
885 4158 938 4209 H
945 4157 1028 4208 inc
1044 4151 1225 4206 manes
1245 4154 1428 4205 viven-

419 4232 555 4284 tibus
575 4235 888 4301 apparebant
908 4234 1031 4286 taies
1046 4274 1059 4298 ‚
1085 4231 1259 4299 quales
1278 4252 1307 4283 e
1326 4231 1428 4283 vita

419 4322 741 4366 excesserant
753 4352 769 4380 ,
786 4332 835 4365 v.
850 4332 893 4366 c.
912 4312 1116 4365 Hector
1131 4309 1267 4380 apud
1282 4308 1427 4380 Virg.

1507 1808 1722 1862 AEneid.
1746 1810 1802 1863 11
1819 1849 1834 1875 ‚
1864 1829 1976 1880 ²70·
2002 1809 2204 1864 Confer
2226 1811 2400 1865 Tibul.
2425 1815 2479 1867 11
2499 1855 2512 1876 ,

1508 1903 1568 1940 vl
1587 1927 1603 1953 ‚
1634 1888 1712 1960 39.
1743 1887 1932 1941 Eidem
1958 1888 2261 1941 Schirachio
2284 1889 2517 1959 displicet

1507 1966 1801 2035 praepositio
1815 1972 1946 2020 inter
1956 1967 2233 2037 postposita
2249 2007 2263 2033 ,
2278 1987 2449 2038 neque
2468 1975 2518 2024 τέ

1506 2046 1601 2095 illa
1630 2063 1956 2113 concoquere
1986 2054 2191 2113 potest:
2218 2046 2330 2100 sine
2366 2065 2517 2099 causa

1507 2134 1811 2193 utrumque.

1574 2207 1655 2256 5ο.
1691 2207 1856 2258 Heras
1882 2245 1895 2266 ,
1933 2204 2054 2274 quia
2094 2203 2350 2274 Calliopes
2388 2205 2520 2260 divae

1509 2280 1659 2335 filius.
1688 2282 1864 2350 Vulgo
1900 2281 2151 2335 edebatur
2186 2288 2377 2350 acct'pt't
2409 2286 2519 2337 Or—

1500 2361 1675 2425 pheus.
1694 2387 1761 2398 —
1786 2357 1967 2411 Codex
1995 2359 2188 2428 Regius
2215 2358 2259 2410 A
2282 2399 2296 2424 ‚
2331 2363 2476 2413 heros
2497 2379 2515 2422 ‚·

1515 2435 1695 2489 Codex
1720 2438 1765 2490 B
1782 2476 1796 2502 ,
1831 2439 2055 2504 orpheus
2078 2456 2095 2489 .·
2120 2438 2304 2507 prioris
2329 2438 2520 2491 lectio-

1511 2533 1637 2567 nem
1651 2516 1820 2567 multo
1834 2513 2206 2584 elegantiorem
2224 2526 2362 2568 recte
2379 2535 2517 2569 rece-

1511 2593 1586 2663 pit
1606 2594 1868 2648 Heinsius.
1886 2595 2181 2646 Ed.—Lez
2201 2594 2284 2646 itta
2307 2613 2334 2646 a
2356 2595 2521 2663 poetis

1511 2669 1631 2723 ficta
1653 2670 1862 2723 videtur
1877 2710 1892 2736 ,
1920 2671 2039 2738 quia
2060 2671 2112 2722 in
2135 2669 2289 2723 sacris
2314 2670 2522 2739 magicis

1511 2749 1767 2817 respicere
1782 2767 1891 2801 non
1908 2749 2118 2801 licebat:
2134 2747 2235 2800 vid.
2258 2746 2434 2801 Cerda
2455 2749 2519 2801 ad

1514 2825 1661 2896 Virg.
1699 2827 1807 2881 Ecl.
1839 2827 2017 2894 VIII,
2066 2847 2173 2880 102.
2210 2827 2404 2881 Similis
2441 2829 2521 2882 lex

1512 2904 1688 2977 Ulyssi
1709 2904 1811 2958 lata
1836 2906 2060 2958 Homer.
2086 2904 2191 2959 Od.
2218 2905 2264 2957 E
2284 2946 2299 2972 ‚
2326 2906 2440 2959 350.
2457 2936 2521 2948 --

1514 2983 1791 3035 Memoria:
1819 2982 2086 3051 proditum
2120 2994 2230 3048 est,
2272 2995 2329 3037 ut
2352 2985 2523 3053 inquit

1515 3061 1796 3113 Pausanias
1816 3060 1872 3113 in
1903 3062 2144 3114 Boeoticis
2162 3101 2176 3126 ‚
2205 3060 2482 3132 Orpheum
2504 3104 2519 3127 ,

1513 3158 1673 3192 uxore
1700 3150 1905 3192 mortua
1922 3179 1937 3205 ‚
1962 3140 2162 3193 venisse
2186 3139 2249 3192 ad
2279 3141 2519 3193 Aornum

1515 3217 1839 3287 Thesprotioe
1853 3256 1868 3281 ‚
1888 3218 1975 3269 ubi
1998 3237 2090 3287 per
2108 3218 2519 3270 necromantiam

1515 3310 1859 3351 evocarentur
1881 3299 2107 3350 umbrae:
2129 3297 2196 3349 ibi
2222 3315 2385 3363 quum
2408 3297 2523 3349 Eu—

1516 3375 1704 3428 ridices
1717 3376 1946 3427 animam
1964 3394 2098 3443 pone
2112 3374 2258 3443 sequi
2275 3383 2521 3442 putasset,

1517 3463 1569 3504 et
1586 3471 1676 3505 sua
1695 3473 1747 3505 se
1772 3453 2018 3522 opinione
2036 3451 2220 3504 salsum
2245 3451 2521 3519 respiciens

1517 3529 1990 3595 animadvertisset,
2009 3529 2145 3581 ultro
2155 3527 2248 3580 sibi
2261 3528 2352 3597 ipsi
2369 3567 2383 3593 ,
2399 3546 2521 3580 moe-

1516 3625 1636 3658 rore
1673 3608 2003 3673 consectum,
2045 3614 2273 3657 mortem
2310 3606 2521 3658 consci-

1517 3685 1664 3737 visse.
1678 3686 2018 3737 Bet—Donec
2030 3684 2086 3736 A
2090 3701 2262 3735 vemas
2276 3695 2370 3735 etc.
2382 3684 2524 3752 Ergo

1519 3763 1614 3815 alia
1651 3763 1730 3814 via
1773 3761 1928 3815 rediit
1966 3760 2027 3814 ad
2071 3779 2298 3830 superos.
2340 3765 2532 3814 Averni

1519 3841 1663 3894 enim
1685 3840 1836 3893 colles
1855 3879 1868 3904 ,
1893 3840 1980 3907 qui
2004 3840 2154 3892 variis
2179 3839 2389 3908 perfossi
2410 3858 2524 3907 spe-

1517 3920 1679 3972 cubus
1696 3919 1799 3971 vias
1821 3917 2077 3970 habebant
2097 3917 2454 3970 subterraneas
2472 3928 2525 3969 et

1519 3997 1840 4065 caliginosas,
1865 4014 2084 4063 eamque
2111 3995 2177 4046 ob
2202 4013 2405 4046 causam
2429 4015 2525 4062 pro

1520 4076 1768 4128 descensu
1809 4072 1870 4125 ad
1921 4074 2112 4125 inferos
2155 4072 2477 4124 habebantur
2508 4113 2523 4140 ‚

1519 4161 1673 4204 erant
1713 4151 1765 4202 in
1806 4150 1948 4202 ltalia
1986 4153 2126 4218 juxta
2174 4148 2525 4203 Puteolanum

1519 4230 1692 4283 sinum
1716 4228 1863 4282 :vide
1892 4228 2086 4301 Heynii
2120 4228 2406 4280 Excursum
2437 4229 2489 4281 ll
2508 4268 2522 4293 ‚

1520 4307 1586 4361 ad
1610 4307 1890 4377 Virgilium
1915 4306 2125 4360 AEneid.
2153 4308 2232 4361 v1
2257 4326 2269 4362 :
2293 4307 2380 4361 sed
2408 4306 2526 4358 talia
