3185 5138
705 537 1775 609 METAMORPHOSEON
1822 539 2016 607 LIB.
2061 542 2199 608 XI.

2388 543 2512 606 281

376 681 631 754 Verum
662 679 785 753 ubi
821 679 910 754 sit
940 678 1153 754 nescit
1188 709 1204 753 ι
1245 697 1427 753 tanta
1460 678 1781 779 vertigine
1814 696 2063 780 pontus

378 799 650 882 Fervet}
689 812 757 869 et
790 795 1066 870 inducta
1097 796 1302 898 piceis
1333 824 1368 869 e
1396 796 1698 889 nubibus
1729 795 1967 870 umbra
1996 794 2001 799 ’

384 919 602 991 Omne
635 913 795 991 latet
830 912 1091 1002 caelum,
1127 913 1591 1015 duplicataque
1625 911 1843 987 noctis
1876 912 2095 1007 imago
2132 914 2266 987 est!

2423 932 2523 985 550

379 1030 737 1127 Frangitur
767 1030 1041 1104 incursu
1072 1029 1364 1105 nimbosi
1402 1029 1693 1104 turbinis
1716 1029 1965 1116 ¹arbos3

384 1146 739 1241 Frangitur
770 1162 839 1220 et
868 1145 1196 1240 regimem
1235 1145 1604 1245 spoliisque
1640 1145 1939 1219 animosa
1975 1162 2360 1247 superstans

383 1261 583 1335 Unda
604 1317 623 1349 ,
659 1259 839 1334 velut
873 1259 1108 1333 victrix
1128 1316 1147 1348 ,
1182 1259 1475 1334 sinuatas
1508 1260 1789 1363 despicit
1817 1262 2071 1350 undas3

385 1378 527 1450 Nec
560 1374 803 1462 levius,
842 1403 1042 1475 quam
1077 1374 1135 1448 si
1172 1374 1323 1474 quis
1356 1376 1623 1465 Athon,
1660 1375 2066 1465 Pindumve,
2104 1375 2404 1451 revulsos

388 1492 557 1568 Sede
595 1521 713 1566 sua
729 1548 746 1578 ,
782 1509 961 1567 totos
997 1491 1066 1565 in
1101 1508 1404 1592 apertum
1438 1494 1743 1567 everterit
1777 1522 2005 1594 aequor
2023 1550 2042 1582 ,

2423 1514 2521 1568 555

389 1607 801 1709 Praecipitate
834 1608 1008 1695 ruit;
1045 1606 1422 1709 pariterque
1454 1625 1524 1682 et
1554 1608 1849 1709 pondere
1878 1624 1946 1682 et
1975 1608 2114 1682 ictu

391 1724 645 1820 Mergit
675 1723 746 1798 in
776 1724 907 1797 ima
936 1742 1143 1799 ratem
1179 1754 1196 1798 ε
1236 1753 1387 1799 cum
1424 1752 1552 1825 qua
1586 1752 1742 1825 pars
1775 1752 2013 1819 magna
2045 1724 2340 1798 virorum

395 1840 674 1937 Gurgite
705 1868 933 1941 pressa
970 1839 1183 1936 gravi,
1216 1868 1432 1940 neque
1463 1840 1535 1915 in
1569 1869 1718 1915 aera
1747 1840 2040 1928 reddita,
2079 1842 2216 1916 fato

391 1958 642 2032 Functa
677 1984 802 2029 suo
834 1971 936 2029 est
970 1985 985 2027 :
1026 1954 1138 2028 alii
1168 1974 1391 2057 partes
1423 1957 1819 2031 etmembra
1851 1957 2085 2032 carinae

394 2129 511 2199 gine
532 2130 982 2195 tantumfleclem,
1016 2127 1157 2196 quod
1179 2127 1233 2180 in
1257 2127 1408 2182 Gro-

394 2209 553 2261 novio
585 2217 639 2261 et
671 2206 896 2261 Mentel.
927 2225 1035 2260 esse
1071 2207 1412 2261 Burmannus

395 2285 563 2339 docet.
583 2287 685 2339 Ed.

462 2370 574 2420 550.
604 2366 763 2419 Omne
781 2369 908 2419 late!
924 2368 1112 2418 celum.
1130 2364 1282 2419 Idem
1304 2366 1412 2432 jam

395 2443 595 2496 dixerat
642 2462 794 2496 versu
840 2446 938 2495 Sao
963 2484 980 2508 ‚
1026 2452 1168 2498 cate!
1210 2447 1416 2511 ignibus

399 2523 558 2575 ather
576 2560 591 2584 ,
631 2531 728 2576 etc.
753 2549 819 2561 —
844 2524 1022 2577 Noctes
1051 2527 1219 2592 imago
1237 2563 1250 2585 ,
1296 2541 1415 2577 nox.

395 2597 562 2652 Multi
585 2600 606 2665 (
629 2608 683 2651 et
707 2599 857 2668 Regii
880 2601 1047 2653 nostri
1071 2598 1096 2670 )
1118 2607 1308 2654 mortale.

465 2679 576 2729 552.
609 2678 847 2744 Spoliis..
863 2718 877 2731 .
896 2682 1047 2733 unda.
1073 2678 1236 2733 Unda
1253 2717 1268 2745 ,
1296 2698 1414 2748 que

399 2753 601 2807 malum
614 2764 669 2808 et
683 2754 919 2825 regimen
936 2755 1165 2828 fregerat
1180 2796 1195 2823 ,
1211 2762 1408 2824 spoliis,

397 2834 558 2888 armis
571 2834 679 2888 istis
696 2834 939 2889 detractis
956 2876 972 2903 ,
996 2840 1244 2900 animosa,
1264 2837 1419 2907 (alibi

397 2915 640 2979 superbus
659 2912 726 2966 de
746 2913 939 2966 victore
961 2910 986 2982 )
1015 2913 1147 2966 elata
1171 2923 1313 2980 erat,
1330 2923 1416 2980 et,

402 2999 461 3041 ut
481 2990 701 3044 victores
723 2991 901 3046 occisis
913 2990 1167 3057 hostibus,
1184 3004 1277 3046 aut
1297 2989 1420 3045 fem

401 3068 617 3138 dejecte
638 3070 826 3141 prndae
842 3081 1127 3139 superstare
1153 3069 1419 3136 dicuntur,

402 3147 475 3200 sic
497 3148 581 3201 illa
601 3161 893 3217 superstans
914 3150 1065 3204 victa
1087 3148 1240 3215 navi,
1264 3168 1326 3202 ex
1347 3148 1424 3201 al-

405 3226 627 3281 titudine
647 3249 739 3283 sua
755 3234 974 3298 despe‘cit
983 3232 1150 3283 undas
1163 3233 1418 3291 schuatas,

407 3306 561 3360 flexas
575 3346 591 3373 ,
612 3320 848 3364 curvatas
860 3311 996 3364 circa
1009 3328 1216 3363 navem.
1233 3309 1423 3362 Fluere

408 3385 519 3437 hec
540 3403 648 3438 non
674 3397 962 3455 potuerunt
990 3388 1088 3440 nisi
1120 3406 1182 3441 ex
1208 3387 1426 3458 iugenio

408 3461 794 3517 fecundissimo.
827 3465 956 3519 Sine
981 3483 1132 3518 causa
1157 3465 1429 3535 Burman-

409 3558 483 3593 no
518 3539 752 3609 displicet
795 3543 945 3595 Unda
982 3547 1197 3610 despicit
1226 3548 1417 3603 undas,

409 3636 510 3670 nec
531 3616 759 3669 multum
779 3618 999 3672 interest
1012 3657 1029 3685 ,
1053 3631 1234 3672 utrum
1256 3638 1430 3689 super·-

407 3704 557 3748 stans
577 3694 714 3764 legas
730 3733 744 3760 ,
779 3714 844 3747 an
870 3706 1121 3763 superstes
1141 3716 1264 3750 cum
1287 3699 1395 3753 aliis
1410 3738 1426 3766 ,

410 3792 576 3841 quum
601 3773 712 3828 haec
727 3773 834 3827 duo
855 3775 1148 3843 promiscue
1174 3795 1430 3846 usurpen-

411 3862 515 3904 tur.
540 3852 661 3905 Hoc
678 3853 899 3923 vulgate
925 3863 1003 3906 est
1026 3853 1288 3918 lectionis;
1313 3856 1432 3924 qui-

407 3928 534 3981 dam
557 3941 822 3997 superstat.
856 3957 925 3973 ·-·
956 3931 1152 4001 Regius
1180 3943 1359 3986 noster
1382 3935 1430 3987 A

409 4014 665 4073 superstat
677 4046 692 4068 ,
724 4007 772 4060 Β
794 4019 1058 4076 superstes.
1073 4037 1140 4050 —
1153 4008 1281 4061 Mox
1294 4008 1436 4062 Bur·—

411 4102 640 4137 mannus
677 4085 823 4139 malit
861 4090 1076 4154 despe'ce‘t
1099 4091 1244 4149 alas,
1285 4097 1345 4139 ut
1366 4086 1433 4140 de

412 4163 658 4216 antennis
676 4164 785 4232 iam
805 4165 854 4217 vi
876 4165 1021 4218 venti
1046 4165 1270 4220 curvatis
1291 4176 1431 4235 agat,

411 4260 570 4310 super
593 4260 720 4311 quas
747 4243 889 4297 unda
913 4245 1172 4314 surgebat.
1191 4272 1261 4284 —-
1284 4243 1435 4313 Regii

415 4320 581 4375 nostri
597 4319 794 4376 habent
810 4328 1105 4392 sinuataque
1119 4325 1337 4392 despicit
1349 4343 1437 4377 uu-

1507 2132 1629 2191 das,
1650 2141 1710 2183 ut
1724 2133 1775 2185 τὶ
1790 2135 1997 2182 sinuata
2012 2129 2075 2183 ad
2096 2130 2237 2199 prius
2253 2134 2389 2185 unda
2404 2133 2530 2186 rese-

1508 2218 1658 2262 ratur
1679 2227 1692 2260 :
1714 2208 1804 2261 sed
1828 2209 1981 2261 male.
2004 2210 2104 2260 Ed.
2123 2234 2187 2247 -—-
2201 2211 2470 2262 Revulsos.
2493 2250 2504 2261 .
2523 2247 2535 2259 .

1509 2296 1657 2339 totos.
1690 2287 1791 2339 Hae
1817 2304 1969 2339 voces
1998 2303 2109 2339 non
2134 2286 2340 2355 placent
2362 2288 2533 2341 Hein-

1508 2365 1586 2419 sio
1612 2386 1625 2428 ς
1654 2363 1839 2418 suadet
1868 2366 2147 2417 Pindumve
2164 2405 2177 2425 ‚
2210 2368 2295 2418 vel
2328 2365 2499 2419 Ossan
2517 2407 2531 2428 .

1511 2444 1639 2496 Sede
1658 2462 1757 2496 sna
1777 2453 1951 2496 motos.
1978 2443 2319 2496 Burmannus
2343 2453 2534 2496 aucto-

1511 2521 1753 2577 ritatibus
1774 2520 2057 2575 confirmat
2079 2532 2133 2575 et
2155 2523 2273 2574 sede
2297 2530 2457 2574 motos
2480 2531 2535 2575 et

1512 2600 1940 2654 revulsos—Non
1959 2599 2309 2654 necessarium
2327 2610 2404 2653 est
2418 2600 2538 2653 vul·

1515 2688 1689 2749 gatam
1711 2697 1835 2731 cum
1860 2678 2085 2732 Heinsio
2104 2677 2403 2740 sollicitare3
2420 2696 2537 2746 que>

1514 2759 1663 2812 enim
1684 2759 1821 2812 bene
1845 2778 1900 2812 se
1925 2758 2099 2813 babet.
2121 2761 2537 2826 Ede-Prompt-

1511 2850 1629 2897 tata
1641 2845 1756 2892 mit.
1777 2839 1954 2909 Vulgo
1969 2838 2346 2908 cade’t.—Regii
2371 2839 2536 2891 nostri

1513 2916 1618 2971 hoc
1636 2917 1836 2971 habent
1858 2938 1872 2981 ;
1899 2928 1953 2971 at
1974 2917 2137 2972 codex
2161 2917 2209 2970 A
2233 2936 2389 2986 supra
2406 2936 2539 2984 pre-

1514 2999 1733 3064 cipitata
1759 2994 1850 3048 dat
1871 2996 1937 3048 ab
1959 2994 2144 3049 eadem
2176 3013 2341 3048 manu
2364 2998 2539 3048 tanda.

1514 3076 1693 3127 -Nec
1714 3078 1873 3127 levius
1896 3085 1994 3128 ete.
2019 3075 2144 3128 Non
2170 3074 2542 3143 minoi-epon-

1519 3152 1645 3206 dere
1674 3192 1690 3218 ,
1727 3157 2045 3221 pra-ceperam
2077 3159 2183 3206 rui!
2200 3194 2214 3215 ‚
2255 3151 2542 3222 precipitat

1518 3248 1573 3284 se
1594 3266 1609 3295 ‚
1650 3248 1798 3297 quam
1834 3236 1888 3281 si
1918 3234 2030 3298 quit
2071 3231 2244 3283 Athon
2283 3238 2379 3281 etc.
2424 3244 2542 3293 quoe

1520 3307 1841 3377 comparatio
1865 3306 1989 3360 inde
2010 3306 2186 3372 fluxit,
2212 3306 2332 3374 quia
2351 3303 2541 3357 fluctus

1521 3387 1734 3440 maximi
1751 3394 1945 3440 montes
1962 3405 2205 3455 aquatum
2218 3384 2317 3437 dici
2337 3383 2507 3436 solent
2525 3404 2541 3446 3

1521 3463 1628 3517 vid.
1643 3464 1893 3517 Heinsius
1907 3463 1973 3516 ad
1988 3483 2120 3517 vers.
2137 3464 2248 3517 538.
2274 3460 2545 3515 Ridiculus

1525 3553 1604 3597 est
1616 3543 1726 3595 Jac.
1752 3561 1781 3596 a
1801 3542 1973 3596 Cruce
1995 3582 2010 3606 ,
2033 3542 2122 3610 qui
2140 3541 2297 3594 alludi
2318 3540 2404 3593 hic
2417 3540 2548 3592 exis-

1523 3623 1676 3676 timat
1688 3619 1750 3672 ad
1762 3619 1992 3673 facinora
2005 3619 2189 3673 Xerxis
2204 3629 2260 3672 et
2270 3618 2514 3672 Herculis
2528 3658 2544 3684 ,

1526 3717 1754 3768 quorum
1777 3697 1860 3750 ille
1883 3695 2062 3749 Athon
2082 3716 2111 3749 a
2126 3697 2432 3749 continente
2459 3696 2549 3749 ab·

1525 3776 1678 3832 scidit
1701 3816 1715 3841 ,
1744 3776 1829 3829 hic
1855 3774 2176 3828 Thessaliam
2212 3785 2545 3845 stagnantem

1528 3855 1746 3926 aperuit.
1760 3854 1935 3908 Immo
1949 3855 2124 3907 Athon
2146 3865 2199 3908 et
2213 3857 2431 3907 P1'adum
2448 3873 2547 3922 po—

1526 3932 1633 3986 suit
1650 3951 1745 4001 pro
1769 3932 2036 3985 montibus
2050 3931 2463 4000 quibuscumque
2478 3930 2552 3983 al-

1530 4011 1756 4065 tissimis.

1599 4091 1708 4143 558.
1734 4091 1795 4141 Ia
1818 4107 1939 4140 aera
1957 4089 2128 4149 reddi,
2158 4087 2353 4139 iterum
2373 4103 2552 4138 emer-

1531 4186 1655 4236 gere
1674 4207 1688 4233 ,
1716 4167 1940 4238 prodire.
1962 4168 2026 4219 Se
2038 4169 2238 4220 reddere
2252 4166 2400 4235 Virg.
2423 4164 2550 4221 AEn.

1533 4245 1614 4297 lx
1628 4283 1644 4310 ,
1670 4266 1689 4297 ι
1701 4246 2069 4297 22—-Membm
2083 4249 2295 4306 canite,
2321 4252 2379 4295 ut
2399 4261 2554 4295 mem-

1531 4326 1626 4376 bra
1647 4326 1879 4393 aedf‘ficii;
1909 4322 2136 4392 Plinius,
2163 4321 2217 4376 ΙΙ
2234 4361 2249 4391 ‚
2279 4321 2442 4390 Epist.
2463 4339 2520 4388 ¹7
2538 4355 2554 4384 ‚
