3185 5138
689 568 813 633 108

1244 566 1323 630 P.
1378 563 1736 634 OVIDII
1789 562 2261 632 NASONIS

680 703 806 778 Illa
840 704 1104 806 quidem
1139 706 1320 779 venit
1342 763 1360 795 ‚
1398 705 1514 780 sed
1548 721 2003 807 praecorrupta
2026 762 2043 791 ‚
2079 730 2435 802 meumque

2726 724 2829 796 20⁵

683 821 851 917 Quae
887 821 1127 896 donare
1164 841 1365 925 caput
1397 823 1655 897 Junoni
1693 821 1889 896 vellet
1923 822 2188 921 iniquae.

680 940 905 1040 thue
941 969 1121 1014 meos
1155 941 1343 1014 audit
1376 941 1694 1037 gemitus,
1735 938 2039 1013 subsedit
2074 937 2145 1010 in
2170 935 2297 1010 ‘illa

676 1055 853 1127 Ante
884 1056 1062 1131 sores
1093 1086 1240 1146 ara,
1285 1058 1653 1158 dextroque
1686 1086 1722 1131 a
1759 1054 2016 1159 poplite
2049 1053 2284 1127 laevum

676 1171 913 1247 Pressa
949 1202 1160 1269 genu,
1200 1174 1426 1271 digitis
1466 1175 1640 1248 inter
1673 1202 1741 1247 se
1780 1173 2041 1275 pectine
2072 1170 2323 1270 junctis

678 1378 811 1428 quos
833 1379 956 1412 cum
981 1359 1248 1433 Ganyraeo
1266 1362 1327 1414 ad
1345 1363 1467 1416 Juv.
1486 1364 1596 1418 Sat.
1617 1365 1669 1418 ll
1685 1405 1700 1431 ,

679 1438 743 1489 33
764 1475 777 1502 ,
815 1437 879 1491 de
904 1441 1154 1508 partubus
1178 1442 1438 1511 implicitis
1466 1483 1480 1509 ‚
1521 1445 1702 1513 impe—

680 1518 801 1570 ditis
826 1518 994 1572 adhuc
1021 1520 1071 1574 in
1099 1532 1251 1575 utero
1270 1562 1284 1588 ‚
1307 1524 1458 1593 capit.
1489 1525 1704 1577 Alcme-

680 1618 804 1650 nam
829 1599 988 1668 igitur
1007 1620 1211 1655 vorasse
1234 1603 1487 1656 Lucinam
1506 1644 1522 1670 ,
1548 1614 1605 1657 ut
1624 1624 1704 1658 ex·

678 1676 882 1746 pediret
908 1699 1069 1732 nexos
1094 1681 1148 1733 in
1177 1691 1328 1734 utero
1358 1693 1569 1750 partus:
1609 1682 1700 1735 sed

677 1775 842 1824 quum
856 1758 1036 1811 scribae
1049 1777 1159 1812 non
1175 1772 1580 1828 assequerentur
1594 1761 1701 1813 vim

677 1833 899 1887 istorum
918 1838 1202 1888 verborum
1222 1877 1236 1902 ,
1256 1837 1379 1891 inde
1398 1850 1568 1892 ortam
1591 1859 1700 1892 esse

679 1913 983 1968 varietatem
1011 1915 1260 1970 lectionis.
1279 1917 1394 1986 Ego
1412 1937 1537 1971 vero
1562 1919 1704 1972 arbi-

681 2001 813 2059 tror,
833 1992 925 2047 loc.
944 1994 1014 2047 ita
1037 2015 1145 2048 esse
1164 1996 1594 2050 constituendum
1610 2037 1624 2063 ,
1642 2009 1703 2051 ut

679 2071 954 2122 Parcarum
985 2070 1070 2125 hic
1101 2073 1193 2126 fiat
1227 2075 1443 2127 mentio.
1461 2074 1700 2128 Dubium

680 2144 823 2196 enim
840 2165 947 2197 non
963 2158 1059 2214 est,
1077 2150 1265 2203 Parcas
1279 2170 1383 2203 una
1395 2171 1515 2203 rum
1530 2151 1703 2204 Diana

680 2224 1089 2291 parturientibus
1101 2229 1362 2297 praefuisse
1372 2251 1382 2291 ;
1393 2229 1539 2282 Plato
1553 2229 1627 2300 Sy
1634 2248 1705 2281 m·

681 2321 791 2370 pos.
814 2322 862 2371 p.
892 2304 1004 2356 206.
1042 2304 1252 2360 Deinde
1281 2308 1587 2360 Antoninus
1615 2307 1706 2359 Li·-

679 2380 896 2447 beralis,
925 2382 974 2434 d.
1001 2383 1032 2437 l.
1059 2384 1248 2438 diserte
1270 2387 1460 2452 tradit,
1490 2387 1706 2440 Alcme-

679 2478 805 2511 nam
821 2461 1204 2529 parturientem
1220 2464 1446 2517 Dianam
1461 2465 1706 2518 etParcas

681 2550 947 2607 expertam
972 2560 1080 2596 esse
1107 2540 1358 2597 difficiles.
1387 2556 1583 2620 Μοῖραι,
1610 2544 1704 2597 in-

685 2618 829 2686 quit,
853 2628 932 2672 καὶ
955 2625 1187 2674 Εἰλείθυια
1211 2626 1316 2694 κρός
1336 2626 1479 2709 χάριν
1492 2637 1571 2685 τῆς
1587 2612 1649 2699 1⁸1⁷(
1632 2649 1707 2684 σοις

683 2708 894 2763 κατιῒχεν
935 2700 976 2750 ἰν
1009 2711 1110 2757 ra?-
1151 2703 1293 2754 :Meu
1329 2710 1413 2764 τὴν
1446 2678 1706 2769 Ahpibziw.

691 2774 924 2827 Fortasse
950 2795 1087 2829 verae
1110 2776 1346 2832 lectionis
1374 2781 1584 2850 vestigia
1620 2782 1705 2834 la·-

685 2862 801 2904 tent
817 2852 870 2903 in
887 2852 1050 2905 altero
1066 2854 1372 2908 Twisdenio
1389 2859 1506 2912 MS.
1528 2879 1708 2912 nexas·

685 2946 780 2995 quc
820 2930 981 2980 Deos.
1014 2929 1189 2983 Etiam
1228 2931 1412 2985 Codex
1445 2935 1707 3004 Spirensis

684 3008 953 3075 Notosque
996 3011 1242 3078 agnoscit.
1284 3013 1440 3082 Apud
1481 3015 1706 3069 Homer.

686 3106 815 3139 vers.
846 3107 865 3140 1
883 3108 939 3161 ¹9
961 3129 975 3154 ,
1001 3089 1149 3142 Juno
1171 3092 1361 3145 retinet
1388 3095 1627 3164 llt‘thp‘as
1651 3096 1706 3148 in

684 3185 912 3220 numero
940 3168 1140 3237 plurali.
1168 3170 1513 3225 Lactantius
1500 3192 1553 3224 m
1590 3173 1705 3225 Ar-

685 3265 826 3315 gum.
847 3247 920 3300 nil
936 3258 1126 3318 preter
1146 3248 1409 3321 Ilithyiam
1430 3262 1708 3305 memorat.

687 3319 959 3377 Ceterum
983 3324 1121 3394 apud
1150 3327 1439 3393 Plautum,
1473 3329 1527 3380 in
1558 3329 1708 3381 Am-

682 3402 840 3471 phiu-
863 3402 1119 3456 Alcmene
1144 3403 1255 3457 sine
1273 3368 1540 3459 doloribus
1556 3407 1707 3476 parit.

750 3490 862 3556 ²95·
885 3487 988 3536 Illa
1009 3488 1208 3553 quidem
1227 3492 1379 3540 venit.
1405 3486 1590 3541 Vocati
1618 3487 1708 3540 Dii

682 3565 964 3618 veniebant
991 3606 1004 3632 ,
1043 3567 1245 3619 etiamsi
1283 3567 1528 3621 auxilium
1567 3569 1706 3621 ferre

681 3642 885 3696 nollent
905 3666 918 3708 ;
947 3645 994 3697 X
1018 3685 1031 3711 ,
1060 3648 1105 3712 4.
1121 3673 1189 3685 —·
1205 3642 1546 3716 Praecobrupta
1571 3667 1707 3700 nova

683 3723 1059 3790 compositione
1078 3763 1091 3790 ,
1109 3744 1267 3793 quam
1283 3725 1319 3778 J
1325 3744 1430 3778 uno
1445 3726 1709 3781 blanditiis

683 3810 738 3853 et
763 3801 1001 3870 precibus
1025 3803 1132 3870 jam
1157 3823 1304 3856 suam
1332 3806 1551 3869 fecerat,
1573 3815 1627 3857 et
1644 3804 1707 3856 ab

684 3880 940 3934 Alcmena
956 3886 1718 3936 averterat.—-I)onare.lunom'

683 3970 861 4027 caput,
888 3962 940 4013 in
960 3961 1190 4014 Junonis
1206 3962 1424 4031 gratiam
1444 3961 1707 4030 negligere

683 4038 905 4092 salutem
928 4049 980 4091 et
1005 4040 1164 4093 vitam
1192 4039 1472 4093 Alcmenae.
1497 4068 1563 4077 —
1587 4043 1710 4092 Im'-

683 4132 790 4181 quae
818 4154 830 4175 ,
883 4117 1141 4171 irascenti.
1191 4117 1342 4187 Apud
1393 4118 1616 4170 Homer.
1656 4128 1710 4171 ct

687 4191 929 4259 Apollod.
951 4207 1187 4247 moratur
1205 4207 1413 4264 partum
1437 4197 1709 4249 Alcmenae

684 4287 748 4321 eo
762 4269 1005 4331 consilio,
1033 4283 1090 4325 ut
1111 4272 1432 4344 Eurystheus
1457 4276 1600 4342 prius
1626 4274 1711 4326 cdi

687 4347 864 4417 possit.
881 4375 948 4389 —
974 4352 1168 4418 Vellet;
1199 4371 1335 4406 unus
1362 4352 1635 4408 Mediceus
1658 4363 1712 4407 et

1801 1362 2008 1417 Heinsii
2028 1402 2042 1427 ,
2059 1360 2313 1431 probante
2332 1360 2645 1414 Burmanno
2659 1399 2675 1427 ,
2691 1363 2824 1413 mal·

1799 1447 1884 1496 let.
1904 1470 1970 1480 —
1995 1441 2147 1510 Regii
2173 1440 2339 1492 nostri
2360 1479 2374 1506 ‚
2405 1443 2575 1492 nollet.

1867 1539 1978 1590 297.
1996 1522 2058 1572 In
2074 1521 2169 1571 illa
2185 1526 2417 1577 δεικτικῶς
2432 1540 2444 1579 ;
2462 1523 2517 1570 in
2529 1520 2640 1578 illa,
2664 1535 2825 1586 quam

1800 1608 1922 1651 ante
1941 1600 2078 1651 sores
2095 1599 2279 1650 cernis.
2297 1597 2697 1666 supervacanea
2714 1595 2825 1666 igi-

1803 1686 1889 1728 tur
1906 1686 1982 1729 est
1997 1676 2218 1743 conject.
2235 1674 2441 1727 Ileinsii
2458 1715 2473 1741 ,
2492 1693 2651 1743 quam
2666 1675 2825 1726 etiam
2897 1729 2907 1738 ,

1799 1755 2141 1808 Burmannus
2179 1755 2448 1824 probavit,
2484 1762 2538 1807 e‘n
2570 1759 2675 1806 ima
2695 1773 2815 1812 am,

1798 1833 1850 1885 id
1867 1843 1977 1898 est,
1996 1833 2050 1885 in
2068 1834 2173 1886 ima
2189 1852 2291 1886 arae
2307 1844 2470 1903 parte.
2488 1834 2675 1902 Neque
2691 1831 2826 1885 hanc

1800 1911 2230 1964 emendationem
2253 1912 2479 1980 postulat
2502 1914 2553 1965 re*
2572 1912 2823 1974 subsedi!;

1798 1989 1850 2042 id
1892 1990 2037 2042 enim
2072 1991 2125 2043 in
2163 1990 2324 2043 altera
2361 1989 2476 2042 lect.
2506 2007 2616 2041 non
2647 1988 2822 2040 minus

1798 2068 1977 2122 locum
2014 2069 2187 2121 habet.
2217 2067 2491 2120 Lactantio
2525 2068 2577 2119 in
2609 2066 2732 2135 Arg.
2768 2071 2823 2116 1⁵11

1797 2159 1931 2202 terra
1950 2153 2195 2202 resedisse
2221 2148 2426 2201 dicitur.
2450 2177 2516 2187 —
2537 2151 2825 2214 Deumque

1799 2248 1835 2280 a
1864 2232 2057 2295 poplite
2083 2226 2229 2279 venit
2259 2247 2319 2278 ex
2354 2226 2622 2279 Prisciano
2654 2236 2709 2278 et
2734 2245 2821 2278 sex

1801 2306 2009 2361 Heinsii
2028 2345 2041 2372 ,
2084 2325 2180 2374 pro
2211 2306 2418 2374 vulgato
2448 2309 2717 2372 dextroque
2745 2314 2827 2356 cst

1790 2387 2188 2454 poplite—Hoc
2206 2384 2403 2438 habent
2426 2385 2575 2455 Regii
2601 2384 2823 2438 Codices

1801 2464 2271 2518 nostri.—Verba
2312 2463 2422 2517 haec
2461 2473 2515 2516 et
2552 2464 2824 2532 sequentia

1802 2542 2089 2614 plurimum
2121 2541 2247 2596 lucis
2278 2542 2537 2613 accipiunt
2561 2561 2590 2595 a
2614 2541 2788 2596 Plinio
2808 2584 2823 2610 ,

1802 2622 2048 2675 xxvnl
2067 2661 2080 2686 ‚
2101 2622 2132 2673 6
2151 2644 2163 2682 ;
2179 2640 2338 2689 quem
2356 2621 2529 2673 locum
2546 2619 2824 2674 commode

1802 2700 2069 2771 adscripsit
2095 2700 2361 2753 Heinsius.
2388 2721 2414 2744 κ
2438 2699 2682 2753 Assidere
2707 2719 2827 2767 gra-

1804 2801 1830 2825 »
1859 2778 2017 2844 vidis,
2055 2772 2138 2831 vel
2160 2798 2324 2848 quum
2353 2778 2651 2831 remedium
2673 2777 2826 2829 alicui

1807 2880 1834 2905 υ
1860 2858 2202 2924 adhibeatur,
2232 2857 2404 2927 digitis
2423 2856 2727 2927 pectinatim
2745 2856 2832 2907 in-

1808 2957 1834 2983 »
1862 2946 1942 2988 ter
1970 2956 2023 2989 se
2053 2935 2287 3004 implexis
2309 2974 2323 2999 ,
2362 2934 2678 2987 veneficium
2711 2944 2788 2986 est
2816 2953 2828 2985 ε

1808 3036 1834 3060 »ι
1861 3014 2018 3083 idque
2062 3023 2396 3083 compertum
2438 3012 2654 3065 tradunt
2694 3012 2828 3066 Alc-

1808 3114 1833 3139 »
1861 3112 2019 3145 mena
2045 3092 2335 3145 Herculem
2359 3092 2610 3161 pariente.
2637 3090 2795 3159 Pejus
2812 3130 2826 3155 ,

1808 3197 1835 3221 »
1862 3175 1902 3227 si
1918 3175 2051 3227 circa
2067 3193 2236 3227 unum
2252 3173 2471 3226 ambove
2487 3190 2674 3242 genua.
2687 3172 2826 3225 Item

1808 3272 1834 3297 »
1860 3250 2080 3321 poplites
2114 3251 2325 3303 alternis
2364 3249 2582 3321 genibus
2608 3248 2824 3317 imponi.

1808 3354 1834 3379 »υ
1861 3331 1991 3385 Ideo
2014 3331 2123 3385 haec
2148 3332 2199 3383 in
2227 3330 2456 3385 conciliis
2481 3329 2676 3383 ducum
2697 3367 2711 3394 ,
2736 3347 2825 3398 po-

1808 3429 1835 3454 »
1863 3417 2171 3461 testatumve
2192 3408 2308 3461 fieri
2326 3418 2541 3460 vetuere
2567 3406 2792 3473 majores
2809 3445 2824 3470 ,

1810 3510 1835 3535 κ
1863 3489 2006 3542 velut
2032 3508 2250 3542 omnem
2272 3500 2445 3542 actum
2473 3485 2827 3556 impedientia.

1810 3588 1835 3612 »ο
1866 3568 2100 3619 Vetuere
2140 3578 2194 3620 et
2237 3567 2391 3619 sacris
2432 3566 2628 3618 votisve
2672 3563 2831 3617 simili

1809 3665 1836 3691 n
1861 3645 2024 3697 modo
2051 3645 2315 3698 interesse.
2343 3668 2369 3689 »ο
2404 3644 2467 3697 ln
2500 3654 2682 3696 nostro
2715 3641 2831 3695 loco

1805 3723 2032 3795 syntaxis
2054 3725 2329 3791 negotium
2351 3724 2474 3775 fecit
2500 3708 2837 3775 Grammati-

1806 3802 1893 3855 cis.
1914 3801 2098 3856 Victor
2114 3801 2376 3855 Giselinus
2400 3801 2616 3870 putabat
2629 3839 2644 3867 ,
2655 3818 2837 3865 pressa

1804 3889 1888 3934 es!
1907 3881 2282 3953 synecdochice
2310 3883 2536 3951 positum
2557 3899 2653 3948 pro
2667 3920 2681 3946 ,
2700 3898 2842 3945 pres·

1805 3964 1890 4012 sit.
1914 3960 2021 4013 Sed
2039 3971 2116 4013 est
2140 3962 2313 4029 potius
2330 4000 2344 4024 ,
2372 3977 2545 4029 pressa
2568 3968 2645 4011 est
2664 3956 2841 4025 quoad

1808 4037 1998 4090 levum
2019 4058 2157 4107 genu
2176 4059 2203 4090 a
2221 4037 2405 4091 dextro
2429 4037 2624 4107 poplite
2646 4058 2657 4099 ;
2680 4034 2840 4105 pedes

1808 4116 1879 4169 ita
1912 4118 2301 4184 conjunxerat,
2343 4126 2402 4168 ut
2438 4114 2619 4167 dexter
2656 4111 2839 4182 poples

1810 4208 2078 4265 premeret
2119 4197 2310 4248 laevum
2348 4214 2503 4264 genu.
2548 4193 2682 4246 Plin.
2721 4190 2769 4242 d.
2806 4190 2838 4242 l.

1800 4278 2025 4344 poplites
2047 4277 2259 4325 alternis
2279 4277 2490 4341 genibus
2510 4277 2842 4338 Impone-re.—

1810 4356 2045 4419 Pccte'ne,
2074 4353 2129 4407 in
2152 4354 2379 4407 sormam
2405 4351 2650 4423 pectinis,
2676 4347 2836 4417 pecti-
