3185 5138
735 562 1784 637 METAMORPHOSEON
1824 563 2026 632 LIB.
2088 566 2181 632 X.

2386 570 2519 634 203

359 706 502 777 Aut
529 702 688 776 huic
723 701 893 777 adde
929 701 1138 789 leves,
1177 719 1295 777 aut
1322 700 1456 775 illis
1493 700 1681 777 deme
1714 702 2080 804 pharetras.

361 821 646 896 Labitur
681 819 940 895 occulte
955 842 982 908 ·,
1015 819 1320 921 fallitque
1355 819 1648 894 volatilis
1681 837 1878 911 aetas;

364 938 459 1012 Et
486 937 657 1012 nihil
693 955 796 1012 est
821 937 1016 1011 annis
1047 936 1342 1013 velocius
1374 967 1390 1012 ε
1428 936 1543 1013 ille
1572 941 1814 1012 ¹sorore

2424 960 2524 1014 5¹10

351 1056 618 1144 Natus»,
653 1083 911 1155 avoque
946 1082 1107 1144 suo,
1152 1055 1267 1157 qui
1302 1054 1617 1131 conditus
1653 1054 1893 1129 arbore
1920 1082 2175 1156 nuper,

367 1172 603 1272 Nuper
637 1190 776 1245 erat
809 1170 1112 1268 genitus;
1150 1171 1352 1247 modo
1387 1171 1913 1248 formosissimus
1948 1171 2168 1246 infans
2196 1201 2214 1260 ;
2272 1184 2278 1191 “

367 1291 522 1364 Jam
549 1289 853 1389 juvenis;
885 1290 1018 1390 jam
1051 1290 1190 1377 vir3
1225 1289 1359 1389 jam
1395 1317 1467 1364 se
1499 1289 1861 1364 formosior
1890 1288 2041 1390 ipso
2075 1307 2217 1364 est:

366 1407 520 1479 Jam
548 1403 766 1507 placet
794 1424 863 1481 et
896 1407 1179 1495 Veneri,
1218 1407 1583 1509 matrisque
1619 1406 1966 1483 ulciscitur
1998 1406 2210 1503 ignes,

367 1523 670 1623 Namque
705 1522 1130 1624 pharetratus
1166 1523 1326 1601 dum
1353 1523 1469 1598 dat
1500 1552 1671 1626 puer
1704 1522 1935 1599 oscula
1966 1523 2204 1613 matri,

2425 1543 2523 1596 525

368 1639 634 1716 Inscius
663 1641 950 1716 exstanti
981 1641 1338 1717 destrinxit
1369 1642 1695 1717 arundine
1722 1657 1977 1743 pectus,

371 1759 556 1832 Laesa
590 1787 790 1833 manu
825 1775 1058 1833 natum
1090 1760 1233 1835 Dea
1266 1758 1604 1861 reppulit,
1641 1758 1840 1833 altius
1876 1775 2098 1832 actum

436 1978 551 2048 519.
579 1976 797 2030 Labitur
818 1979 1016 2030 occulte
1031 2018 1044 2039 ‚
1085 1986 1184 2031 etc.
1216 1977 1399 2032 Infans

371 2062 526 2106 natus
547 2054 743 2107 sensim
767 2053 1023 2117 adolevit3
1053 2054 1143 2109 sed
1170 2053 1272 2108 hoc
1296 2072 1400 2107 or-

372 2142 495 2184 nate
519 2142 574 2185 et
595 2132 765 2187 verbis
783 2132 1048 2201 exquisitis
1071 2132 1403 2203 expressit.—

1496 1995 1675 2046 neqne
1701 1975 1846 2029 enirn
1873 1975 2048 2030 solum
2073 1974 2139 2029 de
2171 1986 2411 2044 tempore
2444 1976 2528 2028 vix

1498 2054 1675 2124 elapso
1718 2053 1964 2106 occurrit.
1983 2081 2051 2093 —
2071 2055 2360 2106 Formosior
2398 2057 2528 2120 ipso.

1499 2133 1604 2187 Sex
1625 2139 1746 2201 ipse.
1769 2160 1837 2175 ·—
1859 2133 2014 2203 Regii
2038 2132 2205 2185 nostri
2227 2137 2354 2201 ipso.
2378 2161 2446 2174 —
2464 2133 2528 2185 Se

385 2212 624 2263 Volalilis
637 2251 652 2273 ,
679 2230 766 2263 sex
787 2213 1111 2265 volubilis.—
1123 2211 1275 2281 Regii
1296 2230 1400 2264 co·
1482 2208 1889 2279 sormosioripso
1904 2250 1918 2273 ,
1937 2211 1991 2263 in
2012 2210 2146 2264 virili
2160 2221 2310 2265 aetate
2324 2211 2530 2263 sormo-

376 2287 517 2341 dices
538 2293 781 2342 volatilis.
803 2316 871 2331 ·-
886 2289 955 2342 Et
974 2288 1075 2343 hoc
1091 2290 1361 2360 eleganter
1380 2310 1394 2353 3

373 2366 568 2420 scilicet
591 2367 816 2438 pueritia
837 2386 955 2437 quae
978 2367 1219 2421 celeriter
1242 2378 1401 2420 tran-

373 2445 535 2499 sit.—
549 2448 728 2509 Fallit,
762 2445 1149 2516 praeterlabitur
1164 2485 1180 2511 ,
1206 2456 1266 2499 ut
1286 2465 1399 2499 non

372 2526 633 2580 sentiatur
667 2523 891 2594 :fallere
920 2525 987 2579 de
1022 2525 1270 2579 omnibus
1302 2524 1398 2592 iis,

375 2626 490 2676 quae
512 2608 584 2660 ita
609 2606 778 2674 fiunt,
819 2618 877 2661 ut
914 2627 1025 2661 non
1051 2605 1398 2660 animadver—

373 2697 570 2740 tantur.
587 2687 675 2740 Sic
686 2691 912 2754 decipere
925 2691 1056 2740 diem
1074 2685 1155 2739 IV
1171 2685 1329 2740 Trist.
1343 2702 1400 2753 x,

381 2786 399 2818 1
415 2768 498 2832 14,
515 2784 641 2818 cum
657 2766 728 2820 ita
748 2766 1033 2836 transigere
1049 2805 1064 2832 ‚
1085 2775 1267 2818 utnon
1285 2783 1401 2818 sen·

374 2844 575 2897 tiantur
598 2845 713 2913 ejus
734 2845 1003 2899 molestie.
1020 2842 1230 2897 Eodem
1254 2862 1402 2899 nunc

374 2923 512 2978 redit
526 2927 737 2979 occulte.
760 2925 849 2979 Sic
869 2936 923 2979 et
946 2925 1154 2979 Lucret.
1179 2925 1206 2980 1
1224 2966 1238 2992 ,
1266 2925 1403 2992 314,-

376 3001 564 3055 Horat.
591 3003 649 3069 Ι,
677 3000 785 3056 od.
809 3018 893 3055 ιιι
910 3041 925 3068 ,
955 3005 1020 3069 45
1037 3043 1054 3069 ,
1084 3005 1281 3056 Crescit
1299 3022 1402 3055 oc·-

373 3084 512 3134 cullo
532 3084 673 3134 wlut
693 3084 845 3134 arbor
854 3101 957 3133 avo
974 3084 1135 3135 Fama
1150 3082 1402 3136 Marcelle:

376 3183 444 3197 --
465 3159 606 3211 Labe·
643 3158 710 3211 de
755 3158 914 3212 celeri
956 3157 1180 3215 decursu
1222 3160 1403 3214 etatis.

381 3235 497 3289 Art.
515 3237 600 3291 111
614 3276 629 3303 ,
656 3237 722 3292 65
739 3276 754 3303 ,
780 3243 882 3294 cito
892 3241 1024 3304 pede
1039 3242 1229 3292 labitur
1245 3248 1403 3304 atas,-

383 3314 567 3369 Amor.
587 3317 613 3370 1
630 3356 646 3384 ‚
670 3332 778 3368 vlu
794 3357 810 3385 ‚
836 3320 930 3391 49,
951 3318 1397 3379 labiturocculte‚

365 3394 612 3465 fallitque
633 3401 873 3451 volubilis
889 3408 1039 3460 etas,
1078 3399 1152 3451 U!
1161 3400 1296 3452 celer
1303 3398 1406 3450 ad-

379 3480 552 3527 misse?
581 3479 773 3530 labitur
799 3481 968 3529 amath·
998 3481 1162 3545 aqua.
1200 3474 1404 3532 Confer

379 3557 463 3612 VI
489 3557 626 3611 Fast-
645 3578 732 3627 77¹
752 3597 768 3624 ‚
795 3559 1040 3625 Tempora
1054 3560 1307 3618 labuntur,
1332 3568 1408 3611 ta-

378 3641 590 3706 citis-que
608 3642 914 3691 senescehat
938 3641 1123 3704 annin
1142 3635 1317 3690 Tibul.
1340 3637 1365 3689 1
1387 3675 1402 3702 ,

380 3731 487 3767 vul
503 3755 519 3782 ,
537 3715 601 3782 48
620 3735 737 3779 moa
758 3717 907 3769 lardo
921 3719 1111 3768 labitur
1122 3725 1244 3769 aetas
1258 3717 1406 3782 pede.

446 3798 559 3847 520.
596 3796 673 3848 Et
696 3797 835 3846 nihil
861 3805 943 3847 cs!
977 3799 1130 3847 annis
1166 3797 1406 3847 wlocius.

376 3873 731 3927 velocitatem
755 3873 898 3926 illam
924 3874 1130 3944 egregie
1157 3873 1408 3942 expressit

378 3961 492 4004 tam
516 3951 872 4005 cumulatione
897 3962 951 4005 et
975 3951 1290 4023 repetitione
1316 3969 1409 4002 vo-

377 4047 503 4082 cum
530 4049 707 4097 nuper,
738 4033 886 4084 modo
905 4071 919 4091 ,
931 4032 1051 4098 jam
1069 4071 1081 4093 ‚
1114 4048 1274 4098 quam
1298 4039 1409 4084 tota

379 4107 635 4161 orationis
658 4109 841 4163 forma.
866 4110 1144 4180 Ingeniose
1165 4148 1180 4175 ‚
1206 4127 1375 4162 sorore
1390 4149 1404 4171 ‚

379 4201 549 4249 natus,
562 4207 766 4257 avoque.
774 4189 981 4260 Nempe
999 4188 1308 4242 confusione
1325 4187 1411 4241 illa

380 4269 670 4322 nominum
689 4289 811 4324 usus
832 4281 932 4338 est,
947 4269 1013 4323 de
1040 4289 1144 4339 qua
1159 4266 1261 4323 vid.
1277 4288 1409 4323 vers.

384 4348 496 4416 345.
513 4377 580 4390 —-
596 4349 754 4404 Modo
775 4369 920 4405 nunc
944 4357 1054 4416 est,
1080 4347 1237 4421 paulo
1259 4358 1376 4419 post
1394 4370 1408 4416 3

1496 2288 1601 2342 sior
1625 2298 1771 2354 erat,
1797 2307 1957 2357 quam
1986 2288 2043 2341 in
2078 2288 2316 2343 infantia.
2349 2289 2529 2345 Etiam

1500 2368 1565 2420 ab
1584 2367 1804 2441 Hygino
1823 2406 1839 2434 ‚
1860 2367 1961 2423 sab.
1985 2389 2070 2438 ¹7¹
2092 2407 2108 2434 ,
2135 2368 2364 2422 refertur
2388 2369 2530 2423 inter

1498 2447 1931 2514 Iomoshsimos,
1950 2466 2081 2516 quos
2099 2447 2219 2501 tulit
2232 2447 2532 2516 antiquitas.

1498 2526 1768 2580 —Malrit
1795 2528 2062 2580 ulciscitur
2089 2530 2233 2594 ignes
2263 2545 2280 2579 .·
2305 2525 2429 2580 'vide
2465 2524 2532 2581 ad

1499 2622 1634 2656 vers.
1665 2605 1757 2657 311
1783 2625 1797 2667 ς
1842 2603 2090 2675 Hyginus
2117 2643 2133 2670 ,
2169 2603 2271 2656 sab.
2311 2605 2376 2658 58
2401 2642 2415 2669 ,
2446 2609 2539 2672 qui

1503 2679 1780 2750 (Adonis)
1798 2688 2170 2750 matris-panas
2190 2702 2227 2735 a
2251 2684 2441 2735 Venere
2452 2691 2535 2736 est

1499 2768 1770 2818 emeatus.
1786 2762 2111 2828 Lactantius,
2128 2763 2252 2832 Arg.
2273 2781 2417 2830 quem
2439 2765 2531 2816 Ve-

1498 2861 1596 2895 nus
1623 2861 1723 2897 aaa
1751 2846 1918 2895 mrbus
1941 2845 2126 2895 dilexit
2138 2883 2150 2904 ‚
2179 2861 2330 2910 quam
2351 2845 2531 2910 puella

1489 2931 1692 2988 patrem
1715 2923 1953 2992 Cinyram
1981 2922 2233 2975 dile-tuat
2245 2961 2259 2984 ,
2294 2923 2533 2990 beneficio

1507 3001 1791 3067 Cupidimk.

1571 3078 1686 3132 526.
1724 3080 2021 3132 Destriatit
2050 3077 2293 3132 meliores
2318 3098 2334 3141 ;
2375 3077 2534 3148 vulgo

1502 3162 1799 3225 dtktrianin
1830 3158 2103 3217 Leidensis
2123 3163 2441 3225 perstrinxit.
2467 3186 2534 3200 ·—

1503 3242 1699 3295 Altius.
1739 3237 1925 3292 Codex
1965 3239 2164 3308 Regius
2203 3237 2250 3290 A
2274 3276 2290 3303 ,
2327 3241 2532 3290 auleas:

1504 3316 1649 3389 quod
1678 3315 1939 3372 mendum
1960 3318 2138 3371 forsan
2159 3336 2188 3370 a
2214 3315 2533 3386 pronuntia-

1503 3399 1650 3453 tione
1666 3397 1936 3467 scriptoris
1952 3397 2160 3467 irrepsit
2177 3418 2191 3459 ;
2217 3397 2271 3450 in
2298 3394 2537 3464 pluribus

1504 3477 1650 3530 cuim
1673 3474 1856 3531 Galliae
1881 3474 2164 3544 provinciis
2186 3473 2381 3544 syllaba
2399 3476 2461 3524 al
2478 3472 2532 3525 in

1503 3574 1572 3607 au
1589 3563 1839 3623 corrupte
1859 3562 2064 3608 mutata
2084 3563 2195 3619 est,
2227 3550 2369 3605 unde
2388 3550 2538 3605 verbi

1505 3632 1670 3702 gratia
1694 3634 2003 3701 Vauglrard,
2028 3651 2126 3702 pro
2147 3633 2424 3699 Valgirard
2433 3629 2538 3683 dic·

1506 3721 1623 3764 tum
1646 3709 1775 3778 suit,
1799 3720 1860 3764 ut
1880 3709 2024 3766 mille
2041 3709 2334 3765 aliismodis
2348 3710 2406 3764 in
2423 3709 2538 3780 ple-

1504 3791 1681 3860 risque
1715 3791 2010 3863 provinciis.
2044 3792 2217 3846 Porro
2244 3791 2334 3861 qui
2355 3830 2372 3857 ‚
2410 3789 2535 3844 dic-

1506 3880 1654 3924 tante
1672 3870 1883 3924 librario
1903 3910 1920 3938 ,
1939 3869 2249 3926 adside-bant
2265 3887 2461 3923 mensa
2478 3878 2539 3920 ut

1506 3952 1828 4020 scriberent,
1854 3970 1967 4005 non
1988 3952 2187 4006 mirum
2209 3962 2286 4005 est
2309 3968 2398 4003 eos
2418 3966 2541 4017 pro—

1507 4030 1902 4086 nuntiationem
1919 4030 1974 4083 in
1991 4050 2084 4084 sua
2097 4030 2316 4100 quisque
2331 4027 2539 4097 provin-

1509 4110 1588 4165 cia
1624 4110 1868 4164 usitatam
1903 4110 2211 4173 intrusisse;
2245 4106 2388 4177 quod
2424 4126 2539 4161 non

1506 4189 1709 4254 semel,
1743 4187 1836 4242 sed
1861 4190 2150 4245 sexcenties
2177 4186 2382 4241 codices
2413 4207 2541 4240 ma·-

1508 4267 1805 4335 nuscriptos
1850 4266 2242 4336 perlegentibus
2290 4266 2541 4320 animad-

1509 4346 1829 4408 vertendum
1852 4347 1964 4402 suit.
1989 4350 2091 4401 Ed.
