<?xml version="1.0" encoding="UTF-8"?>
<!DOCTYPE html PUBLIC "-//W3C//DTD XHTML 1.0 Transitional//EN"
    "http://www.w3.org/TR/xhtml1/DTD/xhtml1-transitional.dtd">
<html xmlns="http://www.w3.org/1999/xhtml" xml:lang="en" lang="en">
 <head>
  <title>
</title>
<meta http-equiv="Content-Type" content="text/html;charset=utf-8" />
  <meta name='ocr-system' content='tesseract 3.04.00' />
  <meta name='ocr-capabilities' content='ocr_page ocr_carea ocr_par ocr_line ocrx_word'/>
</head>
<body>
  <div class='ocr_page' id='page_1' title='image "./publiusovidiusn02giergoog_0204.png"; bbox 0 0 3185 5138; ppageno 0'>
   <div class='ocr_carea' id='block_1_1' title="bbox 647 572 798 646">
    <p class='ocr_par' dir='ltr' id='par_1_1' title="bbox 647 572 798 646">
     <span class='ocr_line' id='line_1_1' title="bbox 647 572 798 646; baseline 0 -26"><span class='ocrx_word' id='word_1_1' title='bbox 647 572 798 646; x_wconf 71' lang='lat'>&#39;192</span> 
     </span>
    </p>
   </div>
   <div class='ocr_carea' id='block_1_2' title="bbox 1226 553 2245 625">
    <p class='ocr_par' dir='ltr' id='par_1_2' title="bbox 1226 553 2245 625">
     <span class='ocr_line' id='line_1_2' title="bbox 1226 553 2245 625; baseline 0.005 -5"><span class='ocrx_word' id='word_1_2' title='bbox 1226 555 1304 620; x_wconf 91' lang='lat' dir='ltr'>P.</span> <span class='ocrx_word' id='word_1_3' title='bbox 1362 555 1720 623; x_wconf 90' lang='lat' dir='ltr'>OVIDII</span> <span class='ocrx_word' id='word_1_4' title='bbox 1783 553 2245 625; x_wconf 82' lang='lat' dir='ltr'><strong>NASONIS</strong></span> 
     </span>
    </p>
   </div>
   <div class='ocr_carea' id='block_1_3' title="bbox 664 690 2573 1028">
    <p class='ocr_par' dir='ltr' id='par_1_3' title="bbox 664 690 2573 1028">
     <span class='ocr_line' id='line_1_3' title="bbox 664 690 2331 794; baseline 0.004 -29"><span class='ocrx_word' id='word_1_5' title='bbox 664 692 950 766; x_wconf 81' lang='lat' dir='ltr'>Vincula</span> <span class='ocrx_word' id='word_1_6' title='bbox 985 690 1263 767; x_wconf 84' lang='lat' dir='ltr'>dilaniat</span> <span class='ocrx_word' id='word_1_7' title='bbox 1294 723 1310 766; x_wconf 77' lang='grc' dir='ltr'><strong><em>ε</em></strong></span> <span class='ocrx_word' id='word_1_8' title='bbox 1344 711 1488 767; x_wconf 89' lang='lat' dir='ltr'>tum</span> <span class='ocrx_word' id='word_1_9' title='bbox 1522 695 1810 794; x_wconf 86' lang='lat' dir='ltr'>denique</span> <span class='ocrx_word' id='word_1_10' title='bbox 1845 694 2002 770; x_wconf 89' lang='lat' dir='ltr'>flere</span> <span class='ocrx_word' id='word_1_11' title='bbox 2034 698 2331 786; x_wconf 81' lang='lat' dir='ltr'>vacavit3</span> 
     </span>
     <span class='ocr_line' id='line_1_4' title="bbox 666 806 2573 913; baseline 0.005 -31"><span class='ocrx_word' id='word_1_12' title='bbox 666 812 843 883; x_wconf 90' lang='lat' dir='ltr'>Tum</span> <span class='ocrx_word' id='word_1_13' title='bbox 878 809 1031 883; x_wconf 85' lang='lat' dir='ltr'>dare</span> <span class='ocrx_word' id='word_1_14' title='bbox 1064 806 1456 910; x_wconf 87' lang='lat' dir='ltr'>complexus</span> <span class='ocrx_word' id='word_1_15' title='bbox 1479 838 1510 897; x_wconf 64' lang='lat'>‚‘</span> <span class='ocrx_word' id='word_1_16' title='bbox 1533 808 1887 911; x_wconf 80' lang='lat' dir='ltr'>laqueique</span> <span class='ocrx_word' id='word_1_17' title='bbox 1922 813 2256 913; x_wconf 83' lang='lat' dir='ltr'>requirere</span> <span class='ocrx_word' id='word_1_18' title='bbox 2290 844 2573 891; x_wconf 84' lang='lat' dir='ltr'>causam.</span> 
     </span>
     <span class='ocr_line' id='line_1_5' title="bbox 664 924 2312 1028; baseline 0.004 -30"><span class='ocrx_word' id='word_1_19' title='bbox 664 927 857 999; x_wconf 89' lang='lat' dir='ltr'>Muta</span> <span class='ocrx_word' id='word_1_20' title='bbox 889 924 1041 998; x_wconf 90' lang='lat' dir='ltr'>silet</span> <span class='ocrx_word' id='word_1_21' title='bbox 1067 925 1291 1020; x_wconf 85' lang='lat' dir='ltr'>virgo,</span> <span class='ocrx_word' id='word_1_22' title='bbox 1311 945 1704 1028; x_wconf 77' lang='lat' dir='ltr'>terramque</span> <span class='ocrx_word' id='word_1_23' title='bbox 1743 927 2019 1002; x_wconf 89' lang='lat' dir='ltr'>immota</span> <span class='ocrx_word' id='word_1_24' title='bbox 2051 948 2312 1020; x_wconf 82' lang='lat' dir='ltr'>tuetur3</span> 
     </span>
    </p>
   </div>
   <div class='ocr_carea' id='block_1_4' title="bbox 661 1042 2231 1145">
    <p class='ocr_par' dir='ltr' id='par_1_4' title="bbox 661 1042 2231 1145">
     <span class='ocr_line' id='line_1_6' title="bbox 661 1042 2231 1145; baseline 0.002 -27"><span class='ocrx_word' id='word_1_25' title='bbox 661 1046 754 1118; x_wconf 87' lang='lat' dir='ltr'>Et</span> <span class='ocrx_word' id='word_1_26' title='bbox 788 1043 1111 1145; x_wconf 88' lang='lat' dir='ltr'>deprensa</span> <span class='ocrx_word' id='word_1_27' title='bbox 1142 1042 1327 1117; x_wconf 90' lang='lat' dir='ltr'>dolet</span> <span class='ocrx_word' id='word_1_28' title='bbox 1358 1043 1559 1117; x_wconf 84' lang='lat' dir='ltr'>tardae</span> <span class='ocrx_word' id='word_1_29' title='bbox 1595 1046 1941 1119; x_wconf 75' lang='lat' dir='ltr'>conamina</span> <span class='ocrx_word' id='word_1_30' title='bbox 1972 1048 2231 1121; x_wconf 88' lang='lat' dir='ltr'>mortis.</span> 
     </span>
    </p>
   </div>
   <div class='ocr_carea' id='block_1_5' title="bbox 661 1162 2813 1729">
    <p class='ocr_par' dir='ltr' id='par_1_5' title="bbox 661 1162 2376 1263">
     <span class='ocr_line' id='line_1_7' title="bbox 661 1162 2376 1263; baseline 0.001 -28"><span class='ocrx_word' id='word_1_31' title='bbox 661 1163 880 1236; x_wconf 88' lang='lat' dir='ltr'>Instat</span> <span class='ocrx_word' id='word_1_32' title='bbox 914 1190 1081 1235; x_wconf 88' lang='lat' dir='ltr'>anus</span> <span class='ocrx_word' id='word_1_33' title='bbox 1109 1189 1125 1248; x_wconf 92' lang='lat'><strong>;</strong></span> <span class='ocrx_word' id='word_1_34' title='bbox 1159 1189 1493 1263; x_wconf 87' lang='lat' dir='ltr'>canosque</span> <span class='ocrx_word' id='word_1_35' title='bbox 1526 1189 1723 1248; x_wconf 78' lang='lat' dir='ltr'>suoS‚</span> <span class='ocrx_word' id='word_1_36' title='bbox 1763 1179 1830 1235; x_wconf 90' lang='lat' dir='ltr'>et</span> <span class='ocrx_word' id='word_1_37' title='bbox 1861 1162 2083 1236; x_wconf 88' lang='lat' dir='ltr'>inania</span> <span class='ocrx_word' id='word_1_38' title='bbox 2112 1163 2376 1237; x_wconf 86' lang='lat' dir='ltr'>nudans</span> 
     </span>
    </p>

    <p class='ocr_par' dir='ltr' id='par_1_6' title="bbox 661 1276 2432 1378">
     <span class='ocr_line' id='line_1_8' title="bbox 661 1276 2432 1378; baseline 0 -27"><span class='ocrx_word' id='word_1_39' title='bbox 661 1279 891 1353; x_wconf 85' lang='lat' dir='ltr'>Ubera</span> <span class='ocrx_word' id='word_1_40' title='bbox 912 1334 930 1364; x_wconf 88' lang='lat'><strong>‚</strong></span> <span class='ocrx_word' id='word_1_41' title='bbox 967 1305 1090 1378; x_wconf 88' lang='lat' dir='ltr'>per</span> <span class='ocrx_word' id='word_1_42' title='bbox 1123 1304 1325 1350; x_wconf 86' lang='lat' dir='ltr'>cunas</span> <span class='ocrx_word' id='word_1_43' title='bbox 1359 1276 1801 1378; x_wconf 77' lang='lat' dir='ltr'>alimentaque</span> <span class='ocrx_word' id='word_1_44' title='bbox 1836 1278 2055 1377; x_wconf 88' lang='lat' dir='ltr'>prima</span> <span class='ocrx_word' id='word_1_45' title='bbox 2086 1296 2432 1378; x_wconf 80' lang='lat' dir='ltr'>precatur,</span> 
     </span>
    </p>

    <p class='ocr_par' dir='ltr' id='par_1_7' title="bbox 662 1378 2539 1612">
     <span class='ocr_line' id='line_1_9' title="bbox 662 1378 2539 1495; baseline -0.001 -25"><span class='ocrx_word' id='word_1_46' title='bbox 662 1399 762 1470; x_wconf 88' lang='lat' dir='ltr'>Ut</span> <span class='ocrx_word' id='word_1_47' title='bbox 793 1395 926 1469; x_wconf 90' lang='lat' dir='ltr'>sibi</span> <span class='ocrx_word' id='word_1_48' title='bbox 962 1393 1375 1479; x_wconf 89' lang='lat' dir='ltr'>committat,</span> <span class='ocrx_word' id='word_1_49' title='bbox 1414 1378 1745 1495; x_wconf 87' lang='lat' dir='ltr'>quidquid</span> <span class='ocrx_word' id='word_1_50' title='bbox 1780 1394 1965 1469; x_wconf 86' lang='lat' dir='ltr'>dolet</span> <span class='ocrx_word' id='word_1_51' title='bbox 1993 1425 2008 1468; x_wconf 73' lang='grc' dir='ltr'><strong><em>ε</em></strong></span> <span class='ocrx_word' id='word_1_52' title='bbox 2045 1394 2157 1469; x_wconf 90' lang='lat' dir='ltr'>illa</span> <span class='ocrx_word' id='word_1_53' title='bbox 2190 1414 2539 1491; x_wconf 85' lang='lat' dir='ltr'>rogantem</span> 
     </span>
     <span class='ocr_line' id='line_1_10' title="bbox 662 1510 2294 1612; baseline -0.001 -28"><span class='ocrx_word' id='word_1_54' title='bbox 662 1513 980 1585; x_wconf 87' lang='lat' dir='ltr'>Aversata</span> <span class='ocrx_word' id='word_1_55' title='bbox 1012 1510 1216 1605; x_wconf 83' lang='lat' dir='ltr'>gemit</span> <span class='ocrx_word' id='word_1_56' title='bbox 1254 1540 1269 1582; x_wconf 76' lang='grc' dir='ltr'>ε</span> <span class='ocrx_word' id='word_1_57' title='bbox 1301 1527 1476 1584; x_wconf 85' lang='lat' dir='ltr'>certa</span> <span class='ocrx_word' id='word_1_58' title='bbox 1512 1528 1614 1584; x_wconf 87' lang='lat' dir='ltr'>est</span> <span class='ocrx_word' id='word_1_59' title='bbox 1648 1511 1990 1612; x_wconf 82' lang='lat' dir='ltr'>exquirere</span> <span class='ocrx_word' id='word_1_60' title='bbox 2020 1511 2247 1584; x_wconf 78' lang='lat' dir='ltr'>nutrix</span> <span class='ocrx_word' id='word_1_61' title='bbox 2276 1542 2294 1583; x_wconf 76' lang='grc' dir='ltr'><strong><em>ε</em></strong></span> 
     </span>
    </p>

    <p class='ocr_par' dir='ltr' id='par_1_8' title="bbox 663 1626 2813 1729">
     <span class='ocr_line' id='line_1_11' title="bbox 663 1626 2813 1729; baseline 0 -28"><span class='ocrx_word' id='word_1_62' title='bbox 663 1629 803 1702; x_wconf 88' lang='lat' dir='ltr'>Nec</span> <span class='ocrx_word' id='word_1_63' title='bbox 831 1626 1042 1701; x_wconf 89' lang='lat' dir='ltr'>solam</span> <span class='ocrx_word' id='word_1_64' title='bbox 1079 1626 1410 1727; x_wconf 85' lang='lat' dir='ltr'>spondere</span> <span class='ocrx_word' id='word_1_65' title='bbox 1445 1626 1688 1700; x_wconf 85' lang='lat' dir='ltr'>fidem:</span> <span class='ocrx_word' id='word_1_66' title='bbox 1726 1661 1760 1692; x_wconf 89' lang='lat'>«</span> <span class='ocrx_word' id='word_1_67' title='bbox 1794 1627 1959 1717; x_wconf 83' lang='lat' dir='ltr'>Dic,</span> <span class='ocrx_word' id='word_1_68' title='bbox 1989 1628 2244 1729; x_wconf 85' lang='lat' dir='ltr'>inquit,</span> <span class='ocrx_word' id='word_1_69' title='bbox 2280 1654 2611 1727; x_wconf 86' lang='lat' dir='ltr'>opemque</span> <span class='ocrx_word' id='word_1_70' title='bbox 2709 1649 2813 1720; x_wconf 72' lang='lat'>395</span> 
     </span>
    </p>
   </div>
   <div class='ocr_carea' id='block_1_6' title="bbox 660 1826 1685 1971">
    <p class='ocr_par' dir='ltr' id='par_1_9' title="bbox 660 1826 1685 1971">
     <span class='ocr_line' id='line_1_12' title="bbox 660 1826 1685 1891; baseline 0 -16"><span class='ocrx_word' id='word_1_71' title='bbox 660 1853 729 1865; x_wconf 91' lang='lat'>—-</span> <span class='ocrx_word' id='word_1_72' title='bbox 759 1826 884 1878; x_wconf 79' lang='lat' dir='ltr'>Tum</span> <span class='ocrx_word' id='word_1_73' title='bbox 908 1826 1118 1891; x_wconf 72' lang='lat' dir='ltr'>denique</span> <span class='ocrx_word' id='word_1_74' title='bbox 1137 1863 1150 1883; x_wconf 90' lang='lat'>‚</span> <span class='ocrx_word' id='word_1_75' title='bbox 1211 1840 1374 1891; x_wconf 88' lang='lat' dir='ltr'>quum</span> <span class='ocrx_word' id='word_1_76' title='bbox 1402 1841 1557 1891; x_wconf 88' lang='lat' dir='ltr'>opem</span> <span class='ocrx_word' id='word_1_77' title='bbox 1584 1832 1685 1875; x_wconf 89' lang='lat' dir='ltr'>tu-</span> 
     </span>
     <span class='ocr_line' id='line_1_13' title="bbox 660 1902 1685 1971; baseline -0.002 -15"><span class='ocrx_word' id='word_1_78' title='bbox 660 1904 803 1957; x_wconf 88' lang='lat' dir='ltr'>lisset</span> <span class='ocrx_word' id='word_1_79' title='bbox 822 1942 836 1969; x_wconf 87' lang='lat'><strong>,</strong></span> <span class='ocrx_word' id='word_1_80' title='bbox 877 1921 1037 1970; x_wconf 90' lang='lat' dir='ltr'>seque</span> <span class='ocrx_word' id='word_1_81' title='bbox 1070 1921 1100 1954; x_wconf 93' lang='lat' dir='ltr'>a</span> <span class='ocrx_word' id='word_1_82' title='bbox 1129 1919 1336 1955; x_wconf 88' lang='lat' dir='ltr'>summa</span> <span class='ocrx_word' id='word_1_83' title='bbox 1364 1902 1525 1953; x_wconf 88' lang='lat' dir='ltr'>animi</span> <span class='ocrx_word' id='word_1_84' title='bbox 1549 1921 1685 1971; x_wconf 89' lang='lat' dir='ltr'>per-</span> 
     </span>
    </p>
   </div>
   <div class='ocr_carea' id='block_1_7' title="bbox 1776 1798 2812 1970">
    <p class='ocr_par' dir='ltr' id='par_1_10' title="bbox 1776 1798 2812 1970">
     <span class='ocr_line' id='line_1_14' title="bbox 1777 1798 2812 1894; baseline 0 -18"><span class='ocrx_word' id='word_1_85' title='bbox 1777 1826 2224 1891; x_wconf 63' lang='lat' dir='ltr'>gantindaersata.</span> <span class='ocrx_word' id='word_1_86' title='bbox 2248 1852 2316 1864; x_wconf 93' lang='lat'>—</span> <span class='ocrx_word' id='word_1_87' title='bbox 2336 1798 2515 1877; x_wconf 84' lang='lat' dir='ltr'>Nostri</span> <span class='ocrx_word' id='word_1_88' title='bbox 2544 1824 2695 1894; x_wconf 85' lang='lat' dir='ltr'>Regii</span> <span class='ocrx_word' id='word_1_89' title='bbox 2713 1845 2812 1877; x_wconf 85' lang='lat' dir='ltr'>ro-</span> 
     </span>
     <span class='ocr_line' id='line_1_15' title="bbox 1776 1900 2809 1970; baseline -0.001 -17"><span class='ocrx_word' id='word_1_90' title='bbox 1776 1909 1980 1968; x_wconf 66' lang='lat' dir='ltr'>gantem</span> <span class='ocrx_word' id='word_1_91' title='bbox 1997 1912 2257 1961; x_wconf 62' lang='lat' dir='ltr'>aversata,</span> <span class='ocrx_word' id='word_1_92' title='bbox 2278 1900 2420 1970; x_wconf 88' lang='lat' dir='ltr'>quod</span> <span class='ocrx_word' id='word_1_93' title='bbox 2442 1902 2809 1969; x_wconf 72' lang='lat' dir='ltr'>Gt&#39;ere‘ginter-</span> 
     </span>
    </p>
   </div>
   <div class='ocr_carea' id='block_1_8' title="bbox 664 1980 2807 2051">
    <p class='ocr_par' dir='ltr' id='par_1_11' title="bbox 664 1980 2807 2051">
     <span class='ocr_line' id='line_1_16' title="bbox 664 1980 2807 2051; baseline -0.001 -15"><span class='ocrx_word' id='word_1_94' title='bbox 664 1983 967 2037; x_wconf 78' lang='lat' dir='ltr'>turbatione</span> <span class='ocrx_word' id='word_1_95' title='bbox 1001 1980 1302 2049; x_wconf 83' lang='lat' dir='ltr'>collegisset.</span> <span class='ocrx_word' id='word_1_96' title='bbox 1322 2008 1390 2021; x_wconf 92' lang='lat'>--</span> <span class='ocrx_word' id='word_1_97' title='bbox 1411 1982 1554 2032; x_wconf 86' lang='lat' dir='ltr'>Flere</span> <span class='ocrx_word' id='word_1_98' title='bbox 1585 2001 1687 2033; x_wconf 84' lang='lat' dir='ltr'>va·</span> <span class='ocrx_word' id='word_1_99' title='bbox 1782 1989 2055 2047; x_wconf 85' lang='lat' dir='ltr'>pretatur:</span> <span class='ocrx_word' id='word_1_100' title='bbox 2083 2003 2108 2025; x_wconf 74' lang='lat' dir='ltr'>c«</span> <span class='ocrx_word' id='word_1_101' title='bbox 2130 1981 2215 2034; x_wconf 87' lang='lat' dir='ltr'>Nil</span> <span class='ocrx_word' id='word_1_102' title='bbox 2236 1980 2560 2050; x_wconf 86' lang='lat' dir='ltr'>respondens</span> <span class='ocrx_word' id='word_1_103' title='bbox 2577 1982 2807 2051; x_wconf 80' lang='lat' dir='ltr'>roganti,</span> 
     </span>
    </p>
   </div>
   <div class='ocr_carea' id='block_1_9' title="bbox 662 2060 1685 2366">
    <p class='ocr_par' dir='ltr' id='par_1_12' title="bbox 662 2060 1685 2366">
     <span class='ocr_line' id='line_1_17' title="bbox 662 2060 1685 2129; baseline -0.002 -13"><span class='ocrx_word' id='word_1_104' title='bbox 662 2068 814 2116; x_wconf 73' lang='lat' dir='ltr'>cavit.</span> <span class='ocrx_word' id='word_1_105' title='bbox 834 2061 1020 2115; x_wconf 82' lang='lat' dir='ltr'>Codex</span> <span class='ocrx_word' id='word_1_106' title='bbox 1035 2071 1216 2115; x_wconf 87' lang='lat' dir='ltr'>noster</span> <span class='ocrx_word' id='word_1_107' title='bbox 1232 2060 1429 2129; x_wconf 80' lang='lat' dir='ltr'>Regius</span> <span class='ocrx_word' id='word_1_108' title='bbox 1450 2060 1496 2112; x_wconf 90' lang='grc' dir='ltr'><em>Β</em></span> <span class='ocrx_word' id='word_1_109' title='bbox 1511 2061 1582 2113; x_wconf 90' lang='lat' dir='ltr'>sic</span> <span class='ocrx_word' id='word_1_110' title='bbox 1599 2060 1685 2114; x_wconf 81' lang='lat' dir='ltr'>ha-</span> 
     </span>
     <span class='ocr_line' id='line_1_18' title="bbox 662 2137 1683 2207; baseline -0.005 -13"><span class='ocrx_word' id='word_1_111' title='bbox 662 2140 755 2194; x_wconf 87' lang='lat' dir='ltr'>bet</span> <span class='ocrx_word' id='word_1_112' title='bbox 770 2141 823 2192; x_wconf 89' lang='lat' dir='ltr'>in</span> <span class='ocrx_word' id='word_1_113' title='bbox 847 2149 987 2192; x_wconf 81' lang='lat' dir='ltr'>textu</span> <span class='ocrx_word' id='word_1_114' title='bbox 1003 2160 1016 2201; x_wconf 84' lang='lat'>;</span> <span class='ocrx_word' id='word_1_115' title='bbox 1037 2148 1089 2191; x_wconf 92' lang='lat' dir='ltr'>at</span> <span class='ocrx_word' id='word_1_116' title='bbox 1103 2138 1157 2190; x_wconf 91' lang='lat' dir='ltr'>in</span> <span class='ocrx_word' id='word_1_117' title='bbox 1176 2138 1412 2207; x_wconf 81' lang='lat' dir='ltr'>margine</span> <span class='ocrx_word' id='word_1_118' title='bbox 1430 2137 1683 2206; x_wconf 87' lang='lat' dir='ltr'>scriptum</span> 
     </span>
     <span class='ocr_line' id='line_1_19' title="bbox 664 2216 1683 2287; baseline -0.003 -14"><span class='ocrx_word' id='word_1_119' title='bbox 664 2231 743 2274; x_wconf 86' lang='lat' dir='ltr'>est</span> <span class='ocrx_word' id='word_1_120' title='bbox 757 2223 985 2286; x_wconf 73' lang='lat' dir='ltr'>paravit,</span> <span class='ocrx_word' id='word_1_121' title='bbox 1008 2216 1149 2287; x_wconf 87' lang='lat' dir='ltr'>quod</span> <span class='ocrx_word' id='word_1_122' title='bbox 1171 2236 1296 2271; x_wconf 88' lang='lat' dir='ltr'>sane</span> <span class='ocrx_word' id='word_1_123' title='bbox 1314 2237 1343 2270; x_wconf 90' lang='lat' dir='ltr'>e</span> <span class='ocrx_word' id='word_1_124' title='bbox 1362 2217 1540 2284; x_wconf 77' lang='lat' dir='ltr'>glossa.</span> <span class='ocrx_word' id='word_1_125' title='bbox 1559 2216 1683 2270; x_wconf 90' lang='lat' dir='ltr'>Cio·</span> 
     </span>
     <span class='ocr_line' id='line_1_20' title="bbox 662 2296 1683 2366; baseline -0.003 -13"><span class='ocrx_word' id='word_1_126' title='bbox 662 2302 816 2354; x_wconf 81' lang='lat' dir='ltr'>sanus</span> <span class='ocrx_word' id='word_1_127' title='bbox 829 2298 1004 2352; x_wconf 89' lang='lat' dir='ltr'>laudat</span> <span class='ocrx_word' id='word_1_128' title='bbox 1018 2303 1208 2351; x_wconf 61' lang='lat' dir='ltr'>vetaret</span> <span class='ocrx_word' id='word_1_129' title='bbox 1220 2338 1233 2359; x_wconf 88' lang='lat'>,</span> <span class='ocrx_word' id='word_1_130' title='bbox 1263 2296 1404 2366; x_wconf 92' lang='lat' dir='ltr'>quod</span> <span class='ocrx_word' id='word_1_131' title='bbox 1422 2298 1683 2350; x_wconf 80' lang='lat' dir='ltr'>reseratur</span> 
     </span>
    </p>
   </div>
   <div class='ocr_carea' id='block_1_10' title="bbox 655 2374 1719 2530">
    <p class='ocr_par' dir='ltr' id='par_1_13' title="bbox 655 2374 1719 2530">
     <span class='ocr_line' id='line_1_21' title="bbox 664 2374 1708 2438; baseline -0.003 -6"><span class='ocrx_word' id='word_1_132' title='bbox 664 2378 731 2432; x_wconf 89' lang='lat' dir='ltr'>ad</span> <span class='ocrx_word' id='word_1_133' title='bbox 755 2377 1016 2431; x_wconf 88' lang='lat' dir='ltr'>nutricem</span> <span class='ocrx_word' id='word_1_134' title='bbox 1036 2397 1049 2438; x_wconf 87' lang='grc'>;</span> <span class='ocrx_word' id='word_1_135' title='bbox 1076 2375 1329 2429; x_wconf 75' lang='lat' dir='ltr'>Heinsius</span> <span class='ocrx_word' id='word_1_136' title='bbox 1352 2374 1451 2429; x_wconf 85' lang='lat' dir='ltr'>hoc</span> <span class='ocrx_word' id='word_1_137' title='bbox 1473 2376 1607 2428; x_wconf 89' lang='lat' dir='ltr'>sicut</span> <span class='ocrx_word' id='word_1_138' title='bbox 1630 2388 1683 2430; x_wconf 69' lang='lat' dir='ltr'>et</span> <span class='ocrx_word' id='word_1_139' title='bbox 1704 2421 1708 2429; x_wconf 80' lang='grc'>,</span> 
     </span>
     <span class='ocr_line' id='line_1_22' title="bbox 655 2456 1719 2530; baseline -0.003 -18"><span class='ocrx_word' id='word_1_140' title='bbox 655 2463 863 2528; x_wconf 70' lang='lat' dir='ltr'>pararit</span> <span class='ocrx_word' id='word_1_141' title='bbox 892 2457 1065 2526; x_wconf 79' lang='lat' dir='ltr'>rejicit</span> <span class='ocrx_word' id='word_1_142' title='bbox 1105 2466 1161 2509; x_wconf 92' lang='lat' dir='ltr'>et</span> <span class='ocrx_word' id='word_1_143' title='bbox 1199 2460 1405 2510; x_wconf 70' lang='lat' dir='ltr'>vacarit</span> <span class='ocrx_word' id='word_1_144' title='bbox 1445 2456 1683 2510; x_wconf 83' lang='lat' dir='ltr'>defendit</span> <span class='ocrx_word' id='word_1_145' title='bbox 1714 2526 1719 2530; x_wconf 24' lang='grc'>1</span> 
     </span>
    </p>
   </div>
   <div class='ocr_carea' id='block_1_11' title="bbox 639 2534 1683 4406">
    <p class='ocr_par' dir='ltr' id='par_1_14' title="bbox 660 2534 1683 3149">
     <span class='ocr_line' id='line_1_23' title="bbox 663 2534 1681 2605; baseline -0.002 -16"><span class='ocrx_word' id='word_1_146' title='bbox 663 2535 912 2605; x_wconf 80' lang='lat' dir='ltr'>exemplis</span> <span class='ocrx_word' id='word_1_147' title='bbox 930 2575 945 2601; x_wconf 88' lang='lat'>‚</span> <span class='ocrx_word' id='word_1_148' title='bbox 976 2534 1117 2588; x_wconf 89' lang='lat' dir='ltr'>inter</span> <span class='ocrx_word' id='word_1_149' title='bbox 1153 2552 1268 2603; x_wconf 75' lang='lat' dir='ltr'>quae</span> <span class='ocrx_word' id='word_1_150' title='bbox 1309 2534 1462 2588; x_wconf 80' lang='lat' dir='ltr'>affert</span> <span class='ocrx_word' id='word_1_151' title='bbox 1503 2534 1681 2589; x_wconf 88' lang='lat' dir='ltr'>locum</span> 
     </span>
     <span class='ocr_line' id='line_1_24' title="bbox 662 2613 1683 2682; baseline -0.003 -14"><span class='ocrx_word' id='word_1_152' title='bbox 662 2614 844 2668; x_wconf 83' lang='lat' dir='ltr'>Nostri</span> <span class='ocrx_word' id='word_1_153' title='bbox 865 2654 881 2680; x_wconf 84' lang='lat'>,</span> <span class='ocrx_word' id='word_1_154' title='bbox 909 2613 994 2667; x_wconf 90' lang='lat' dir='ltr'>lib.</span> <span class='ocrx_word' id='word_1_155' title='bbox 1020 2614 1103 2667; x_wconf 83' lang='lat' dir='ltr'>Vl</span> <span class='ocrx_word' id='word_1_156' title='bbox 1121 2652 1136 2679; x_wconf 89' lang='lat'>,</span> <span class='ocrx_word' id='word_1_157' title='bbox 1165 2615 1262 2666; x_wconf 85' lang='lat'>585</span> <span class='ocrx_word' id='word_1_158' title='bbox 1283 2652 1298 2679; x_wconf 89' lang='lat'><strong>,</strong></span> <span class='ocrx_word' id='word_1_159' title='bbox 1325 2632 1416 2665; x_wconf 87' lang='lat' dir='ltr'>nec</span> <span class='ocrx_word' id='word_1_160' title='bbox 1434 2616 1561 2682; x_wconf 83' lang='lat' dir='ltr'>flere</span> <span class='ocrx_word' id='word_1_161' title='bbox 1582 2633 1683 2666; x_wconf 85' lang='lat' dir='ltr'>va-</span> 
     </span>
     <span class='ocr_line' id='line_1_25' title="bbox 661 2689 1683 2761; baseline -0.002 -15"><span class='ocrx_word' id='word_1_162' title='bbox 661 2702 750 2746; x_wconf 87' lang='lat' dir='ltr'>cat</span> <span class='ocrx_word' id='word_1_163' title='bbox 762 2734 776 2754; x_wconf 85' lang='lat'>,</span> <span class='ocrx_word' id='word_1_164' title='bbox 802 2696 900 2745; x_wconf 87' lang='lat' dir='ltr'>sed</span> <span class='ocrx_word' id='word_1_165' title='bbox 901 2692 1095 2761; x_wconf 81' lang='lat' dir='ltr'>sasque</span> <span class='ocrx_word' id='word_1_166' title='bbox 1123 2690 1363 2760; x_wconf 79' lang='lat' dir='ltr'>nefasque</span> <span class='ocrx_word' id='word_1_167' title='bbox 1396 2689 1683 2757; x_wconf 79' lang='lat' dir='ltr'>Confusam</span> 
     </span>
     <span class='ocr_line' id='line_1_26' title="bbox 660 2768 1679 2838; baseline -0.003 -14"><span class='ocrx_word' id='word_1_168' title='bbox 660 2776 774 2824; x_wconf 81' lang='lat' dir='ltr'>ruit.</span> <span class='ocrx_word' id='word_1_169' title='bbox 804 2768 905 2822; x_wconf 89' lang='lat' dir='ltr'>Ed.</span> <span class='ocrx_word' id='word_1_170' title='bbox 932 2798 999 2809; x_wconf 90' lang='lat'>—</span> <span class='ocrx_word' id='word_1_171' title='bbox 1030 2772 1148 2821; x_wconf 88' lang='lat' dir='ltr'>Non</span> <span class='ocrx_word' id='word_1_172' title='bbox 1172 2780 1328 2822; x_wconf 84' lang='lat' dir='ltr'>vacat</span> <span class='ocrx_word' id='word_1_173' title='bbox 1331 2772 1483 2838; x_wconf 83' lang='lat' dir='ltr'>flere,</span> <span class='ocrx_word' id='word_1_174' title='bbox 1517 2768 1679 2824; x_wconf 81' lang='lat' dir='ltr'>adbi-</span> 
     </span>
     <span class='ocr_line' id='line_1_27' title="bbox 662 2847 1682 2919; baseline -0.002 -17"><span class='ocrx_word' id='word_1_175' title='bbox 662 2849 818 2902; x_wconf 88' lang='lat' dir='ltr'>betur</span> <span class='ocrx_word' id='word_1_176' title='bbox 835 2858 951 2899; x_wconf 89' lang='lat' dir='ltr'>tum</span> <span class='ocrx_word' id='word_1_177' title='bbox 971 2887 986 2912; x_wconf 82' lang='lat'>,</span> <span class='ocrx_word' id='word_1_178' title='bbox 1011 2866 1177 2916; x_wconf 92' lang='lat' dir='ltr'>quum</span> <span class='ocrx_word' id='word_1_179' title='bbox 1202 2867 1284 2900; x_wconf 87' lang='lat' dir='ltr'>res</span> <span class='ocrx_word' id='word_1_180' title='bbox 1299 2866 1410 2900; x_wconf 88' lang='lat' dir='ltr'>non</span> <span class='ocrx_word' id='word_1_181' title='bbox 1428 2847 1682 2919; x_wconf 76' lang='lat' dir='ltr'>lacrymas</span> 
     </span>
     <span class='ocr_line' id='line_1_28' title="bbox 661 2924 1678 2997; baseline -0.002 -17"><span class='ocrx_word' id='word_1_182' title='bbox 661 2928 827 2997; x_wconf 87' lang='lat' dir='ltr'>poscit</span> <span class='ocrx_word' id='word_1_183' title='bbox 843 2964 859 2990; x_wconf 82' lang='lat'>,</span> <span class='ocrx_word' id='word_1_184' title='bbox 874 2924 964 2977; x_wconf 85' lang='lat' dir='ltr'>sed</span> <span class='ocrx_word' id='word_1_185' title='bbox 982 2924 1242 2978; x_wconf 85' lang='lat' dir='ltr'>actionem</span> <span class='ocrx_word' id='word_1_186' title='bbox 1257 2964 1271 2991; x_wconf 89' lang='lat'><em>,</em></span> <span class='ocrx_word' id='word_1_187' title='bbox 1289 2925 1678 2991; x_wconf 79' lang='lat' dir='ltr'>fortitudinem,</span> 
     </span>
     <span class='ocr_line' id='line_1_29' title="bbox 663 3001 1678 3075; baseline -0.004 -16"><span class='ocrx_word' id='word_1_188' title='bbox 663 3004 910 3059; x_wconf 80' lang='lat' dir='ltr'>auxilium</span> <span class='ocrx_word' id='word_1_189' title='bbox 936 3012 1033 3055; x_wconf 89' lang='lat' dir='ltr'>etc.</span> <span class='ocrx_word' id='word_1_190' title='bbox 1062 3001 1141 3055; x_wconf 92' lang='lat' dir='ltr'>IV</span> <span class='ocrx_word' id='word_1_191' title='bbox 1159 3040 1174 3067; x_wconf 87' lang='lat'>,</span> <span class='ocrx_word' id='word_1_192' title='bbox 1206 3003 1322 3075; x_wconf 77' lang='grc'><strong>694.</strong></span> <span class='ocrx_word' id='word_1_193' title='bbox 1348 3031 1414 3043; x_wconf 90' lang='grc'>-</span> <span class='ocrx_word' id='word_1_194' title='bbox 1446 3006 1678 3073; x_wconf 68' lang='lat' dir='ltr'>laquei,</span> 
     </span>
     <span class='ocr_line' id='line_1_30' title="bbox 662 3081 1227 3149; baseline -0.011 -11"><span class='ocrx_word' id='word_1_195' title='bbox 662 3083 854 3139; x_wconf 87' lang='lat' dir='ltr'>scilicet</span> <span class='ocrx_word' id='word_1_196' title='bbox 875 3081 1008 3135; x_wconf 86' lang='lat' dir='ltr'>collo</span> <span class='ocrx_word' id='word_1_197' title='bbox 1031 3081 1227 3149; x_wconf 82' lang='lat' dir='ltr'>injecti.</span> 
     </span>
    </p>

    <p class='ocr_par' dir='ltr' id='par_1_15' title="bbox 658 3158 1682 3531">
     <span class='ocr_line' id='line_1_31' title="bbox 727 3158 1682 3234; baseline -0.002 -19"><span class='ocrx_word' id='word_1_198' title='bbox 727 3162 843 3234; x_wconf 79' lang='lat'>389.</span> <span class='ocrx_word' id='word_1_199' title='bbox 865 3162 1017 3213; x_wconf 79' lang='lat' dir='ltr'>Muta</span> <span class='ocrx_word' id='word_1_200' title='bbox 1031 3163 1151 3212; x_wconf 77' lang='lat' dir='ltr'>silet</span> <span class='ocrx_word' id='word_1_201' title='bbox 1163 3158 1363 3212; x_wconf 89' lang='lat' dir='ltr'>dictum</span> <span class='ocrx_word' id='word_1_202' title='bbox 1379 3169 1438 3211; x_wconf 91' lang='lat' dir='ltr'>ut</span> <span class='ocrx_word' id='word_1_203' title='bbox 1453 3168 1591 3213; x_wconf 85' lang='lat' dir='ltr'>muta</span> <span class='ocrx_word' id='word_1_204' title='bbox 1604 3166 1682 3213; x_wconf 81' lang='lat' dir='ltr'>si-</span> 
     </span>
     <span class='ocr_line' id='line_1_32' title="bbox 658 3236 1679 3304; baseline -0.001 -10"><span class='ocrx_word' id='word_1_205' title='bbox 658 3245 846 3303; x_wconf 76' lang='lat' dir='ltr'>lentia,</span> <span class='ocrx_word' id='word_1_206' title='bbox 889 3257 1041 3292; x_wconf 81' lang='lat' dir='ltr'>versu</span> <span class='ocrx_word' id='word_1_207' title='bbox 1068 3239 1131 3290; x_wconf 87' lang='lat'>53</span> <span class='ocrx_word' id='word_1_208' title='bbox 1153 3279 1166 3299; x_wconf 86' lang='lat'>‚</span> <span class='ocrx_word' id='word_1_209' title='bbox 1196 3247 1251 3291; x_wconf 91' lang='lat' dir='ltr'>et</span> <span class='ocrx_word' id='word_1_210' title='bbox 1278 3236 1388 3304; x_wconf 83' lang='lat' dir='ltr'>IV,</span> <span class='ocrx_word' id='word_1_211' title='bbox 1429 3238 1525 3302; x_wconf 84' lang='lat'>433</span> <span class='ocrx_word' id='word_1_212' title='bbox 1547 3278 1563 3304; x_wconf 82' lang='lat'><strong>,</strong></span> <span class='ocrx_word' id='word_1_213' title='bbox 1589 3240 1679 3293; x_wconf 89' lang='lat' dir='ltr'>ubi</span> 
     </span>
     <span class='ocr_line' id='line_1_33' title="bbox 659 3317 1680 3378; baseline -0.002 -6"><span class='ocrx_word' id='word_1_214' title='bbox 659 3319 779 3374; x_wconf 78' lang='lat' dir='ltr'>vide</span> <span class='ocrx_word' id='word_1_215' title='bbox 801 3329 1001 3372; x_wconf 89' lang='lat' dir='ltr'>notam.</span> <span class='ocrx_word' id='word_1_216' title='bbox 1026 3346 1093 3359; x_wconf 90' lang='lat'>—</span> <span class='ocrx_word' id='word_1_217' title='bbox 1115 3319 1167 3370; x_wconf 83' lang='lat' dir='ltr'><em>T</em></span> <span class='ocrx_word' id='word_1_218' title='bbox 1158 3324 1313 3378; x_wconf 82' lang='lat' dir='ltr'>uetur,</span> <span class='ocrx_word' id='word_1_219' title='bbox 1340 3317 1597 3371; x_wconf 89' lang='lat' dir='ltr'>intuetur.</span> <span class='ocrx_word' id='word_1_220' title='bbox 1613 3347 1680 3361; x_wconf 86' lang='lat'>-·</span> 
     </span>
     <span class='ocr_line' id='line_1_34' title="bbox 669 3395 1678 3467; baseline -0.001 -15"><span class='ocrx_word' id='word_1_221' title='bbox 669 3401 850 3453; x_wconf 72' lang='lat' dir='ltr'>Tarde</span> <span class='ocrx_word' id='word_1_222' title='bbox 872 3396 1061 3450; x_wconf 82' lang='lat' dir='ltr'>referri</span> <span class='ocrx_word' id='word_1_223' title='bbox 1082 3395 1292 3467; x_wconf 86' lang='lat' dir='ltr'>proprie</span> <span class='ocrx_word' id='word_1_224' title='bbox 1315 3395 1580 3451; x_wconf 77' lang='lat' dir='ltr'>debuisset</span> <span class='ocrx_word' id='word_1_225' title='bbox 1612 3398 1678 3451; x_wconf 94' lang='lat' dir='ltr'>ad</span> 
     </span>
     <span class='ocr_line' id='line_1_35' title="bbox 658 3480 943 3531; baseline -0.018 0"><span class='ocrx_word' id='word_1_226' title='bbox 658 3480 943 3531; x_wconf 75' lang='lat' dir='ltr'>conamina.</span> 
     </span>
    </p>

    <p class='ocr_par' dir='ltr' id='par_1_16' title="bbox 639 3551 1680 4406">
     <span class='ocr_line' id='line_1_36' title="bbox 639 3551 1676 3627; baseline -0.002 -19"><span class='ocrx_word' id='word_1_227' title='bbox 639 3592 641 3596; x_wconf 32' lang='grc' dir='ltr'><em>ψ</em></span> <span class='ocrx_word' id='word_1_228' title='bbox 723 3556 836 3627; x_wconf 76' lang='lat'>391.</span> <span class='ocrx_word' id='word_1_229' title='bbox 878 3555 1141 3620; x_wconf 76' lang='lat' dir='ltr'>canosque</span> <span class='ocrx_word' id='word_1_230' title='bbox 1176 3570 1295 3604; x_wconf 83' lang='lat' dir='ltr'>suos</span> <span class='ocrx_word' id='word_1_231' title='bbox 1313 3591 1331 3615; x_wconf 80' lang='grc'><strong>.</strong></span> <span class='ocrx_word' id='word_1_232' title='bbox 1376 3562 1475 3606; x_wconf 82' lang='lat' dir='ltr'>etc.</span> <span class='ocrx_word' id='word_1_233' title='bbox 1526 3551 1676 3606; x_wconf 86' lang='lat' dir='ltr'>Olim</span> 
     </span>
     <span class='ocr_line' id='line_1_37' title="bbox 659 3629 1680 3700; baseline -0.001 -13"><span class='ocrx_word' id='word_1_234' title='bbox 659 3633 888 3687; x_wconf 80' lang='lat' dir='ltr'>alumnae</span> <span class='ocrx_word' id='word_1_235' title='bbox 901 3629 1194 3683; x_wconf 83' lang='lat' dir='ltr'>nudaverat</span> <span class='ocrx_word' id='word_1_236' title='bbox 1216 3631 1369 3700; x_wconf 87' lang='lat' dir='ltr'>plena</span> <span class='ocrx_word' id='word_1_237' title='bbox 1386 3630 1529 3685; x_wconf 88' lang='lat' dir='ltr'>lactis</span> <span class='ocrx_word' id='word_1_238' title='bbox 1549 3632 1680 3686; x_wconf 86' lang='lat' dir='ltr'>ube-</span> 
     </span>
     <span class='ocr_line' id='line_1_38' title="bbox 659 3709 1675 3778; baseline -0.002 -12"><span class='ocrx_word' id='word_1_239' title='bbox 659 3732 718 3766; x_wconf 89' lang='lat' dir='ltr'>ra</span> <span class='ocrx_word' id='word_1_240' title='bbox 736 3751 751 3778; x_wconf 89' lang='lat'><strong>,</strong></span> <span class='ocrx_word' id='word_1_241' title='bbox 787 3730 933 3764; x_wconf 90' lang='lat' dir='ltr'>nunc</span> <span class='ocrx_word' id='word_1_242' title='bbox 955 3715 1150 3763; x_wconf 65' lang='lat' dir='ltr'>enam&#39;a.</span> <span class='ocrx_word' id='word_1_243' title='bbox 1192 3709 1459 3763; x_wconf 77' lang='lat' dir='ltr'>Solemnis</span> <span class='ocrx_word' id='word_1_244' title='bbox 1496 3721 1675 3764; x_wconf 87' lang='lat' dir='ltr'>autem</span> 
     </span>
     <span class='ocr_line' id='line_1_39' title="bbox 657 3787 1676 3845; baseline -0.003 0"><span class='ocrx_word' id='word_1_245' title='bbox 657 3791 769 3845; x_wconf 76' lang='lat' dir='ltr'>haec</span> <span class='ocrx_word' id='word_1_246' title='bbox 791 3787 1060 3842; x_wconf 89' lang='lat' dir='ltr'>nutricum</span> <span class='ocrx_word' id='word_1_247' title='bbox 1085 3798 1139 3841; x_wconf 90' lang='lat' dir='ltr'>et</span> <span class='ocrx_word' id='word_1_248' title='bbox 1167 3799 1400 3841; x_wconf 86' lang='lat' dir='ltr'>matrum</span> <span class='ocrx_word' id='word_1_249' title='bbox 1437 3789 1676 3842; x_wconf 85' lang='lat' dir='ltr'>obtesta-</span> 
     </span>
     <span class='ocr_line' id='line_1_40' title="bbox 656 3866 1675 3936; baseline -0.003 -14"><span class='ocrx_word' id='word_1_250' title='bbox 656 3869 730 3923; x_wconf 87' lang='lat' dir='ltr'>tio</span> <span class='ocrx_word' id='word_1_251' title='bbox 749 3891 763 3932; x_wconf 83' lang='lat'>;</span> <span class='ocrx_word' id='word_1_252' title='bbox 781 3866 901 3920; x_wconf 78' lang='lat' dir='ltr'>vide</span> <span class='ocrx_word' id='word_1_253' title='bbox 923 3866 1224 3919; x_wconf 86' lang='lat' dir='ltr'>Homerum</span> <span class='ocrx_word' id='word_1_254' title='bbox 1244 3905 1259 3932; x_wconf 89' lang='lat'><strong>,</strong></span> <span class='ocrx_word' id='word_1_255' title='bbox 1286 3868 1343 3920; x_wconf 88' lang='lat' dir='ltr'>ll.</span> <span class='ocrx_word' id='word_1_256' title='bbox 1364 3866 1414 3919; x_wconf 89' lang='grc' dir='ltr'><strong>Χ</strong></span> <span class='ocrx_word' id='word_1_257' title='bbox 1430 3906 1444 3931; x_wconf 86' lang='grc'><em>,</em></span> <span class='ocrx_word' id='word_1_258' title='bbox 1471 3870 1533 3920; x_wconf 84' lang='grc'>80</span> <span class='ocrx_word' id='word_1_259' title='bbox 1549 3887 1643 3936; x_wconf 90' lang='lat' dir='ltr'>sqq</span> <span class='ocrx_word' id='word_1_260' title='bbox 1661 3888 1675 3931; x_wconf 74' lang='lat'>3</span> 
     </span>
     <span class='ocr_line' id='line_1_41' title="bbox 656 3943 1677 4013; baseline -0.003 -15"><span class='ocrx_word' id='word_1_261' title='bbox 656 3944 918 3998; x_wconf 83' lang='lat' dir='ltr'>Senecam</span> <span class='ocrx_word' id='word_1_262' title='bbox 936 3983 952 4010; x_wconf 89' lang='lat'>,</span> <span class='ocrx_word' id='word_1_263' title='bbox 976 3943 1139 4013; x_wconf 86' lang='lat' dir='ltr'>Hipp.</span> <span class='ocrx_word' id='word_1_264' title='bbox 1156 3943 1280 4010; x_wconf 77' lang='lat'>246,</span> <span class='ocrx_word' id='word_1_265' title='bbox 1304 3954 1357 3997; x_wconf 91' lang='lat' dir='ltr'>et</span> <span class='ocrx_word' id='word_1_266' title='bbox 1378 3944 1538 3997; x_wconf 86' lang='lat' dir='ltr'>Herc.</span> <span class='ocrx_word' id='word_1_267' title='bbox 1560 3945 1677 3997; x_wconf 91' lang='lat' dir='ltr'>OEt.</span> 
     </span>
     <span class='ocr_line' id='line_1_42' title="bbox 657 4025 1677 4097; baseline -0.001 -18"><span class='ocrx_word' id='word_1_268' title='bbox 657 4029 774 4097; x_wconf 68' lang='lat'>925.</span> <span class='ocrx_word' id='word_1_269' title='bbox 790 4055 856 4067; x_wconf 94' lang='lat'><strong>—</strong></span> <span class='ocrx_word' id='word_1_270' title='bbox 880 4025 1184 4096; x_wconf 82' lang='lat' dir='ltr'>Scheppero</span> <span class='ocrx_word' id='word_1_271' title='bbox 1206 4046 1312 4080; x_wconf 89' lang='lat' dir='ltr'>non</span> <span class='ocrx_word' id='word_1_272' title='bbox 1338 4027 1505 4096; x_wconf 87' lang='lat' dir='ltr'>placet</span> <span class='ocrx_word' id='word_1_273' title='bbox 1523 4032 1677 4081; x_wconf 60' lang='lat' dir='ltr'>ricu-</span> 
     </span>
     <span class='ocr_line' id='line_1_43' title="bbox 658 4104 1675 4176; baseline 0.002 -22"><span class='ocrx_word' id='word_1_274' title='bbox 658 4123 755 4154; x_wconf 87' lang='lat' dir='ltr'>nas</span> <span class='ocrx_word' id='word_1_275' title='bbox 769 4144 782 4164; x_wconf 88' lang='lat'>‚</span> <span class='ocrx_word' id='word_1_276' title='bbox 809 4104 1024 4173; x_wconf 79' lang='lat' dir='ltr'>corrigit</span> <span class='ocrx_word' id='word_1_277' title='bbox 1044 4124 1170 4174; x_wconf 83' lang='lat' dir='ltr'>ergo</span> <span class='ocrx_word' id='word_1_278' title='bbox 1187 4145 1202 4171; x_wconf 91' lang='lat'>,</span> <span class='ocrx_word' id='word_1_279' title='bbox 1221 4116 1275 4158; x_wconf 90' lang='lat' dir='ltr'>et</span> <span class='ocrx_word' id='word_1_280' title='bbox 1294 4105 1484 4176; x_wconf 88' lang='lat' dir='ltr'>repetit</span> <span class='ocrx_word' id='word_1_281' title='bbox 1501 4124 1675 4158; x_wconf 83' lang='lat' dir='ltr'>canos.</span> 
     </span>
     <span class='ocr_line' id='line_1_44' title="bbox 657 4178 1676 4249; baseline 0.004 -18"><span class='ocrx_word' id='word_1_282' title='bbox 657 4205 724 4218; x_wconf 91' lang='lat'><em>-</em></span> <span class='ocrx_word' id='word_1_283' title='bbox 752 4178 904 4249; x_wconf 77' lang='lat' dir='ltr'>Regii</span> <span class='ocrx_word' id='word_1_284' title='bbox 927 4182 1090 4234; x_wconf 88' lang='lat' dir='ltr'>nostri</span> <span class='ocrx_word' id='word_1_285' title='bbox 1127 4181 1322 4236; x_wconf 82' lang='lat' dir='ltr'>babent</span> <span class='ocrx_word' id='word_1_286' title='bbox 1354 4200 1545 4246; x_wconf 83' lang='lat' dir='ltr'>cunas,·</span> <span class='ocrx_word' id='word_1_287' title='bbox 1575 4201 1676 4236; x_wconf 90' lang='lat' dir='ltr'>nec</span> 
     </span>
     <span class='ocr_line' id='line_1_45' title="bbox 656 4259 1674 4315; baseline 0.004 -4"><span class='ocrx_word' id='word_1_288' title='bbox 656 4267 767 4311; x_wconf 89' lang='lat' dir='ltr'>erat</span> <span class='ocrx_word' id='word_1_289' title='bbox 784 4277 878 4311; x_wconf 88' lang='lat' dir='ltr'>cur</span> <span class='ocrx_word' id='word_1_290' title='bbox 891 4259 1002 4313; x_wconf 71' lang='lat' dir='ltr'>haec</span> <span class='ocrx_word' id='word_1_291' title='bbox 1018 4259 1166 4313; x_wconf 82' lang='lat' dir='ltr'>lectio</span> <span class='ocrx_word' id='word_1_292' title='bbox 1181 4261 1559 4315; x_wconf 70' lang='lat' dir='ltr'>sollicitaretur.</span> <span class='ocrx_word' id='word_1_293' title='bbox 1572 4265 1674 4315; x_wconf 77' lang='lat' dir='ltr'>Ed.</span> 
     </span>
     <span class='ocr_line' id='line_1_46' title="bbox 724 4335 1678 4406; baseline 0.007 -19"><span class='ocrx_word' id='word_1_294' title='bbox 724 4335 836 4406; x_wconf 80' lang='lat'>393.</span> <span class='ocrx_word' id='word_1_295' title='bbox 853 4339 1137 4406; x_wconf 71' lang='lat' dir='ltr'>Rogantem</span> <span class='ocrx_word' id='word_1_296' title='bbox 1150 4348 1400 4395; x_wconf 67' lang='lat' dir='ltr'>arenata.</span> <span class='ocrx_word' id='word_1_297' title='bbox 1414 4340 1577 4394; x_wconf 87' lang='lat' dir='ltr'>Multi</span> <span class='ocrx_word' id='word_1_298' title='bbox 1589 4360 1678 4394; x_wconf 82' lang='lat' dir='ltr'>ra-</span> 
     </span>
    </p>
   </div>
   <div class='ocr_carea' id='block_1_12' title="bbox 1754 2056 2855 4414">
    <p class='ocr_par' dir='ltr' id='par_1_17' title="bbox 1773 2056 2809 3845">
     <span class='ocr_line' id='line_1_47' title="bbox 1783 2056 2809 2127; baseline 0.002 -19"><span class='ocrx_word' id='word_1_299' title='bbox 1783 2056 1929 2126; x_wconf 84' lang='lat' dir='ltr'>quod</span> <span class='ocrx_word' id='word_1_300' title='bbox 1942 2058 2153 2127; x_wconf 84' lang='lat' dir='ltr'>signum</span> <span class='ocrx_word' id='word_1_301' title='bbox 2172 2068 2251 2111; x_wconf 90' lang='lat' dir='ltr'>est</span> <span class='ocrx_word' id='word_1_302' title='bbox 2266 2069 2566 2111; x_wconf 83' lang='lat' dir='ltr'>contemtus</span> <span class='ocrx_word' id='word_1_303' title='bbox 2582 2068 2637 2111; x_wconf 89' lang='lat' dir='ltr'>et</span> <span class='ocrx_word' id='word_1_304' title='bbox 2658 2078 2809 2111; x_wconf 81' lang='lat' dir='ltr'>aver-</span> 
     </span>
     <span class='ocr_line' id='line_1_48' title="bbox 1779 2135 2806 2207; baseline 0.002 -20"><span class='ocrx_word' id='word_1_305' title='bbox 1779 2135 2008 2189; x_wconf 80' lang='lat' dir='ltr'>sationis.</span> <span class='ocrx_word' id='word_1_306' title='bbox 2039 2160 2064 2183; x_wconf 80' lang='lat'>»</span> <span class='ocrx_word' id='word_1_307' title='bbox 2102 2138 2233 2190; x_wconf 76' lang='lat' dir='ltr'>Haec</span> <span class='ocrx_word' id='word_1_308' title='bbox 2268 2138 2633 2207; x_wconf 86' lang='lat' dir='ltr'>interpretatio</span> <span class='ocrx_word' id='word_1_309' title='bbox 2673 2137 2806 2190; x_wconf 81' lang='lat' dir='ltr'>mihi</span> 
     </span>
     <span class='ocr_line' id='line_1_49' title="bbox 1780 2214 2805 2279; baseline 0.003 -13"><span class='ocrx_word' id='word_1_310' title='bbox 1780 2214 1939 2267; x_wconf 90' lang='lat' dir='ltr'>nimis</span> <span class='ocrx_word' id='word_1_311' title='bbox 1950 2234 2131 2267; x_wconf 80' lang='lat' dir='ltr'>severa</span> <span class='ocrx_word' id='word_1_312' title='bbox 2148 2214 2357 2268; x_wconf 80' lang='lat' dir='ltr'>videtur</span> <span class='ocrx_word' id='word_1_313' title='bbox 2374 2238 2387 2279; x_wconf 87' lang='lat'>;</span> <span class='ocrx_word' id='word_1_314' title='bbox 2404 2216 2545 2268; x_wconf 90' lang='lat' dir='ltr'>nulla</span> <span class='ocrx_word' id='word_1_315' title='bbox 2562 2227 2640 2269; x_wconf 84' lang='lat' dir='ltr'>est</span> <span class='ocrx_word' id='word_1_316' title='bbox 2652 2235 2805 2269; x_wconf 87' lang='lat' dir='ltr'>causa</span> 
     </span>
     <span class='ocr_line' id='line_1_50' title="bbox 1779 2293 2804 2365; baseline 0.002 -19"><span class='ocrx_word' id='word_1_317' title='bbox 1779 2312 1875 2346; x_wconf 91' lang='lat' dir='ltr'>cur</span> <span class='ocrx_word' id='word_1_318' title='bbox 1888 2293 2112 2365; x_wconf 76' lang='lat' dir='ltr'>Myrrha</span> <span class='ocrx_word' id='word_1_319' title='bbox 2128 2294 2391 2347; x_wconf 84' lang='lat' dir='ltr'>nutricem</span> <span class='ocrx_word' id='word_1_320' title='bbox 2405 2314 2556 2349; x_wconf 89' lang='lat' dir='ltr'>suam</span> <span class='ocrx_word' id='word_1_321' title='bbox 2569 2306 2804 2349; x_wconf 90' lang='lat' dir='ltr'>contem·</span> 
     </span>
     <span class='ocr_line' id='line_1_51' title="bbox 1780 2371 2805 2440; baseline 0.003 -16"><span class='ocrx_word' id='word_1_322' title='bbox 1780 2382 1872 2424; x_wconf 90' lang='lat' dir='ltr'>nat</span> <span class='ocrx_word' id='word_1_323' title='bbox 1888 2383 2043 2440; x_wconf 89' lang='lat' dir='ltr'>atque</span> <span class='ocrx_word' id='word_1_324' title='bbox 2061 2371 2371 2438; x_wconf 78' lang='lat' dir='ltr'>detestetur3</span> <span class='ocrx_word' id='word_1_325' title='bbox 2389 2393 2500 2427; x_wconf 86' lang='lat' dir='ltr'>non</span> <span class='ocrx_word' id='word_1_326' title='bbox 2515 2374 2645 2427; x_wconf 89' lang='lat' dir='ltr'>alius</span> <span class='ocrx_word' id='word_1_327' title='bbox 2658 2393 2805 2427; x_wconf 89' lang='lat' dir='ltr'>nem·</span> 
     </span>
     <span class='ocr_line' id='line_1_52' title="bbox 1779 2452 2802 2524; baseline 0.005 -21"><span class='ocrx_word' id='word_1_328' title='bbox 1779 2470 1844 2521; x_wconf 88' lang='lat' dir='ltr'>pe</span> <span class='ocrx_word' id='word_1_329' title='bbox 1866 2470 2048 2505; x_wconf 85' lang='lat' dir='ltr'>sensus</span> <span class='ocrx_word' id='word_1_330' title='bbox 2064 2452 2235 2505; x_wconf 88' lang='lat' dir='ltr'>verbis</span> <span class='ocrx_word' id='word_1_331' title='bbox 2263 2456 2444 2524; x_wconf 49' lang='lat' dir='ltr'>Gyen}</span> <span class='ocrx_word' id='word_1_332' title='bbox 2462 2453 2668 2508; x_wconf 86' lang='lat' dir='ltr'>dandus</span> <span class='ocrx_word' id='word_1_333' title='bbox 2691 2465 2802 2519; x_wconf 83' lang='lat' dir='ltr'>est;</span> 
     </span>
     <span class='ocr_line' id='line_1_53' title="bbox 1778 2531 2801 2602; baseline 0.001 -18"><span class='ocrx_word' id='word_1_334' title='bbox 1778 2540 1830 2585; x_wconf 93' lang='lat' dir='ltr'>et</span> <span class='ocrx_word' id='word_1_335' title='bbox 1852 2531 2002 2585; x_wconf 89' lang='lat' dir='ltr'>aliter</span> <span class='ocrx_word' id='word_1_336' title='bbox 2024 2531 2430 2602; x_wconf 85' lang='lat' dir='ltr'>intelligendum</span> <span class='ocrx_word' id='word_1_337' title='bbox 2448 2543 2527 2586; x_wconf 86' lang='lat' dir='ltr'>est</span> <span class='ocrx_word' id='word_1_338' title='bbox 2540 2543 2801 2596; x_wconf 74' lang='lat' dir='ltr'>aversata,</span> 
     </span>
     <span class='ocr_line' id='line_1_54' title="bbox 1780 2610 2803 2681; baseline 0.002 -19"><span class='ocrx_word' id='word_1_339' title='bbox 1780 2610 1921 2680; x_wconf 86' lang='lat' dir='ltr'>quod</span> <span class='ocrx_word' id='word_1_340' title='bbox 1946 2611 2046 2663; x_wconf 89' lang='lat' dir='ltr'>boc</span> <span class='ocrx_word' id='word_1_341' title='bbox 2069 2611 2185 2664; x_wconf 91' lang='lat' dir='ltr'>loco</span> <span class='ocrx_word' id='word_1_342' title='bbox 2209 2621 2289 2663; x_wconf 88' lang='lat' dir='ltr'>est</span> <span class='ocrx_word' id='word_1_343' title='bbox 2309 2611 2616 2681; x_wconf 82' lang='lat' dir='ltr'>simpliciter</span> <span class='ocrx_word' id='word_1_344' title='bbox 2640 2632 2803 2665; x_wconf 83' lang='lat' dir='ltr'>aver-</span> 
     </span>
     <span class='ocr_line' id='line_1_55' title="bbox 1780 2687 2805 2759; baseline 0.004 -20"><span class='ocrx_word' id='word_1_345' title='bbox 1780 2696 1897 2741; x_wconf 89' lang='lat' dir='ltr'>tens</span> <span class='ocrx_word' id='word_1_346' title='bbox 1917 2687 2124 2741; x_wconf 82' lang='lat' dir='ltr'>vultum</span> <span class='ocrx_word' id='word_1_347' title='bbox 2158 2707 2189 2740; x_wconf 88' lang='lat' dir='ltr'>a</span> <span class='ocrx_word' id='word_1_348' title='bbox 2224 2689 2430 2742; x_wconf 87' lang='lat' dir='ltr'>nutrice</span> <span class='ocrx_word' id='word_1_349' title='bbox 2452 2728 2467 2755; x_wconf 89' lang='lat'><strong>,</strong></span> <span class='ocrx_word' id='word_1_350' title='bbox 2513 2708 2621 2759; x_wconf 78' lang='lat' dir='ltr'>prae</span> <span class='ocrx_word' id='word_1_351' title='bbox 2654 2700 2805 2743; x_wconf 85' lang='lat' dir='ltr'>metu</span> 
     </span>
     <span class='ocr_line' id='line_1_56' title="bbox 1780 2766 2801 2839; baseline 0.003 -19"><span class='ocrx_word' id='word_1_352' title='bbox 1780 2777 1870 2820; x_wconf 90' lang='lat' dir='ltr'>aut</span> <span class='ocrx_word' id='word_1_353' title='bbox 1892 2766 2227 2820; x_wconf 87' lang='lat' dir='ltr'>verecundia.</span> <span class='ocrx_word' id='word_1_354' title='bbox 2276 2768 2364 2822; x_wconf 91' lang='lat' dir='ltr'>Sic</span> <span class='ocrx_word' id='word_1_355' title='bbox 2384 2768 2521 2839; x_wconf 88' lang='lat' dir='ltr'>apud</span> <span class='ocrx_word' id='word_1_356' title='bbox 2551 2770 2760 2823; x_wconf 82' lang='lat' dir='ltr'>Livium</span> <span class='ocrx_word' id='word_1_357' title='bbox 2786 2810 2801 2838; x_wconf 89' lang='lat'>,</span> 
     </span>
     <span class='ocr_line' id='line_1_57' title="bbox 1777 2846 2800 2918; baseline 0.003 -17"><span class='ocrx_word' id='word_1_358' title='bbox 1777 2846 1867 2902; x_wconf 91' lang='lat' dir='ltr'>lib.</span> <span class='ocrx_word' id='word_1_359' title='bbox 1894 2848 1978 2903; x_wconf 94' lang='lat'>111</span> <span class='ocrx_word' id='word_1_360' title='bbox 2004 2887 2019 2913; x_wconf 87' lang='lat'>‚</span> <span class='ocrx_word' id='word_1_361' title='bbox 2056 2853 2155 2901; x_wconf 87' lang='lat' dir='ltr'>sed</span> <span class='ocrx_word' id='word_1_362' title='bbox 2169 2853 2271 2902; x_wconf 76' lang='lat' dir='ltr'>alii</span> <span class='ocrx_word' id='word_1_363' title='bbox 2286 2860 2582 2904; x_wconf 68' lang='lat' dir='ltr'>aversantur</span> <span class='ocrx_word' id='word_1_364' title='bbox 2593 2870 2800 2918; x_wconf 77' lang='lat' dir='ltr'>preces,</span> 
     </span>
     <span class='ocr_line' id='line_1_58' title="bbox 1778 2927 2805 2987; baseline 0.004 -10"><span class='ocrx_word' id='word_1_365' title='bbox 1778 2935 1873 2978; x_wconf 84' lang='lat' dir='ltr'>aut</span> <span class='ocrx_word' id='word_1_366' title='bbox 1892 2929 2192 2979; x_wconf 73' lang='lat' dir='ltr'>verecundia</span> <span class='ocrx_word' id='word_1_367' title='bbox 2207 2967 2221 2987; x_wconf 87' lang='lat'><strong><em>‚</em></strong></span> <span class='ocrx_word' id='word_1_368' title='bbox 2248 2935 2339 2980; x_wconf 76' lang='lat' dir='ltr'>aut</span> <span class='ocrx_word' id='word_1_369' title='bbox 2367 2937 2499 2979; x_wconf 79' lang='lat' dir='ltr'>metu</span> <span class='ocrx_word' id='word_1_370' title='bbox 2518 2947 2534 2978; x_wconf 80' lang='grc'>.-</span> <span class='ocrx_word' id='word_1_371' title='bbox 2554 2927 2638 2979; x_wconf 84' lang='lat' dir='ltr'>hic</span> <span class='ocrx_word' id='word_1_372' title='bbox 2657 2927 2805 2981; x_wconf 82' lang='lat' dir='ltr'>loeus</span> 
     </span>
     <span class='ocr_line' id='line_1_59' title="bbox 1779 3005 2799 3074; baseline 0 -17"><span class='ocrx_word' id='word_1_373' title='bbox 1779 3015 1962 3058; x_wconf 87' lang='lat' dir='ltr'>nostro</span> <span class='ocrx_word' id='word_1_374' title='bbox 1980 3005 2132 3074; x_wconf 86' lang='lat' dir='ltr'>plane</span> <span class='ocrx_word' id='word_1_375' title='bbox 2150 3016 2228 3058; x_wconf 87' lang='lat' dir='ltr'>est</span> <span class='ocrx_word' id='word_1_376' title='bbox 2251 3005 2461 3074; x_wconf 44' lang='lat' dir='ltr'>simili„</span> <span class='ocrx_word' id='word_1_377' title='bbox 2488 3024 2548 3056; x_wconf 80' lang='lat' dir='ltr'>ex</span> <span class='ocrx_word' id='word_1_378' title='bbox 2569 3023 2676 3073; x_wconf 91' lang='lat' dir='ltr'>quo</span> <span class='ocrx_word' id='word_1_379' title='bbox 2694 3005 2799 3057; x_wconf 85' lang='lat' dir='ltr'>sor·</span> 
     </span>
     <span class='ocr_line' id='line_1_60' title="bbox 1776 3082 2801 3151; baseline 0 -15"><span class='ocrx_word' id='word_1_380' title='bbox 1776 3102 1871 3136; x_wconf 86' lang='lat' dir='ltr'>san</span> <span class='ocrx_word' id='word_1_381' title='bbox 1910 3082 2067 3151; x_wconf 91' lang='lat' dir='ltr'>aliqui</span> <span class='ocrx_word' id='word_1_382' title='bbox 2094 3122 2110 3149; x_wconf 89' lang='lat'>,</span> <span class='ocrx_word' id='word_1_383' title='bbox 2150 3082 2420 3136; x_wconf 83' lang='lat' dir='ltr'>Mediceus</span> <span class='ocrx_word' id='word_1_384' title='bbox 2456 3082 2647 3135; x_wconf 87' lang='lat' dir='ltr'>scilicet</span> <span class='ocrx_word' id='word_1_385' title='bbox 2676 3120 2691 3148; x_wconf 89' lang='lat'>,</span> <span class='ocrx_word' id='word_1_386' title='bbox 2745 3094 2801 3136; x_wconf 88' lang='lat' dir='ltr'>et</span> 
     </span>
     <span class='ocr_line' id='line_1_61' title="bbox 1780 3160 2801 3233; baseline 0.001 -19"><span class='ocrx_word' id='word_1_387' title='bbox 1780 3162 2003 3232; x_wconf 81' lang='lat' dir='ltr'>Argent.</span> <span class='ocrx_word' id='word_1_388' title='bbox 2019 3172 2074 3214; x_wconf 90' lang='lat' dir='ltr'>et</span> <span class='ocrx_word' id='word_1_389' title='bbox 2095 3160 2277 3233; x_wconf 83' lang='lat' dir='ltr'>Thysii</span> <span class='ocrx_word' id='word_1_390' title='bbox 2299 3200 2313 3228; x_wconf 84' lang='lat'>‚</span> <span class='ocrx_word' id='word_1_391' title='bbox 2340 3182 2433 3231; x_wconf 88' lang='lat' dir='ltr'>pro</span> <span class='ocrx_word' id='word_1_392' title='bbox 2451 3169 2704 3228; x_wconf 66' lang='lat' dir='ltr'>rogantem</span> <span class='ocrx_word' id='word_1_393' title='bbox 2722 3162 2801 3215; x_wconf 87' lang='lat' dir='ltr'>in-</span> 
     </span>
     <span class='ocr_line' id='line_1_62' title="bbox 1776 3241 2798 3310; baseline 0 -16"><span class='ocrx_word' id='word_1_394' title='bbox 1776 3251 2034 3295; x_wconf 80' lang='lat' dir='ltr'>vexerunt</span> <span class='ocrx_word' id='word_1_395' title='bbox 2044 3251 2349 3309; x_wconf 79' lang='lat' dir='ltr'>precantem.</span> <span class='ocrx_word' id='word_1_396' title='bbox 2395 3241 2573 3295; x_wconf 87' lang='lat' dir='ltr'>Etiam</span> <span class='ocrx_word' id='word_1_397' title='bbox 2602 3241 2798 3310; x_wconf 60' lang='lat' dir='ltr'>Quin,-</span> 
     </span>
     <span class='ocr_line' id='line_1_63' title="bbox 1777 3322 2802 3391; baseline 0.001 -15"><span class='ocrx_word' id='word_1_398' title='bbox 1777 3322 2014 3390; x_wconf 86' lang='lat' dir='ltr'>tilianus,</span> <span class='ocrx_word' id='word_1_399' title='bbox 2035 3324 2205 3390; x_wconf 88' lang='lat' dir='ltr'>V111,</span> <span class='ocrx_word' id='word_1_400' title='bbox 2225 3324 2254 3376; x_wconf 87' lang='lat'>3</span> <span class='ocrx_word' id='word_1_401' title='bbox 2271 3363 2286 3389; x_wconf 91' lang='lat'>,</span> <span class='ocrx_word' id='word_1_402' title='bbox 2311 3343 2403 3391; x_wconf 71' lang='lat' dir='ltr'>ego</span> <span class='ocrx_word' id='word_1_403' title='bbox 2415 3325 2802 3377; x_wconf 80' lang='lat' dir='ltr'>certenu‘bicer-</span> 
     </span>
     <span class='ocr_line' id='line_1_64' title="bbox 1776 3405 2799 3471; baseline 0.001 -17"><span class='ocrx_word' id='word_1_404' title='bbox 1776 3420 1891 3455; x_wconf 87' lang='lat' dir='ltr'>nere</span> <span class='ocrx_word' id='word_1_405' title='bbox 1897 3405 2075 3454; x_wconf 83' lang='lat' dir='ltr'>videor</span> <span class='ocrx_word' id='word_1_406' title='bbox 2083 3420 2248 3454; x_wconf 81' lang='lat' dir='ltr'>eoram</span> <span class='ocrx_word' id='word_1_407' title='bbox 2264 3407 2357 3471; x_wconf 71' lang='lat' dir='ltr'>que·</span> <span class='ocrx_word' id='word_1_408' title='bbox 2364 3406 2579 3455; x_wconf 80' lang='lat' dir='ltr'>aderant</span> <span class='ocrx_word' id='word_1_409' title='bbox 2587 3407 2799 3455; x_wconf 78' lang='lat' dir='ltr'>tacitam</span> 
     </span>
     <span class='ocr_line' id='line_1_65' title="bbox 1773 3482 2798 3533; baseline 0.001 -3"><span class='ocrx_word' id='word_1_410' title='bbox 1773 3483 2136 3532; x_wconf 72' lang='lat' dir='ltr'>aversationem</span> <span class='ocrx_word' id='word_1_411' title='bbox 2177 3499 2242 3532; x_wconf 90' lang='lat' dir='ltr'>ac</span> <span class='ocrx_word' id='word_1_412' title='bbox 2280 3482 2513 3533; x_wconf 79' lang='lat' dir='ltr'>timidam</span> <span class='ocrx_word' id='word_1_413' title='bbox 2550 3498 2798 3532; x_wconf 71' lang='lat' dir='ltr'>wrecan-</span> 
     </span>
     <span class='ocr_line' id='line_1_66' title="bbox 1773 3555 2796 3624; baseline 0.001 -18"><span class='ocrx_word' id='word_1_414' title='bbox 1773 3556 1926 3606; x_wconf 74' lang='lat' dir='ltr'>diam.</span> <span class='ocrx_word' id='word_1_415' title='bbox 1972 3556 2050 3608; x_wconf 85' lang='lat' dir='ltr'>Ex</span> <span class='ocrx_word' id='word_1_416' title='bbox 2077 3556 2264 3624; x_wconf 90' lang='lat' dir='ltr'>quibus</span> <span class='ocrx_word' id='word_1_417' title='bbox 2299 3556 2508 3609; x_wconf 87' lang='lat' dir='ltr'>nullum</span> <span class='ocrx_word' id='word_1_418' title='bbox 2543 3555 2610 3610; x_wconf 90' lang='lat' dir='ltr'>de</span> <span class='ocrx_word' id='word_1_419' title='bbox 2641 3574 2796 3609; x_wconf 88' lang='lat' dir='ltr'>sensu</span> 
     </span>
     <span class='ocr_line' id='line_1_67' title="bbox 1773 3633 2798 3706; baseline 0.005 -21"><span class='ocrx_word' id='word_1_420' title='bbox 1773 3633 1909 3687; x_wconf 87' lang='lat' dir='ltr'>illius</span> <span class='ocrx_word' id='word_1_421' title='bbox 1931 3635 2075 3688; x_wconf 83' lang='lat' dir='ltr'>verbi</span> <span class='ocrx_word' id='word_1_422' title='bbox 2099 3655 2367 3706; x_wconf 85' lang='lat' dir='ltr'>superesse</span> <span class='ocrx_word' id='word_1_423' title='bbox 2400 3636 2625 3690; x_wconf 85' lang='lat' dir='ltr'>dubium</span> <span class='ocrx_word' id='word_1_424' title='bbox 2653 3647 2798 3706; x_wconf 89' lang='lat' dir='ltr'>puto.</span> 
     </span>
     <span class='ocr_line' id='line_1_68' title="bbox 1775 3714 2807 3782; baseline 0.002 -18"><span class='ocrx_word' id='word_1_425' title='bbox 1775 3714 1876 3766; x_wconf 83' lang='lat' dir='ltr'>Ed.</span> <span class='ocrx_word' id='word_1_426' title='bbox 1899 3741 1966 3753; x_wconf 93' lang='lat'>—</span> <span class='ocrx_word' id='word_1_427' title='bbox 1989 3716 2139 3767; x_wconf 84' lang='lat' dir='ltr'>Certa</span> <span class='ocrx_word' id='word_1_428' title='bbox 2160 3724 2269 3778; x_wconf 84' lang='lat' dir='ltr'>est,</span> <span class='ocrx_word' id='word_1_429' title='bbox 2309 3727 2367 3768; x_wconf 89' lang='lat' dir='ltr'>ut</span> <span class='ocrx_word' id='word_1_430' title='bbox 2393 3716 2471 3770; x_wconf 88' lang='lat' dir='ltr'>IX</span> <span class='ocrx_word' id='word_1_431' title='bbox 2498 3754 2513 3782; x_wconf 87' lang='lat'>,</span> <span class='ocrx_word' id='word_1_432' title='bbox 2541 3717 2606 3782; x_wconf 78' lang='grc'>43</span> <span class='ocrx_word' id='word_1_433' title='bbox 2631 3755 2648 3778; x_wconf 81' lang='lat'>‚</span> <span class='ocrx_word' id='word_1_434' title='bbox 2677 3718 2807 3768; x_wconf 78' lang='lat' dir='ltr'>certi</span> 
     </span>
     <span class='ocr_line' id='line_1_69' title="bbox 1773 3797 2083 3845; baseline 0.006 -2"><span class='ocrx_word' id='word_1_435' title='bbox 1773 3811 1874 3844; x_wconf 87' lang='lat' dir='ltr'>non</span> <span class='ocrx_word' id='word_1_436' title='bbox 1896 3797 2083 3845; x_wconf 75' lang='lat' dir='ltr'>cedem.</span> 
     </span>
    </p>

    <p class='ocr_par' dir='ltr' id='par_1_18' title="bbox 1774 3871 2800 4097">
     <span class='ocr_line' id='line_1_70' title="bbox 1830 3871 2800 3943; baseline 0.004 -21"><span class='ocrx_word' id='word_1_437' title='bbox 1830 3871 1944 3940; x_wconf 78' lang='lat'>395.</span> <span class='ocrx_word' id='word_1_438' title='bbox 1954 3873 2055 3923; x_wconf 83' lang='lat' dir='ltr'>Nec</span> <span class='ocrx_word' id='word_1_439' title='bbox 2066 3874 2230 3923; x_wconf 77' lang='lat' dir='ltr'>solam</span> <span class='ocrx_word' id='word_1_440' title='bbox 2242 3882 2338 3926; x_wconf 89' lang='lat' dir='ltr'>etc.</span> <span class='ocrx_word' id='word_1_441' title='bbox 2354 3873 2493 3926; x_wconf 88' lang='lat' dir='ltr'>Nota</span> <span class='ocrx_word' id='word_1_442' title='bbox 2508 3873 2563 3926; x_wconf 88' lang='lat' dir='ltr'>in</span> <span class='ocrx_word' id='word_1_443' title='bbox 2579 3891 2776 3943; x_wconf 88' lang='lat' dir='ltr'>sequen</span> <span class='ocrx_word' id='word_1_444' title='bbox 2786 3902 2800 3912; x_wconf 93' lang='lat'><strong>·</strong></span> 
     </span>
     <span class='ocr_line' id='line_1_71' title="bbox 1775 3949 2797 4019; baseline 0.003 -17"><span class='ocrx_word' id='word_1_445' title='bbox 1775 3949 1914 4002; x_wconf 88' lang='lat' dir='ltr'>tibus</span> <span class='ocrx_word' id='word_1_446' title='bbox 1934 3968 2151 4019; x_wconf 87' lang='lat' dir='ltr'>operam</span> <span class='ocrx_word' id='word_1_447' title='bbox 2178 3961 2232 4004; x_wconf 85' lang='lat' dir='ltr'>et</span> <span class='ocrx_word' id='word_1_448' title='bbox 2253 3950 2589 4004; x_wconf 87' lang='lat' dir='ltr'>sedulitatem</span> <span class='ocrx_word' id='word_1_449' title='bbox 2611 3952 2797 4005; x_wconf 84' lang='lat' dir='ltr'>nutri-</span> 
     </span>
     <span class='ocr_line' id='line_1_72' title="bbox 1774 4027 2797 4097; baseline 0.001 -18"><span class='ocrx_word' id='word_1_450' title='bbox 1774 4027 1873 4091; x_wconf 85' lang='lat' dir='ltr'>cis,</span> <span class='ocrx_word' id='word_1_451' title='bbox 1898 4046 1999 4095; x_wconf 89' lang='lat' dir='ltr'>qua</span> <span class='ocrx_word' id='word_1_452' title='bbox 2027 4046 2142 4081; x_wconf 88' lang='lat' dir='ltr'>rem</span> <span class='ocrx_word' id='word_1_453' title='bbox 2159 4027 2399 4097; x_wconf 79' lang='lat' dir='ltr'>exquirit.</span> <span class='ocrx_word' id='word_1_454' title='bbox 2420 4029 2547 4081; x_wconf 88' lang='lat' dir='ltr'>Post</span> <span class='ocrx_word' id='word_1_455' title='bbox 2560 4032 2797 4096; x_wconf 78' lang='lat' dir='ltr'>spondere</span> 
     </span>
    </p>

    <p class='ocr_par' dir='ltr' id='par_1_19' title="bbox 1754 4106 2855 4414">
     <span class='ocr_line' id='line_1_73' title="bbox 1754 4106 2795 4176; baseline 0 -18"><span class='ocrx_word' id='word_1_456' title='bbox 1754 4109 1916 4175; x_wconf 81' lang='lat' dir='ltr'>fidem</span> <span class='ocrx_word' id='word_1_457' title='bbox 1934 4106 2157 4159; x_wconf 87' lang='lat' dir='ltr'>debebat</span> <span class='ocrx_word' id='word_1_458' title='bbox 2174 4107 2342 4175; x_wconf 85' lang='lat' dir='ltr'>sequi,</span> <span class='ocrx_word' id='word_1_459' title='bbox 2355 4106 2447 4159; x_wconf 89' lang='lat' dir='ltr'>sed</span> <span class='ocrx_word' id='word_1_460' title='bbox 2463 4125 2620 4176; x_wconf 87' lang='lat' dir='ltr'>opem</span> <span class='ocrx_word' id='word_1_461' title='bbox 2636 4108 2795 4159; x_wconf 88' lang='lat' dir='ltr'>etiam</span> 
     </span>
     <span class='ocr_line' id='line_1_74' title="bbox 1772 4185 2795 4239; baseline -0.003 -1"><span class='ocrx_word' id='word_1_462' title='bbox 1772 4186 1928 4239; x_wconf 83' lang='lat' dir='ltr'>serre.</span> <span class='ocrx_word' id='word_1_463' title='bbox 1955 4185 2160 4237; x_wconf 81' lang='lat' dir='ltr'>Verum</span> <span class='ocrx_word' id='word_1_464' title='bbox 2187 4186 2409 4239; x_wconf 80' lang='lat' dir='ltr'>mutavit</span> <span class='ocrx_word' id='word_1_465' title='bbox 2427 4186 2725 4238; x_wconf 88' lang='lat' dir='ltr'>orationem</span> <span class='ocrx_word' id='word_1_466' title='bbox 2741 4191 2795 4235; x_wconf 86' lang='lat' dir='ltr'>et</span> 
     </span>
     <span class='ocr_line' id='line_1_75' title="bbox 1772 4261 2799 4336; baseline -0.006 -19"><span class='ocrx_word' id='word_1_467' title='bbox 1772 4264 2037 4317; x_wconf 84' lang='lat' dir='ltr'>nutricem</span> <span class='ocrx_word' id='word_1_468' title='bbox 2062 4263 2227 4333; x_wconf 88' lang='lat' dir='ltr'>ipsam</span> <span class='ocrx_word' id='word_1_469' title='bbox 2247 4264 2554 4333; x_wconf 87' lang='lat' dir='ltr'>loquentem</span> <span class='ocrx_word' id='word_1_470' title='bbox 2573 4261 2799 4336; x_wconf 24' lang='lat' dir='ltr'>induxit..</span> 
     </span>
     <span class='ocr_line' id='line_1_76' title="bbox 1773 4338 2855 4414; baseline -0.005 -18"><span class='ocrx_word' id='word_1_471' title='bbox 1773 4342 1887 4413; x_wconf 68' lang='lat' dir='ltr'>§qq</span> <span class='ocrx_word' id='word_1_472' title='bbox 1913 4341 1979 4397; x_wconf 88' lang='lat' dir='ltr'>de</span> <span class='ocrx_word' id='word_1_473' title='bbox 2007 4342 2215 4412; x_wconf 86' lang='lat' dir='ltr'>surore,</span> <span class='ocrx_word' id='word_1_474' title='bbox 2243 4362 2405 4412; x_wconf 86' lang='lat' dir='ltr'>quem</span> <span class='ocrx_word' id='word_1_475' title='bbox 2428 4342 2619 4414; x_wconf 85' lang='lat' dir='ltr'>philtra</span> <span class='ocrx_word' id='word_1_476' title='bbox 2641 4338 2791 4396; x_wconf 79' lang='lat' dir='ltr'>exci-</span> <span class='ocrx_word' id='word_1_477' title='bbox 2854 4353 2855 4356; x_wconf 74' lang='grc'>’</span> 
     </span>
    </p>
   </div>
  </div>
 </body>
</html>
