3185 5138
704 570 1756 681 METAMORPHOSEON
1801 574 1994 643 LIB.
2048 579 2192 643 XI.

2385 580 2511 644 283

386 712 539 811 Ipsa
575 727 798 805 getan
833 710 1215 811 reditusque
1251 710 1381 784 sibi
1416 712 1753 812 promittit
1790 713 2033 787 inanes„

389 825 727 901 Omnibus
758 823 872 898 illa
906 824 1170 926 quidem
1205 826 1479 927 Superis
1509 827 1622 928 pia
1655 844 1800 900 tura
1830 828 2117 903 ferebat:

388 943 564 1017 Ante
596 958 814 1016 tamen
849 958 1123 1015 cunctos
1149 943 1440 1015 Junonis
1476 943 1718 1045 templa
1752 944 2047 1032 colebat;

391 1059 660 1159 Proque
687 1055 829 1130 viro
850 1111 869 1143 ,
907 1056 1021 1157 qui
1056 1056 1281 1131 nullus
1317 1077 1484 1147 erat,
1521 1061 1830 1135 veniebat
1861 1063 1942 1136 ad
1979 1092 2156 1150 aras;

393 1177 619 1275 thue
653 1174 826 1247 foret
859 1200 1091 1273 sospes
1142 1175 1380 1273 conjux
1417 1206 1578 1251 suus
1599 1234 1618 1265 ,
1655 1197 1861 1281 utque
1888 1180 2161 1270 rediret,

2427 1203 2525 1257 580

397 1291 732 1392 Optabat,
767 1288 1151 1391 nullamque
1187 1291 1319 1365 sibi
1346 1293 1683 1393 praeserret
1721 1326 1738 1369 :
1774 1314 1842 1369 at
1877 1295 1977 1369 illi

396 1410 542 1483 Hoc
577 1409 660 1482 de
695 1425 794 1481 tot
826 1407 1002 1482 votis
1032 1425 1297 1510 poterat
1329 1410 1713 1507 contingere
1751 1411 1990 1485 solum.

491 1526 587 1598 At
618 1525 760 1598 Dea
788 1553 926 1598 non
959 1524 1137 1602 ultra
1168 1553 1294 1626 pro
1330 1526 1557 1599 functo
1588 1545 1804 1601 morte
1837 1528 2055 1625 rogari

397 1639 731 1728 Sustinet3
769 1657 977 1740 utque
1009 1668 1240 1714 manus
1279 1639 1575 1715 funestas
1607 1660 1823 1715 arceat
1854 1643 2017 1729 aris3

400 1791 433 1822 «
472 1755 591 1843 Iri,
627 1785 820 1845 meae,
862 1755 1064 1844 dixit,
1099 1755 1419 1830 fidissima
1450 1758 1685 1832 nuntia
1721 1760 1936 1848 vocis,
2427 1783 2522 1837 585

397 1906 434 1938 »
472 1872 629 1946 Vise
663 1870 1097 1973 soporiferam
1129 1872 1362 1945 Somni
1387 1872 1700 1950 velociter
1733 1874 1987 1963 aulam3

404 2022 438 2053 »
474 1989 937 2090 Exstinctique
967 1988 1127 2087 jube
1165 1989 1395 2090 Ceycis
1431 1989 1715 2086 imagine
1750 1993 1969 2065 mittat

402 2137 435 2171 ι)
474 2104 743 2178 Somnia
774 2104 859 2179 ad
895 2103 1277 2205 Halcyonen
1300 2161 1318 2191 ,
1355 2134 1545 2180 veros
1578 2106 1894 2181 imitantia
1931 2135 2140 2181 casus.
2183 2143 2216 2171 »

390 2298 698 2354 festinanter
724 2300 852 2354 texit
873 2321 888 2365 ς
916 2299 1036 2353 vide
1059 2298 1124 2352 ad
1152 2300 1228 2353 lx
1250 2340 1265 2367 ,
1297 2301 1409 2355 586.

392 2381 647 2432 —Inaais
666 2381 855 2431 reditas
871 2419 884 2441 ,
923 2397 1086 2447 quem
1105 2378 1233 2432 salso
1261 2379 1410 2432 nobis

394 2457 750 2527 promittimus
767 2496 782 2523 ,
801 2461 1252 2526 speramus.—Pia
1265 2468 1400 2519 tura,

395 2555 510 2606 quae
534 2536 712 2589 animo
734 2536 820 2605 pio
844 2535 1152 2604 adolentur,
1181 2555 1409 2607 quorum

393 2617 587 2670 oblatio
601 2616 847 2685 pietatem
862 2615 1101 2671 declarat.
1115 2617 1203 2672 Sic
1219 2622 1410 2671 blanda

392 2707 508 2750 tara
522 2695 695 2749 Tibul.
713 2695 796 2749 ΠΙ
817 2734 832 2761 ,
851 2711 918 2748 111
935 2735 951 2761 ,
966 2716 996 2749 ιι
1016 2696 1407 2764 3sarpiam111,

391 2790 472 2840 w,
500 2793 575 2827 to.
602 2773 681 2827 Ea
699 2812 714 2839 ,
744 2792 813 2827 ne
837 2773 962 2842 quid
980 2793 1071 2828 sua
1090 2775 1247 2844 ipsius
1262 2776 1412 2846 culpa

393 2851 585 2904 marito
626 2850 883 2904 accideret
905 2889 921 2919 ,
968 2851 1159 2905 mulier
1196 2853 1412 2907 sollicita

389 2928 545 2984 dabat
560 2933 790 2982 omuibus
802 2931 1002 2998 Superis
1015 2971 1028 2992 ,
1047 2930 1136 2984 sed
1154 2931 1412 3002 imprimis

390 3011 609 3070 Iunoni,
637 3028 753 3078 que
783 3020 1004 3078 preerat
1033 3010 1374 3064 matrimonio
1394 3051 1410 3078 ,

389 3084 547 3154 (toreli-
559 3106 667 3155 qao
677 3090 918 3154 presidet
930 3092 1071 3140 alma
1085 3094 1287 3142 maritis·
1301 3090 1412 3142 He·

390 3162 521 3215 roid.
543 3165 631 3231 11,
656 3168 713 3231 4¹
734 3166 773 3230 ).
799 3166 1141 3218 Pro-Iunonis·
1163 3165 1415 3220 Heinsius

391 3242 618 3297 malebat
639 3245 881 3298 Jaaonia.
903 3273 972 3285 —
1003 3246 1176 3298 Colere
1195 3249 1381 3312 templa
1396 3286 1410 3308 ,

395 3318 540 3371 adire
555 3321 747 3389 templa
759 3322 933 3391 ibique
947 3332 1002 3375 et
1012 3342 1191 3392 preces
1203 3334 1257 3376 et
1272 3339 1415 3377 sacra

394 3394 582 3448 facere.
620 3401 861 3451 Venerat-i
877 3404 1064 3467 templa
1085 3401 1211 3455 dixit
1238 3402 1419 3471 Virgi-

395 3473 522 3540 lius,
539 3474 665 3528 AEn.
692 3477 803 3543 111,
824 3480 1083 3545 84.—Que·
1093 3485 1262 3534 nullas
1276 3491 1412 3545 erat,

396 3554 486 3622 qui
514 3563 720 3606 mortus
747 3565 875 3607 erat.
902 3556 991 3609 Sic
1013 3576 1168 3626 supra
1194 3596 1210 3624 ,
1252 3562 1414 3623 Quam

394 3635 572 3685 vellen
587 3633 899 3699 nallaforem
913 3632 928 3687 .·’
947 3643 1001 3686 et
1014 3652 1137 3687 mox
1151 3655 1284 3688 vers.
1300 3638 1415 3704 684.

464 3713 578 3764 581.
596 3713 675 3763 At
686 3714 771 3762 illi
779 3713 875 3764 boc
961 3716 1136 3765 saluas.
1159 3715 1418 3768 Maximo-

394 3807 518 3858 pere
554 3788 931 3859 improbandus
960 3792 1072 3845 talis
1104 3794 1249 3862 jocus
1273 3793 1328 3847 in
1357 3814 1416 3849 re

395 3875 503 3918 tam
530 3867 678 3920 tristi.

459 3944 570 3997 583.
595 3946 675 3998 At
692 3947 809 3997 Dea
826 3964 926 3998 noa
938 3949 1084 3999 ultra.
1103 3948 1253 4002 Juno
1273 3966 1419 4001 sorn-

393 4021 546 4075 nium
557 4023 720 4078 mittit
729 4025 1030 4098 Halcyone.
1046 4026 1153 4081 Sed
1171 4028 1269 4081 hoc
1280 4048 1418 4081 com-

394 4101 553 4156 mode
576 4104 646 4156 ita
667 4106 943 4171 tractavit,
970 4116 1030 4159 ut
1052 4106 1242 4159 Somni
1260 4107 1419 4160 Som-

393 4183 716 4253 niorumque
734 4185 1111 4257 mythologiam
1133 4186 1389 4240 intexeret
1404 4227 1419 4254 ,

393 4268 667 4331 totamque
683 4264 1043 4317 narrationem
1061 4264 1281 4318 mirifice
1304 4265 1421 4317 ani—

395 4352 580 4396 maret.
593 4342 659 4396 Iu
671 4342 905 4413 longiore
922 4353 1102 4399 autem
1115 4343 1212 4399 hac
1226 4343 1418 4399 Somni

1508 2300 1853 2370 descriptione
1865 2321 2019 2356 suum
2034 2302 2308 2373 ingenium
2321 2314 2528 2357 secutus

1508 2400 1618 2434 esse
1645 2381 1853 2435 videtur
1877 2381 2100 2435 Ovidius
2122 2421 2136 2446 ,
2174 2401 2402 2451 eumque
2428 2402 2526 2435 ex-

1509 2461 1691 2530 pressit
1711 2461 1908 2514 Statius
1925 2461 2093 2514 Theb.
2118 2462 2167 2515 X
2185 2501 2199 2526 ,
2230 2482 2291 2534 79
2312 2480 2423 2531 sqq.
2444 2463 2526 2515 Ab

1509 2540 1619 2595 aliis
1651 2548 1863 2592 notatur
1894 2550 1950 2593 ut
1974 2539 2180 2607 iuvenis
2212 2550 2300 2593 aut
2327 2539 2529 2593 Genius

1510 2617 1591 2671 rel
1608 2617 1787 2683 alatus,
1805 2617 1882 2670 vel
1896 2617 2007 2671 siue
2022 2618 2131 2684 alis,
2148 2637 2175 2670 e
2191 2616 2349 2687 pleno
2362 2637 2527 2670 cornu

1506 2714 1756 2749 somnum
1772 2695 1827 2747 in
1846 2695 2125 2748 hominum
2143 2695 2317 2748 oculos
2333 2694 2529 2748 demit-

1508 2783 1642 2827 tens.
1666 2769 1791 2826 vid.
1818 2772 2112 2842 Lessingius
2134 2773 2188 2826 in
2212 2772 2373 2834 libro,
2417 2774 2531 2826 W'e

1509 2855 1594 2904 die
1609 2854 1763 2904 Alten
1778 2855 1874 2905 den
1897 2853 1947 2903 T
1938 2855 2011 2904 od
2015 2854 2240 2919 gemahl!
2250 2893 2262 2913 ,
2284 2863 2337 2905 et
2353 2851 2528 2903 Win-

1508 2928 1824 2983 kelmannus
1839 2929 1990 2982 Mon.
2015 2927 2153 2982 ined.
2173 2948 2222 2999 p.
2240 2931 2345 2998 147.
2375 2928 2529 2983 Conf.

1512 3010 1728 3063 Lucian.
1748 3011 1874 3064 Ver.
1900 3010 2037 3064 Hist.
2061 3021 2189 3063 tom.
2207 3010 2307 3076 IV,
2332 3029 2379 3078 p.
2396 3029 2527 3081 291-

1510 3092 1580 3161 94
1598 3129 1612 3156 ,
1627 3091 1715 3142 ubi
1728 3090 1916 3143 Somni
1933 3089 2099 3143 insula
2115 3089 2332 3142 obscura
2347 3099 2401 3141 et
2412 3087 2533 3141 urbs

1511 3168 1716 3235 copiose
1736 3208 1749 3233 ,
1780 3167 1870 3221 sed
1899 3167 2047 3220 aliter
2067 3185 2125 3219 ac
2149 3165 2198 3220 h.
2230 3166 2262 3218 Ι.
2290 3163 2532 3218 describi-

1512 3245 1974 3313 tur-Prostanna
1995 3256 2161 3298 morte.
2186 3243 2408 3297 Plurimi
2435 3244 2455 3308 (
2477 3253 2531 3295 et

1512 3332 1693 3376 noster
1716 3324 1909 3394 Regius
1930 3323 1975 3376 B
1991 3362 2005 3388 ,
2033 3340 2061 3374 a
2084 3320 2311 3375 secunda
2334 3322 2531 3386 manu)

1503 3420 1601 3468 pro
1612 3399 1798 3467 fimcli
1816 3408 1973 3453 mode
1991 3404 2240 3468 roganZ—
2252 3400 2328 3449 At
2350 3398 2481 3450 Dea.
2493 3437 2504 3449 .
2519 3435 2532 3447 .

1507 3485 1632 3531 an's.
1653 3479 1869 3531 Duabus
1885 3478 2047 3531 causis
2062 3477 2372 3529 movebatur
2386 3474 2501 3527 Dea
2517 3514 2530 3539 ,

1514 3566 1572 3608 ut
1605 3556 1884 3608 certiorem
1908 3555 2104 3607 faceret
2123 3552 2437 3622 Halcyonen
2465 3548 2532 3603 de

1513 3643 1686 3686 morte
1720 3632 1893 3685 mariti
1913 3671 1927 3696 ,
1969 3631 2199 3700 primum
2238 3647 2305 3681 ne
2339 3628 2534 3681 diutius

1511 3710 1783 3763 falleretur
1797 3709 1880 3779 pia
1895 3709 2087 3776 conjux
2100 3747 2115 3774 ‚
2135 3706 2326 3760 deinde
2342 3726 2413 3760 ne
2431 3725 2533 3759 πε

1512 3808 1620 3842 suae
1643 3788 2004 3858 polluerentur
2028 3790 2257 3839 manibus
2272 3783 2502 3851 fanestis
2519 3825 2533 3846 ‚

1514 3869 1614 3922 hoc
1635 3879 1714 3921 est
1730 3907 1745 3934 ,
1772 3867 2007 3937 conjugis
2036 3867 2148 3936 ejus
2165 3906 2179 3931 ,
2205 3865 2355 3932 cujus
2378 3861 2539 3914 mari-

1515 3957 1599 4000 tus
1633 3957 1872 4000 mortuus
1913 3954 2040 3998 erat.
2077 3941 2242 4012 Quod
2282 3940 2537 4011 posterius

1513 4027 1655 4095 justo
1680 4025 1911 4096 argutius
1935 4024 2133 4077 dictum
2156 4034 2248 4076 est.

1581 4106 1692 4158 588.
1725 4107 1880 4156 Veros
1890 4106 2150 4157 imitantia
2165 4120 2330 4154 casus.
2342 4101 2535 4166 Miror,

1516 4201 1616 4237 nec
1629 4184 1691 4237 ab
1707 4183 1927 4237 Heinsio
1940 4202 2039 4236 nec
2055 4201 2084 4234 a
2096 4182 2412 4234 Burmanno
2426 4201 2537 4234 aar·

1514 4269 1687 4317 tantia
1722 4273 1986 4317 mutatum
2024 4282 2132 4317 esse
2162 4263 2217 4315 in
2244 4267 2533 4322 imitantia,

1518 4344 1660 4414 quod
1700 4363 1893 4399 novem
1944 4344 2091 4400 MSS
2132 4345 2440 4398 auctoritate
2481 4361 2535 4394 se
