3185 5138
711 551 1801 625 METAMORPHOSEON
1840 557 2045 627 LIB.
2103 561 2250 630 XI.

2417 567 2546 632 285

408 694 566 767 Non
595 691 757 789 vigil
793 691 928 768 ales
965 693 1061 766 ibi
1101 695 1354 769 cristati
1395 697 1703 773 cantibus
1739 700 1874 774 oris
1908 710 1911 715 ’

409 810 665 882 Evocat
699 810 1062 898 Auroram3
1099 840 1222 886 nec
1258 842 1415 889 voce
1449 814 1711 889 silentia
1746 835 2067 918 rumpunt

413 924 774 998 Sollicitive
809 953 1032 1014 canes»,
1072 928 1427 1004 canibusve
1457 933 1758 1027 sagacior
1790 961 2001 1007 anser.

411 1042 569 1114 Non
602 1041 770 1130 fera,
806 1071 942 1116 uon
981 1043 1299 1143 pecudeS‚
1334 1075 1471 1120 non
1506 1048 1670 1121 moti
1702 1048 1963 1124 flamine
2002 1050 2200 1140 rami,

2443 1074 2544 1129 Goo

414 1157 812 1232 Humanaeve
847 1187 1087 1233 sonum
1119 1160 1407 1235 reddunt
1440 1164 1736 1238 convicia
1769 1163 2033 1261 linguae.

416 1272 833 1389 Mutaxquies
864 1275 1126 1350 habitat
1162 1306 1179 1349 ε
1218 1305 1377 1351 saxo
1413 1278 1629 1354 tamen
1661 1280 1796 1355 exit
1823 1282 1907 1356 ab
1947 1283 2081 1356 imo

417 1388 628 1464 Rivus
662 1419 847 1491 aquae
879 1391 1123 1466 Lethes
1154 1422 1171 1481 ;
1208 1421 1329 1495 per
1358 1423 1553 1495 quem
1584 1425 1734 1470 cum
1769 1426 2103 1473 murmure
2137 1397 2369 1473 labens

412 1504 658 1579 Invitat
691 1534 964 1581 somnos
996 1508 1477 1610 crepitantibus
1510 1512 1687 1586 unda
1717 1512 1982 1614 lapillis.

412 1697 564 1744 mus,
600 1677 706 1732 duo
737 1678 937 1734 diversa
969 1699 1110 1734 vocc.
1145 1683 1239 1734 uni
1271 1682 1432 1736 verbo

412 1755 613 1810 addidit
642 1776 656 1812 t
679 1760 841 1812 dubie
854 1762 1014 1821 lucis,
1045 1758 1163 1812 vide
1188 1761 1267 1814 lv
1285 1798 1302 1826 ,
1333 1764 1433 1827 400

410 1856 515 1905 seq.
541 1837 702 1891 Multi
722 1841 1016 1906 crepuscula
1031 1844 1212 1893 noctis.
1235 1868 1304 1880 —
1324 1840 1434 1895 Sed

410 1916 595 1983 iustius
620 1927 698 1971 est
717 1920 849 1971 lucete
872 1916 1015 1987 quod
1044 1916 1242 1971 babent
1266 1920 1433 1973 nostri

413 1993 582 2064 Regii.
607 1997 708 2049 Ed.

476 2075 589 2145 597.
615 2073 745 2125 Ales
760 2113 774 2135 ,
802 2071 963 2142 gallus
979 2070 1288 2142 gallinaceus
1304 2113 1319 2140 ,
1341 2074 1448 2151 qui,

411 2166 545 2219 sepe
564 2150 870 2220 simpliciter
893 2156 1009 2225 ὅρνις
1029 2160 1084 2203 et
1096 2154 1205 2203 ales
1225 2149 1430 2205 dicitur.

412 2254 478 2266 -—
501 2227 607 2281 Pro
643 2233 885 2281 crezrtatus
920 2231 1030 2281 ales
1070 2227 1198 2280 dixit
1235 2234 1440 2282 creti-tati

411 2309 643 2360 canavas
658 2311 764 2359 ore}
777 2347 789 2367 ,
817 2306 938 2375 quia
961 2306 1197 2373 alesiam
1214 2317 1430 2360 ornatus

411 2393 491 2435 est
511 2402 607 2437 suo
629 2383 879 2452 epitheto.
904 2382 1164 2436 Lucianus
1185 2383 1254 2436 ibi
1280 2384 1432 2452 pouit

413 2461 529 2530 galli
553 2462 814 2530 gallinacei
839 2460 1099 2530 templum
1118 2500 1134 2528 ,
1161 2461 1286 2514 etin
1304 2462 1428 2516 silva

411 2555 658 2607 magnam
676 2538 1104 2609 vespertilionum
1126 2538 1255 2593 vim.
1270 2538 1426 2610 Apud

413 2618 641 2671 Statium
659 2629 770 2671 atra
786 2618 948 2671 boum
965 2629 1205 2673 armenta
1228 2620 1282 2671 in
1304 2638 1426 2688 gra·

411 2699 554 2752 mine
567 2699 1121 2769 quiescunt—Evocat
1132 2719 1160 2753 e
1176 2699 1310 2752 mari
1320 2700 1428 2752 Au·

403 2789 573 2832 “rorans
593 2820 606 2841 ,
648 2799 764 2849 que
794 2781 1031 2849 sequitur
1055 2780 1169 2848 eius
1194 2790 1426 2833 cantum.

409 2860 659 2931 Virgilius
675 2902 690 2929 ‚
717 2860 908 2930 Geor-g.
925 2861 948 2914 1
967 2900 982 2925 ,
1001 2860 1099 2913 388
1116 2899 1132 2926 ,
1150 2863 1429 2927 vocatpln-

405 2943 536 2992 uiam
557 2945 749 2993 cornia
773 2966 839 2979 —-
861 2940 1084 2992 Solle‘cid
1100 2976 1116 3000 ,
1151 2937 1389 3008 vigilaces
1410 2958 1424 3001 ς

407 3019 566 3072 etiam
606 3018 781 3071 Livius
800 3057 815 3084 ,
842 3019 914 3084 V,
948 3020 1008 3086 47
1031 3054 1046 3082 ,
1079 3017 1244 3074 Canes
1269 3019 1426 3068 solli-

405 3102 557 3152 citum
576 3102 655 3151 ad
672 3107 942 3153 nocturnos
962 3099 1198 3165 strepitus
1216 3099 1427 3148 animal.

411 3176 617 3230 Eodem
642 3197 786 3231 nunc
813 3176 951 3229 redit
978 3193 1146 3243 saga:
1168 3216 1182 3238 ,
1219 3176 1307 3245 qui
1337 3176 1426 3228 fa-

409 3254 504 3306 cile
543 3254 912 3308 animadvertit
942 3253 1206 3323 strepitus.
1236 3254 1424 3322 Neque

409 3337 537 3384 'vero
564 3330 650 3386 hic
680 3332 904 3401 respexit
928 3330 991 3383 ad
1017 3331 1151 3385 solos
1180 3329 1429 3401 Capitolii

413 3425 621 3461 anseres
638 3418 874 3478 tempore
897 3407 1085 3460 Manlii
1105 3448 1120 3474 ,
1139 3418 1266 3463 tunc
1280 3409 1427 3462 enim

411 3487 713 3556 importune
743 3486 845 3541 hoc
876 3498 1011 3541 esset
1043 3486 1309 3557 additum,
1333 3489 1427 3543 sed

309 3597 314 3602 -
411 3563 634 3617 omnino
658 3563 721 3617 ad
746 3574 989 3617 naturam
1007 3582 1270 3618 anserum.
1286 3566 1426 3621 Vide

411 3639 477 3692 ad
500 3641 636 3697 VIII
657 3680 672 3708 ,
697 3641 812 3709 684.

472 3720 587 3774 600.
603 3724 719 3774 Non
725 3722 850 3790 sem
871 3733 969 3776 etc.
994 3724 1125 3777 Post
1147 3721 1290 3775 hunc
1306 3742 1430 3776 ver-

403 3795 523 3851 ‘sum
549 3798 722 3868 plures
748 3802 768 3866 (
789 3811 844 3852 et
861 3812 1041 3854 noster
1058 3800 1254 3869 Regius
1271 3801 1316 3855 Β
1340 3821 1430 3855 so-

407 3875 487 3928 lus
503 3915 518 3942 ,
546 3885 598 3928 et
623 3877 763 3929 inter
788 3878 987 3947 lineas)
1011 3879 1338 3947 subjungunt
1358 3879 1430 3931 is-

408 3965 523 4007 tum
543 3994 558 4022 ,
590 3958 813 4009 Germia
836 3975 930 4009 nec
951 3960 1147 4010 Pmcaee
1172 3961 1430 4008 steret-ntia

400 4042 608 4098 pectam
623 4073 637 4092 .
671 4042 761 4084 aut
792 4051 998 4099 corpora
1015 4073 1028 4094 ,
1047 4033 1259 4085 mulcet.
1288 4032 1427 4085 Pes-

406 4108 554 4162 sime.
591 4108 758 4163 Recte
795 4111 1051 4164 Heinsius
1073 4149 1090 4177 ,
1117 4109 1159 4162 si
1189 4109 1385 4163 mulcet
1409 4149 1426 4177 ,

407 4185 612 4256 inquit,
642 4187 849 4241 Procne
884 4188 1156 4242 stertentia
1185 4196 1425 4257 pectora,

408 4267 541 4320 nibil
564 4285 732 4322 causae
754 4278 832 4322 est
852 4308 867 4336 ,
895 4285 991 4321 cur
1008 4267 1129 4320 hinc
1145 4266 1428 4335 ablegetur.

411 4347 757 4410 -Conrt‘s-t‘a,
790 4365 958 4400 voces.
983 4345 1429 4403 NotatBurman·

1532 1703 1634 1738 nus
1669 1685 1951 1740 Paulinum
1976 1725 1992 1753 ,
2028 1686 2193 1757 Epist.
2220 1688 2284 1754 1,
2320 1688 2385 1741 ad
2427 1689 2548 1742 Ans.

1526 1763 1830 1831 expressisse
1861 1763 1912 1817 b.
1939 1764 1971 1818 l.
2000 1767 2139 1817 Dum
2168 1769 2299 1818 levia
2323 1768 2551 1819 humane

1526 1848 1703 1895 metuit
1725 1848 1952 1897 convtke‘a
1974 1848 2171 1913 Ie'aeguae.

1607 1921 1721 1973 603.
1767 1923 1931 1975 Rebus
1974 1941 2117 1990 aque
2158 1923 2355 1977 Lethes.
2405 1923 2549 1992 Quia

1526 1998 1852 2053 dormientes
1870 2000 2246 2056 obliviscuntur
2268 2020 2512 2055 curarum
2528 2042 2544 2069 ,

1527 2088 1805 2145 propterea
1838 2082 1972 2130 n'vus
2003 2080 2188 2129 Lethes
2211 2088 2332 2130 ante
2359 2079 2548 2132 Somni

1526 2154 1716 2206 aulam.
1745 2155 1793 2207 A
1823 2153 2147 2208 Callimacho
2182 2154 2232 2208 b.
2267 2156 2384 2209 Del.
2413 2176 2548 2209 vers.

1529 2232 1625 2297 ²34
1645 2271 1660 2298 ‚
1685 2240 1867 2289 heuto-a
1879 2236 2033 2307 «πρὶν
2047 2233 2094 2285 ei
2112 2233 2373 2286 tribuitur.
2389 2233 2547 2303 Apud

1528 2310 1678 2379 Virg.
1701 2310 1827 2363 AEn.
1850 2309 1919 2377 V,
1942 2312 2041 2376 854
2057 2348 2073 2375 ‚
2100 2312 2351 2363 letheum
2362 2330 2548 2379 aquam

1524 2386 1779 2457 inspergit
1823 2386 1879 2439 in
1918 2387 2095 2440 oculos
2138 2387 2389 2441 Palinuri.
2428 2391 2545 2458 lpse

1524 2465 1737 2518 Somnus
1758 2467 1963 2519 letheus
1981 2462 2176 2533 Georg.
2198 2467 2255 2530 1,
2278 2466 2357 2535 87.
2388 2467 2547 2536 Apud

1526 2543 1698 2615 Orpb.
1719 2544 1790 2598 H.
1809 2544 1902 2612 84,
1927 2544 1987 2611 8,
2014 2542 2247 2598 Somnus
2282 2555 2360 2598 est
2385 2543 2548 2600 frater

1525 2621 1903 2675 Lethes—Per
1911 2640 2052 2689 quem
2067 2641 2180 2674 cum
2192 2641 2436 2675 murmure
2449 2635 2550 2678 etc.

1524 2699 1773 2753 Bartbius
1796 2698 1860 2752 ad
1888 2700 2118 2752 Statium
2141 2698 2311 2752 Theb.
2332 2700 2380 2752 X
2398 2740 2413 2767 ,
2445 2702 2512 2774 96
2530 2742 2545 2770 ,

1523 2777 1648 2847 legit
1681 2780 1884 2847 querulo
1924 2797 2036 2830 cum
2073 2796 2313 2830 murmure
2355 2781 2547 2832 labens.

1523 2855 1865 2909 Burmannus
1875 2854 2072 2921 mallet,
2087 2859 2288 2923 querulo
2298 2875 2405 2925 que
2414 2876 2552 2910 mnt-

1523 2953 1684 2997 nwre,
1722 2935 1804 2987 vel
1833 2937 2001 2988 Rieu:
2026 2954 2168 3003 aque
2200 2937 2382 2989 Lethes
2396 2977 2409 2997 ‚
2444 2941 2553 2990 leni

1522 3032 1630 3081 que
1656 3033 1899 3066 murmure
1922 3017 2101 3067 labens
2128 3034 2146 3067 .·
2175 3033 2312 3069 unus
2346 3016 2546 3071 Moreti

1523 3093 1687 3144 Rebus
1694 3110 1838 3160 aque
1851 3091 2220 3162 laiss-Regii
2235 3093 2401 3146 nostri
2415 3094 2549 3147 nihil

1523 3178 1733 3222 mutant
1751 3191 1765 3232 ;
1791 3179 1847 3222 et
1868 3169 2003 3223 bene
2026 3188 2040 3222 ε
2069 3169 2187 3222 vide
2209 3188 2327 3238 qua
2344 3188 2465 3223 mox
2483 3171 2548 3224 cl.

1528 3255 1720 3319 Ge'ere‘g.
1745 3250 1846 3304 Ed.
1868 3278 1937 3291 —-
1959 3251 2079 3304 Noli
2104 3269 2224 3305 cum
2252 3251 2469 3305 Barthio
2493 3261 2549 3304 et

1523 3331 1838 3383 Burmanno
1874 3329 2074 3383 offendi
2109 3335 2247 3384 unda
2270 3349 2368 3397 per
2389 3334 2545 3383 riom

1522 3412 1723 3461 labente
1745 3448 1758 3470 ,
1789 3426 1915 3460 nam
1947 3405 2052 3460 sert
2081 3406 2182 3460 boc
2200 3424 2388 3460 ⁴sermo
2422 3407 2545 3459 Ro-

1522 3507 1666 3541 man.
1685 3489 1918 3557 poeticus
1934 3526 1949 3554 ‚
1973 3487 2063 3555 qui
2080 3505 2214 3555 sepe
2232 3491 2387 3538 n‘mm
2403 3504 2545 3553 aque

1524 3564 1677 3630 dicit,
1696 3564 1784 3616 ubi
1798 3570 1935 3630 ripas
1951 3574 2290 3632 exspectasses
2303 3601 2318 3628 ‚
2334 3572 2394 3615 ut
2405 3560 2542 3632 apud

1525 3640 1795 3695 Tibullum
1823 3679 1838 3707 ,
1875 3641 1899 3694 1
1924 3680 1940 3706 ,
1976 3657 1998 3692 1
2021 3679 2037 3707 ,
2074 3641 2151 3692 28.
2184 3640 2356 3692 Licuit
2382 3641 2543 3694 etiam

1523 3719 1748 3788 Virgilio
1773 3756 1789 3784 ‚
1826 3717 2021 3788 Georg.
2047 3719 2103 3772 11
2127 3757 2142 3784 ‚
2182 3718 2280 3784 460
2296 3757 2310 3784 ,
2336 3717 2542 3782 dicere,

1533 3799 1705 3850 Tellus
1713 3795 1900 3863 suadit
1914 3799 2060 3848 humo
2077 3802 2261 3849 vertum
2275 3834 2291 3861 ,
2320 3795 2404 3848 ubi
2425 3795 2545 3849 vide

1525 3877 1707 3948 Heyn.
1726 3873 1879 3928 Idem
1901 3873 2095 3943 Georg.
2115 3875 2213 3940 1V,
2236 3877 2351 3942 457,
2362 3871 2547 3940 fugem

1513 3954 1844 4021 perflum'na
1874 3970 1970 4021 pro
1994 3991 2008 4018 ‚
2052 3952 2109 4004 in
2146 3953 2261 4020 ripa
2298 3951 2547 4004 fluminis.

1523 4034 1686 4083 Rebus
1697 4048 1830 4098 saepe
1846 4040 1925 4083 est
1937 4029 2110 4082 alveus
2127 4051 2140 4093 ς
2159 4029 2412 4081 Horatius
2421 4066 2436 4093 ,
2455 4029 2509 4081 11
2525 4066 2541 4093 ‚

1522 4107 1634 4162 Od.
1657 4125 1726 4160 111
1742 4147 1757 4175 ,
1796 4129 1815 4160 1
1830 4128 1848 4160 ι
1871 4147 1886 4174 ,
1923 4111 2124 4160 laborat
2151 4110 2357 4179 lympha
2369 4105 2542 4173 fugax

1521 4191 1770 4253 trepidare
1795 4191 1932 4249 η’νος
1972 4186 2031 4252 1,
2050 4185 2161 4254 Ep.
2191 4203 2224 4238 x
2247 4224 2262 4252 ,
2291 4204 2346 4236 ai
2368 4224 2385 4252 ,
2412 4203 2549 4253 aqua

1516 4285 1832 4334 perpe-onum
1855 4268 2071 4333 trepidat
2084 4279 2197 4318 cum
2209 4284 2451 4319 mamam
2460 4270 2547 4317 n·-

1522 4364 1650 4399 rum.
1672 4372 1740 4385 —
1761 4346 2074 4413 crepitantes
2096 4347 2288 4412 lapilli,
2319 4353 2547 4412 quorum
2598 4370 2613 4380 ·
