3185 5138
591 563 1631 638 METAMORPHOSEON
1691 571 1887 637 LIB.
1938 570 2165 639 XIV.

2316 571 2448 658 44³

313 713 628 813 Dumque
663 713 792 786 iter
823 712 1229 787 horrendum
1265 742 1387 815 per
1421 741 1629 814 opaca
1661 714 2043 815 crepuscula
2080 717 2330 818 carpit;

321 861 356 892 α
398 830 528 902 Seu
565 830 707 902 Dea
743 846 813 901 tu
853 857 1177 928 pra-sens,
1216 857 1331 904 seu
1364 829 1490 903 Dis
1521 830 1932 924 gratissima,
1973 830 2180 919 dixit;

320 979 356 1011 »
393 946 703 1021 Numinis
740 947 952 1019 instar
982 946 1112 1020 eris
1148 974 1408 1047 semper
1437 946 1603 1019 mihi
1637 977 1652 1018 ε
1681 975 1918 1048 meque
1950 946 2212 1022 fatebor

319 1096 355 1129 »
397 1062 703 1136 Muneris
738 1089 879 1136 esse
908 1061 1048 1148 tui,
1087 1090 1233 1162 quae
1265 1090 1370 1135 me
1399 1060 1545 1137 loca
1580 1062 1818 1136 mortis
1855 1063 2037 1138 adire
2058 1121 2077 1154 ,

2357 1087 2451 1141 125

318 1209 356 1241 >2
394 1177 566 1272 Quae
596 1173 742 1248 loca
774 1203 879 1249 me
912 1174 1066 1248 visae
1093 1173 1363 1250 voluisti
1397 1175 1668 1249 evadere
1701 1176 1953 1250 mortis.

322 1328 358 1360 ι»
399 1295 533 1366 Pro
568 1294 814 1393 quibus
840 1293 1049 1369 aerias
1086 1293 1341 1367 meritis
1376 1312 1639 1368 evectus
1674 1294 1758 1367 ad
1790 1322 1985 1368 auras
2079 1301 2085 1307 ’

322 1445 356 1478 n
397 1411 677 1512 Templa
713 1411 837 1486 tibi
875 1428 1189 1499 statuam,
1230 1411 1521 1486 tribuam
1554 1411 1679 1484 tibi
1718 1413 1888 1487 turis
1921 1413 2262 1489 honorem.
2302 1448 2339 1482 n

317 1528 625 1628 Respicit
652 1528 830 1602 hunc
866 1545 1046 1601 vates
1070 1585 1089 1615 ‚
1129 1545 1195 1600 et
1227 1525 1671 1627 suspiratibus
1702 1525 1960 1601 haustis
1984 1584 2005 1616 ‚

324 1675 358 1707 «
401 1645 539 1718 Nec
573 1644 716 1717 Dea
752 1671 929 1731 sum,
968 1643 1173 1733 dixit,
1206 1671 1328 1717 nec
1365 1643 1531 1716 sacri
1566 1643 1736 1716 turis
1770 1642 2024 1718 honore

2355 1666 2450 1718 130

322 1794 360 1826 »
406 1761 790 1834 Humanum
824 1760 1092 1855 dignare
1131 1778 1331 1862 caput
1358 1789 1374 1834 ε
1409 1789 1541 1834 neu
1574 1759 1841 1850 nescius
1873 1790 2086 1851 erres,

324 1910 360 1942 »ι
397 1879 546 1951 Lux
579 1895 818 1952 aeterna
853 1876 1055 1971 mihi,
1090 1877 1504 1978 carituraque
1533 1877 1665 1952 fine
1693 1878 2005 1969 dabatur,

322 2025 359 2058 »
403 1991 474 2064 Si
508 2021 653 2067 mea
683 1992 1030 2088 virginitas
1064 1992 1320 2069 Phoebo
1356 1994 1684 2095 patuisset
1714 1996 1984 2069 amanti.
2067 2042 2076 2051 ·

328 2141 363 2172 »
404 2108 588 2182 Dum
619 2125 836 2183 tamen
870 2108 1042 2183 hanc
1076 2127 1337 2210 sperat,
1373 2110 1533 2185 dum
1567 2138 2124 2212 praecorrnmpere
2156 2110 2350 2185 donis

325 2255 360 2286 »
402 2224 518 2297 Me
553 2221 780 2324 cupit;
824 2255 858 2289 «
892 2223 1115 2319 Elige,
1148 2226 1275 2313 ait,
1311 2225 1499 2321 virgo
1535 2226 1835 2312 Cumaea,
1875 2223 2035 2324 quid
2072 2241 2305 2324 optes:
2368 2242 2459 2295 135

322 2370 360 2403 »
400 2338 673 2439 Optatis
701 2337 954 2440 potiere
989 2339 1122 2412 tuis
1152 2368 1167 2410 ε
1203 2373 1239 2404 »
1280 2367 1402 2434 ego
1437 2339 1728 2440 pulveris
1759 2339 1982 2414 hausti

323 2487 358 2518 »
403 2452 785 2559 Ostendens
822 2451 1160 2527 cumulum
1182 2509 1201 2539 ‚
1242 2472 1407 2554 quot
1442 2455 1715 2528 haberet
1751 2482 2031 2557 corpora
2066 2452 2283 2555 pulvis
2305 2509 2323 2540 ,

325 2604 360 2636 ι»
399 2571 533 2642 Tot
567 2567 731 2641 mihi
762 2566 1013 2643 natales
1048 2567 1425 2665 contingere
1459 2599 1624 2644 vana
1651 2569 1899 2666 rogavi.

325 2718 361 2750 >²
399 2684 671 2759 Excidit
700 2701 999 2785 optarem
1028 2684 1300 2783 juvenes
1335 2715 1602 2788 quoque
1634 2687 1944 2788 protinus
1979 2712 2229 2759 annos:

317 2850 483 2902 borea
499 2847 769 2919 eleganter
783 2847 998 2918 quidem
1014 2888 1029 2915 ‚
1046 2861 1106 2903 ut
1119 2849 1198 2903 Vl
1213 2889 1228 2915 ,
1246 2851 1338 2905 60:

315 2927 407 2981 sed
430 2947 583 3059 equa
603 2928 871 2997 eleganter
887 2927 1041 2982 multi
1066 2928 1213 2983 MSS
1239 2932 1339 2996 (ut

317 3016 497 3060 nonter-
584 3006 729 3075 egius
753 3006 800 3059 B
828 3007 847 3070 )
884 3009 1049 3060 mollit
1081 3010 1334 3069 laborem,

318 3082 478 3153 idque
504 3101 690 3152 parum
715 3083 860 3137 abest
875 3082 1045 3152 „quin
1075 3083 1126 3138 h.
1150 3084 1183 3137 l.
1201 3103 1340 3154 prn-

316 3159 525 3225 seram3
554 3162 638 3216 vix
660 3163 805 3217 enim
837 3182 867 3215 a
893 3161 1110 3217 librariis
1141 3163 1337 3233 prose-

317 3253 462 3295 ctum
501 3243 710 3296 videtur
738 3283 753 3309 ,
798 3262 964 3313 quum
990 3243 1149 3311 salli!
1186 3245 1340 3299 facile

319 3322 549 3389 potuerit
572 3324 739 3389 repeti
765 3342 827 3375 ex
851 3323 929 3376 Vl
945 3363 960 3390 ,
995 3324 1079 3377 6ο.

277 3416 284 3423 ·
388 3416 496 3450 122.
526 3399 705 3463 Opaca
719 3404 1026 3467 crepuscula.
1051 3402 1341 3456 Pontianus

320 3493 382 3527 ex
402 3474 565 3528 veteri
592 3475 770 3529 codice
788 3516 803 3542 ,
828 3477 1103 3533 Mediceus
1124 3490 1177 3533 et
1202 3500 1339 3535 unus

320 3552 628 3607 Basileensis
660 3553 890 3622 babent,
931 3575 1092 3622 opaca
1118 3561 1340 3612 se'leaeth.

327 3633 505 3698 Opaca
540 3636 832 3699 crepuscula
848 3672 863 3695 ,
902 3631 991 3686 lux
1025 3634 1250 3704 maligna
1287 3646 1342 3688 et

321 3709 501 3764 similis
513 3710 818 3779 crepusculo
833 3748 849 3776 ‚
868 3711 1020 3779 quale
1043 3712 1181 3782 apud
1197 3713 1343 3767 infe-

326 3807 412 3842 ros
429 3808 539 3843 esse
560 3788 693 3843 solet
708 3788 808 3843 :sic
821 3792 1035 3843 obscum
1049 3795 1344 3857 crepuscula

328 3866 392 3919 de
420 3886 633 3935 vespera
656 3867 712 3920 in
740 3876 955 3921 noctem
977 3867 1263 3922 inclinante
1289 3869 1341 3918 V

326 3942 462 3994 Fast.
485 3943 577 3996 163
594 3964 609 4007 ς
629 3942 831 3997 inferos
845 3963 972 3997 vero
984 3963 1194 4011 opacum
1204 3964 1344 3999 aaa·

325 4022 442 4071 dum
466 4018 593 4075 dicit
614 4023 665 4077 V
684 4022 905 4077 Metam.
935 4027 1064 4093 5073
1089 4024 1276 4077 Burm.

398 4101 506 4150 125.
521 4101 748 4153 Manen&
771 4119 883 4153 esse
899 4105 991 4153 tnt'.
1009 4100 1233 4155 Plurimi
1250 4103 1342 4169 (ut

324 4186 507 4251 noster
522 4177 650 4247 Reg.
670 4178 754 4243 A)
781 4181 969 4232 Munus
990 4181 1172 4233 habete
1187 4187 1343 4233 lum.

325 4257 549 4311 Muneris
572 4276 686 4312 esse
714 4263 821 4321 tui,
856 4258 1096 4326 fatebor,
1124 4278 1209 4313 me
1234 4258 1342 4314 de-

325 4335 450 4389 here
484 4355 573 4392 me
608 4354 830 4407 meaque
858 4348 1045 4393 cuncta
1082 4338 1210 4404 tibi3
1248 4339 1299 4393 V
1320 4376 1338 4406 ,

1435 2850 1533 2917 343
1545 2890 1560 2916 ‚
1596 2852 1787 2905 amatr
1807 2868 1980 2904 sums
2002 2854 2174 2903 onnia
2198 2865 2462 2901 munus.—

1433 2930 1623 2982 Aenus
1643 2947 1800 2981 auras
1823 2928 1901 2982 lx
1917 2966 1934 2995 ,
1962 2946 2075 2999 ²¹9·

1506 3007 1612 3060 128.
1644 2996 1854 3074 Tekxpla
1875 3010 1975 3059 tibi
1991 3015 2214 3058 statuant
2237 3014 2335 3058 etc.
2367 3002 2457 3058 Cf.

1437 3085 1628 3157 Virgil.
1646 3085 1697 3139 d.
1719 3086 1752 3139 l.
1774 3086 1947 3155 '71-74
1968 3126 1981 3151 ,
2008 3086 2097 3139 ubi
2120 3085 2262 3139 libris
2280 3085 2459 3158 Sibyl-

1441 3164 1561 3219 linis
1577 3165 1722 3219 hono
1752 3184 1839 3219 ern
1856 3163 2159 3218 habendum
2182 3164 2460 3233 promittit.

1437 3242 1523 3297 De
1538 3243 1685 3317 libris
1698 3244 1800 3301 illis
1812 3243 1970 3298 etiam
1988 3241 2098 3296 haec
2107 3253 2289 3295 nostra
2302 3240 2462 3293 verba

1440 3344 1499 3379 ca
1537 3324 1552 3338 “
1668 3344 1696 3378 a
1712 3343 1820 3378 esse
1839 3333 2017 3378 censet
2030 3321 2273 3393 Heynius
2286 3318 2349 3371 ad
2366 3318 2460 3370 d.l.

1436 3401 1529 3456 ned
1567 3402 1816 3456 reclamat
1854 3400 1952 3454 loci
1992 3399 2166 3453 series.
2212 3394 2460 3451 Numinis

1438 3479 1571 3533 mibi
1609 3480 1774 3534 instar
1809 3479 1911 3532 eris
1929 3517 1943 3545 ,
1978 3476 2171 3546 templa
2212 3475 2305 3530 tibi
2344 3486 2461 3529 sta-

1437 3569 1584 3613 tuam
1603 3597 1619 3625 ,
1644 3569 1699 3613 et
1721 3557 1851 3611 turis
1870 3557 2131 3611 honorem
2144 3556 2461 3609 tribuam.—

1437 3641 1545 3693 Nec
1561 3641 1680 3693 Dea
1698 3657 1835 3701 sum,
1868 3656 1959 3691 aeec
1983 3648 2100 3692 ture
2123 3636 2341 3705 dignum
2365 3636 2461 3689 hu-

1437 3736 1659 3771 manum
1685 3726 1855 3787 caput.

1522 3794 1631 3861 134.
1679 3797 2091 3861 Precorrumpeoe
2120 3796 2265 3846 donis
2288 3832 2301 3855 ,
2339 3802 2461 3845 ante

1437 3891 1779 3942 corrumpere
1796 3871 1968 3938 donis,
1986 3892 2144 3942 quam
2160 3872 2460 3926 concubitu.

1438 3949 1735 4020 Dupliciter
1774 3952 2132 4021 corrumpitur
2172 3951 2318 4020 virgo
2348 3970 2463 4017 pa-

1436 4039 1548 4083 tens
1565 4068 1580 4092 ,
1622 4046 1740 4098 que
1778 4029 1857 4083 sui
1895 4028 2044 4083 facile
2082 4029 2286 4098 copiam
2324 4028 2464 4083 facit.

1439 4107 1780 4175 ſtrcomptae
1813 4105 1972 4159 etiam
2012 4107 2091 4161 1x
2113 4145 2129 4173 ,
2169 4106 2268 4179 ²95
2292 4127 2307 4173 ς
2342 4104 2463 4160 vide

1439 4181 1503 4236 ad
1528 4201 1662 4237 vers.
1691 4186 1773 4238 5⁵.
1931 4206 1937 4211 ’

1511 4262 1619 4333 ι37.
1653 4263 1789 4329 Quot
1811 4265 2018 4317 habent
2037 4272 2136 4317 etc.
2159 4281 2298 4317 unus
2320 4263 2459 4318 Me·-

1440 4338 1617 4395 diceus
1635 4350 1757 4410 quot
1774 4343 2024 4397 haberent.
2047 4369 2113 4386 --
2127 4344 2343 4399 Era-Mi!
2360 4363 2454 4412 op·
