3185 5138
693 529 826 613 438

1255 526 1338 592 P.
1397 524 1759 593 OVIDII
1804 522 2267 592 NASONIS

694 669 821 742 Dis
855 666 1009 742 licet
1037 684 1179 742 acta
1211 667 1451 743 Deum.
1489 669 1664 741 Jano
1697 665 1844 741 loca
1875 667 2101 766 juncta
2135 666 2455 744 tenebant

2740 697 2857 766 785

694 784 939 859 Naides
972 786 1288 858 Ausoniae
1309 840 1327 871 ‚
1366 783 1586 881 gelido
1621 783 1917 857 rorantia
1952 783 2173 858 fonte:

697 903 844 978 Has
877 920 1067 998 rogat
1097 901 1449 990 auxilium,
1485 930 1605 975 nee
1634 901 1962 1003 Nymphae
1991 901 2167 1000 justa
2201 919 2533 1003 petentem
2629 913 2637 919 “

698 1022 1087 1096 Sustinuere
1125 1023 1370 1108 Deam;
1408 1048 1737 1121 venasque
1759 1076 1779 1108 ‚
1816 1038 1884 1093 et
1915 1019 2189 1094 flumina
2219 1019 2427 1096 sontis

698 1135 1002 1209 Elicuere
1034 1136 1135 1209 sui
1169 1163 1184 1207 ε
1214 1135 1512 1209 nondum
1546 1152 1766 1209 tamen
1797 1133 1974 1208 invia
2004 1135 2162 1208 Jani

705 1251 844 1323 Ora
879 1250 1165 1351 patentis
1199 1266 1420 1337 erant,
1455 1277 1673 1351 neque
1702 1249 1830 1322 iter
1858 1247 2282 1349 praecluserat
2312 1249 2513 1325 unda.

2741 1293 2852 1346 79⁰

700 1365 950 1440 Lurida
984 1384 1376 1467 supponunt
1408 1364 1691 1439 fecundo
1723 1363 1970 1440 sulfura
2007 1362 2179 1437 fonti
2200 1420 2222 1451 ‚

705 1482 1212 1583 Incenduntque
1248 1510 1434 1557 cavas
1469 1481 1764 1556 fumante
1787 1477 2113 1554 bitumine
2145 1509 2361 1555 venas.

703 1594 984 1669 Viribus
1018 1595 1124 1669 bis
1159 1595 1435 1698 aliisque
1467 1625 1674 1700 vapor
1703 1593 2073 1697 penetravit
2106 1594 2188 1667 ad
2225 1595 2355 1669 ima

703 1709 977 1798 Fontis3
1009 1726 1073 1782 et
1106 1709 1357 1811 Alpino
1387 1713 1588 1785 modo
1630 1740 1775 1812 quae
1811 1729 2056 1786 certare
2089 1710 2298 1807 rigori

704 1824 1075 1898 Audebatis
1110 1853 1331 1925 aquae,
1366 1854 1504 1900 non
1534 1826 1766 1902 ceditis
1797 1827 2070 1923 ignibus
2102 1825 2287 1928 ipsis.
2465 1937 2474 1942 ‘
2746 1849 2852 1920 -95

703 1939 1116 2016 Flammifera
1148 1941 1394 2035 gemini
1427 1941 1687 2016 fumant
1715 1942 2107 2047 adspergine
2142 1959 2371 2044 postes
2391 1998 2411 2034 ,

705 2059 1046 2160 Portaque
1072 2057 1519 2160 nequidquam
1548 2059 1784 2154 rigidis
1814 2060 2132 2162 permissa
2167 2058 2436 2132 Sabinis

666 2313 669 2314 a
704 2263 963 2323 danus,
989 2261 1248 2331 templum
1263 2261 1389 2314 Jani
1410 2300 1424 2326 ,
1452 2259 1591 2330 quod
1611 2262 1730 2315 Ro-

704 2340 877 2393 mulus
900 2338 1176 2392 oedificasse
1203 2338 1450 2393 creditur.
1477 2340 1555 2393 lbi
1578 2358 1728 2408 aque

705 2419 899 2474 calide.
914 2421 1089 2474 Varro
1106 2420 1171 2474 de
1191 2421 1341 2490 Ling.
1365 2421 1476 2474 Lat.
1494 2423 1526 2487 4
1548 2440 1562 2474 2
1582 2422 1729 2474 Lan-

705 2503 826 2553 {01ae
847 2518 884 2550 a
904 2502 1124 2553 lavando
1150 2519 1167 2553 .·
1192 2501 1331 2568 quod
1345 2503 1424 2551 ibt
1439 2500 1515 2552 ad
1534 2501 1725 2551 Jaaeum

704 2582 954 2645 geminum
984 2598 1125 2647 aqua·
1148 2582 1330 2631 calide
1344 2577 1554 2647 fuerim.
1592 2577 1728 2631 Inde

708 2666 824 2708 orta
848 2655 1025 2709 sabula
1042 2696 1058 2722 ,
1085 2656 1149 2710 de
1172 2676 1273 2725 qua
1299 2656 1365 2711 cf.
1384 2656 1518 2709 Fast.
1539 2656 1562 2708 Ι
1585 2694 1602 2722 ,
1634 2656 1729 2709 265

707 2753 832 2804 sqq;
857 2734 1187 2798 Macrobius,
1206 2734 1420 2787 Saturn.
1447 2734 1503 2796 1,
1531 2753 1590 2806 9³
1610 2732 1729 2791 Ser·

710 2814 825 2866 vius
849 2812 914 2865 ad
936 2813 1060 2866 AEn.
1080 2814 1105 2866 1
1120 2852 1134 2878 ,
1158 2813 1402 2884 395.—-ln
1423 2811 1535 2883 ipso
1552 2812 1730 2881 praelio

710 2909 877 2958 quum
910 2889 1160 2958 sugerent
1196 2889 1455 2956 Romani,
1492 2890 1730 2959 precibus

709 2968 925 3023 Romuli
944 2986 1092 3037 aque
1108 2968 1283 3021 calide
1296 2969 1543 3020 scaturire
1561 2986 1731 3037 (παρε-

708 3058 835 3099 runt
852 3086 867 3112 ,
893 3047 1078 3114 quibus
1115 3046 1299 3099 Sabini
1333 3046 1580 3115 prohibiti
1607 3057 1731 3105 sunt

711 3125 980 3177 Romanos
1014 3123 1231 3177 ulterius
1264 3125 1540 3192 persequi;
1577 3135 1732 3192 poeta

708 3212 887 3254 autem
918 3200 1156 3271 precibus
1186 3199 1411 3255 Veneris
1442 3201 1494 3254 id
1526 3201 1731 3256 factum

713 3278 872 3333 fuisse
898 3279 985 3333 ait.
1009 3281 1110 3332 Ed.

779 3360 889 3429 78⁴7.
915 3361 1036 3412 Has
1069 3367 1227 3426 rogat.
1269 3359 1425 3412 Unus
1458 3357 1734 3412 Mediceus

710 3440 830 3492 Has
854 3445 1016 3507 petit.
1070 3447 1128 3492 ut
1162 3438 1228 3492 sit
1261 3438 1504 3508 repetitio
1536 3437 1734 3492 ovidio

707 3516 995 3570 familiaris.
1010 3546 1076 3558 —
1094 3520 1209 3570 Non
1237 3524 1452 3571 sustine!
1471 3517 1693 3571 alterurn
1712 3555 1728 3583 ‚

713 3597 803 3665 qui
843 3615 952 3649 non
980 3598 1200 3650 sustinet
1234 3596 1281 3649 ei
1318 3616 1509 3667 negare
1532 3636 1547 3662 ‚
1589 3595 1733 3665 quod

708 3674 967 3747 petierat,
999 3674 1090 3742 qui
1115 3694 1221 3727 nou
1251 3685 1420 3745 potest
1440 3693 1553 3727 non
1584 3674 1733 3727 satis-

708 3748 883 3806 facere
902 3753 1016 3820 eius
1035 3752 1303 3822 precibu„
1327 3751 1518 3806 Cicero
1534 3751 1598 3804 ad
1612 3751 1732 3805 Div.

711 3831 791 3887 xl
806 3871 821 3896 ,
846 3832 904 3884 13
924 3870 937 3895 ,
971 3830 1132 3895 Quum
1153 3836 1395 3883 sustinere
1408 3849 1496 3884 eos
1511 3849 1736 3898 nonpos-

602 3932 613 3939 ·
710 3920 824 3972 set‚·
860 3907 1075 3973 Livius,
1122 3908 1342 3975 XXXI,
1388 3909 1478 3973 13,
1522 3911 1736 3962 Senatus

710 3996 967 4054 querentes
1008 4004 1097 4038 eos
1141 4006 1242 4039 non
1273 3992 1525 4039 sustinuit.
1567 3987 1733 4056 Quod

712 4062 797 4115 hic
822 4062 1083 4134 Nymphis
1120 4064 1398 4130 tribuitur,
1434 4063 1488 4117 id
1511 4063 1608 4118 sibi
1639 4064 1735 4134 ipsi

711 4139 942 4194 vindicat
968 4143 1004 4195 J
1012 4162 1141 4198 anus
1157 4183 1172 4209 ‚
1195 4145 1329 4198 Fast.
1350 4144 1374 4197 1
1397 4183 1412 4209 ,
1430 4144 1527 4215 269
1547 4163 1735 4213 sqq.—

712 4221 880 4271 Janus
901 4233 1114 4284 palens,
1153 4222 1408 4291 templum
1432 4223 1559 4275 Jani
1584 4234 1732 4276 tem-

709 4314 840 4367 pore
863 4296 982 4352 belli
1007 4309 1225 4367 patens;
1256 4300 1304 4354 F
1306 4310 1395 4354 ast.
1418 4301 1443 4353 1
1458 4339 1475 4369 ,
1501 4320 1598 4373 ²79
1615 4339 1631 4367 ‚
1660 4302 1735 4355 Ut

1811 2265 2001 2330 populo
2022 2263 2214 2313 reddas
2225 2267 2446 2327 pateant
2467 2260 2546 2311 ad
2563 2261 2696 2313 bella
2713 2280 2845 2327 pro-

1808 2337 1954 2404 fecto
1964 2379 1976 2398 ‚
2014 2340 2144 2389 Tota
2150 2347 2298 2405 pate!
2311 2340 2479 2389 demta
2480 2338 2653 2404 janua
2665 2346 2843 2390 nostm

1822 2434 1952 2467 sera.
1969 2414 2312 2483 Quamquam
2336 2413 2387 2466 id
2404 2413 2622 2468 demum
2640 2413 2840 2469 factum

1824 2489 1949 2544 iude
1993 2510 2022 2543 a
2072 2499 2308 2559 tempore
2351 2490 2540 2543 Numae
2579 2490 2843 2561 Pompilii.

1824 2569 1967 2624 Male
1992 2572 2305 2624 Bersmaun.
2329 2590 2358 2623 e
2384 2569 2693 2639 quibusdam
2717 2592 2843 2641 pre·

1822 2647 1929 2701 fert
1938 2655 2181 2716 parentis,
2197 2649 2317 2717 quia
2326 2650 2362 2702 J
2365 2668 2495 2702 anus
2507 2650 2666 2704 Pater
2678 2648 2844 2703 dictus

1825 2738 1929 2790 est;
1957 2728 2187 2782 Lactant.
2216 2729 2343 2781 lust.
2368 2729 2448 2781 lv
2465 2767 2482 2796 ‚
2511 2730 2558 2782 3.
2586 2757 2652 2769 —
2677 2731 2846 2798 Neque

1824 2807 1933 2860 vim
1958 2808 2245 2877 explicandi
2275 2808 2433 2862 habet
2456 2848 2472 2875 ,
2507 2820 2568 2862 ut
2598 2820 2651 2863 et
2673 2829 2841 2879 sepe:

1829 2907 2020 2956 nempe
2045 2888 2190 2942 unda
2223 2908 2332 2941 non
2366 2890 2699 2958 praeluserat
2725 2891 2842 2943 iter.

1826 2993 1893 3005 —
1923 2967 2117 3019 Lun'da
2153 2976 2438 3035 supponunt
2472 2979 2569 3022 etc.
2618 2967 2843 3021 Causam

1828 3044 1987 3113 hujus
2015 3052 2290 3116 apparatus
2319 3046 2495 3101 reddit
2516 3048 2843 3115 Lactantius,

1830 3124 1960 3193 Arg.
1983 3145 2010 3169 σι
2041 3125 2180 3192 Quae
2198 3144 2364 3193 quum
2390 3124 2596 3195 frigide
2617 3126 2843 3179 bostium

1830 3226 1859 3252 n
1887 3203 2164 3257 introitum
2201 3224 2312 3257 non
2355 3203 2699 3273 prohiberent
2722 3244 2739 3271 ,
2783 3225 2843 3258 ex

1829 3303 1856 3328 n
1880 3281 2081 3350 frigidis
2104 3283 2161 3335 in
2186 3281 2374 3336 calidas
2407 3302 2568 3338 νει-επ
2587 3324 2603 3352 ,
2642 3285 2843 3338 bostem

1831 3380 1859 3405 ²·
1889 3371 2210 3414 averterunt.
2233 3382 2259 3407 υ

1897 3440 2007 3509 794.
2025 3440 2255 3505 Alpinus
2272 3444 2440 3507 agor,
2480 3451 2543 3494 ut
2563 3443 2844 3512 Scytbicum

1814 3514 1990 3585 frigus
2002 3558 2015 3577 ,
2037 3519 2090 3570 in
2109 3518 2448 3587 proverbium
2461 3520 2656 3575 abierat
2669 3544 2682 3583 ;
2699 3520 2845 3590 Virg.

1833 3597 1943 3650 Ed.
1970 3599 2021 3650 X
2038 3636 2051 3663 ‚
2079 3600 2170 3666 47,
2206 3599 2405 3665 Alpem
2432 3605 2571 3653 nives
2589 3612 2644 3653 et
2648 3597 2847 3668 frigora

1830 3678 2012 3730 Rheni.
2028 3706 2092 3718 -
2108 3677 2425 3747 Coniecerat
2446 3679 2573 3733 olim
2600 3680 2845 3733 Heinsius

1835 3759 2165 3810 Gaudebatelr.
2185 3786 2251 3798 —
2267 3759 2524 3813 Permulti
2550 3765 2567 3825 (
2586 3770 2640 3813 et
2655 3758 2845 3828 Regius

1830 3832 1994 3887 codex
2009 3833 2053 3887 Β
2072 3834 2436 3903 )flamnu}qem.
2453 3864 2519 3877 -
2534 3840 2740 3891 Gemini
2747 3856 2847 3905 po-

1830 3921 1963 3974 stes,
1992 3912 2109 3965 duae
2130 3913 2303 3981 januae
2323 3914 2377 3967 in
2396 3915 2523 3967 Jani
2543 3916 2738 3984 templo
2751 3914 2844 3969 sibi

1832 3990 2094 4058 oppositae.
2105 4019 2172 4030 —
2187 3994 2416 4058 apsidis,
2441 3992 2694 4046 bellicosis
2707 4011 2720 4053 ς
2740 3992 2843 4061 ipse

1832 4067 1981 4121 Mars
1995 4072 2188 4135 n‘ge'dus
2201 4071 2359 4137 vlu,
2379 4071 2670 4124 ao.-Ante
2685 4070 2846 4125 Hein-

1829 4145 1968 4198 sium
2002 4146 2255 4199 edebatur
2282 4155 2551 4215 μνααῖαι.
2575 4177 2641 4188 -—
2666 4147 2849 4201 Codex

1832 4223 2029 4293 Regius
2066 4223 2116 4277 A
2139 4230 2430 4293 promism3
2455 4225 2545 4280 sed
2578 4226 2763 4280 melius
2789 4225 2847 4277 iu

1831 4300 2009 4357 codice
2025 4301 2070 4354 B
2079 4307 2344 4370 pemtlrsa,
2368 4303 2420 4357 id
2437 4315 2516 4359 est
2531 4304 2732 4359 tradita.
2746 4304 2848 4358 Ed.
