3185 5138
760 559 892 630 566
1314 558 2364 630 METAMORPHOSEON
2429 629 2430 632 ,

759 699 1125 775 Undecima
1165 699 1510 801 Orpheum
1543 699 1776 796 lugere
1808 699 2148 775 volumina
2181 719 2464 776 mortem

857 809 1275 885 Instituunt:
1312 810 1569 884 asinum
1603 807 1801 905 fingit
1833 806 2083 908 Apollo
2120 808 2412 900 Midam,

756 916 932 991 Ilion
969 934 1035 990 et
1063 916 1314 990 condit.
1347 913 1693 990 Telamoni
1732 913 2018 988 traditur
2049 943 2224 988 uxor

862 1024 1199 1114 Hesiona,
1236 1022 1524 1098 AEacidae
1554 1022 1662 1105 vix
1697 1040 2006 1123 superata
2041 1022 2297 1097 Thetis.

757 1133 950 1206 Tunc
985 1132 1069 1205 ad
1104 1133 1382 1234 Ceycem
1417 1129 1827 1204 convertitur
1863 1129 2409 1235 Halcyonemque

858 1241 1137 1313 Carmen
1160 1297 1179 1328 ‚
1215 1257 1282 1314 et
1317 1238 1402 1312 ad
1434 1237 1751 1338 Morphei
1782 1237 2042 1311 somnia
2070 1266 2221 1312 vera
2249 1239 2470 1313 nimis.

759 1345 869 1425 llli
901 1375 1058 1420 mox
1093 1345 1253 1435 alis,
1284 1344 1468 1420 velut
1498 1346 1781 1421 AEsacus
1804 1401 1825 1431 ,
1857 1371 2001 1417 aera
2038 1342 2345 1446 pulsant,

860 1453 1259 1544 Priamides,
1294 1480 1485 1527 verso
1520 1480 1800 1554 corpore
1833 1452 2049 1526 factus
2089 1452 2245 1527 avis.

764 1652 1005 1742 Troia,
1042 1651 1160 1752 qui
1195 1649 1517 1752 sequitur,
1548 1649 1726 1726 bella
1757 1649 2063 1741 exhibet,
2103 1652 2588 1758 Iphianassam,

860 1761 952 1832 Et
989 1759 1475 1833 Centaurorum
1505 1757 1731 1864 praelia
1765 1788 1934 1834 saeva
1964 1759 2169 1849 liber,

766 1866 1063 1969 Cycnum
1086 1922 1109 1955 ,
1141 1895 1215 1940 ac
1248 1864 1470 1954 Nelei,
1508 1868 1826 1941 mutantis
1859 1868 1930 1941 in
1968 1869 2194 1944 omnia
2226 1869 2426 1959 mire,

860 1976 1022 2049 Fata
1053 1972 1530 2076 Periclymeni3
1565 2003 1727 2048 mox
1762 1992 1916 2064 tua,
1950 1993 2103 2049 nate
2138 1977 2282 2051 Dea
2303 2035 2322 2067 ‚

767 2081 1029 2155 Funera
1051 2137 1069 2170 ‚
1111 2080 1421 2158 nolentes
1449 2109 1645 2183 quem
1678 2080 1917 2157 Peleus
1952 2081 2250 2183 almaque
2282 2099 2492 2158 mater

868 2190 1222 2263 Armarant
1243 2246 1262 2278 ,
1296 2208 1535 2266 notum
1568 2217 1846 2264 munere
1873 2189 2235 2265 Lartiadae:

767 2299 939 2392 Nam
973 2298 1159 2373 Paris
1194 2299 1475 2395 ignavus
1505 2298 1744 2371 fortem
1774 2298 2105 2398 percussit
2135 2296 2501 2390 Achillem,

868 2407 1278 2484 Obvertente
1314 2408 1465 2512 ipso
1499 2403 1755 2507 spicula
1786 2422 1963 2480 certa
1993 2407 2161 2481 Deo.

777 2601 1023 2679 Pelidae
1057 2603 1410 2678 ambierint
1441 2622 1519 2678 ut
1552 2601 1826 2705 Ulysses
1860 2604 2042 2680 mitis
2076 2622 2144 2679 et
2176 2603 2347 2704 Ajax

870 2709 1073 2782 Arma
1094 2765 1114 2798 ‚
1154 2707 1326 2785 liber
1360 2710 1596 2813 pandit
1634 2712 1872 2785 tertius
1908 2741 1947 2787 a
1982 2711 2255 2785 decimo.

775 2819 1091 2913 Pergama
1126 2819 1570 2916 conflagrant3
1612 2819 1889 2893 Hecube
1925 2817 2106 2894 canis
2140 2817 2360 2892 induit
2394 2845 2548 2908 ora,

871 2927 1148 2999 Aurorae
1180 2925 1471 3000 volucris
1508 2943 1748 3021 gnatus
1771 2982 1790 3014 ,
1829 2943 1907 3000 ut
1941 2924 2231 3014 interiit;

774 3033 927 3132 Ipse
962 3031 1190 3105 relicto
1224 3032 1401 3106 Anio
1436 3032 1682 3107 Scillan
1714 3034 1891 3131 fugit
1924 3052 2123 3135 atque
2160 3032 2550 3134 Charybdin

874 3140 1160 3228 AEneas;
1199 3139 1502 3240 sequitur
1535 3169 1705 3241 quos
1738 3140 2190 3243 Polyphemus
2226 3168 2453 3215 amans
2474 3196 2494 3228 ,

781 3246 1011 3322 Acidis
1049 3246 1415 3322 exstinctor
1451 3248 1659 3322 teneri
1680 3304 1698 3336 ,
1739 3248 2087 3349 dictusque
2122 3278 2246 3351 per
2280 3248 2522 3323 herbas

873 3354 1177 3429 Piscator
1208 3353 1428 3456 pelagi
1463 3353 1756 3430 Glaucus
1792 3355 2008 3431 adisse
2037 3359 2238 3432 Deos.

779 3551 984 3626 Simia
1012 3554 1146 3653 jam
1184 3556 1476 3656 Cercops
1510 3555 1725 3630 factus
1756 3554 2134 3657 legiturque
2166 3553 2420 3657 Sibylla
2440 3610 2459 3646 ‚

879 3662 1092 3761 Inque
1125 3660 1264 3734 fera
1290 3662 1437 3761 ripa
1471 3659 1655 3736 solus
1686 3661 2223 3750 Achaemeni‹leS,

788 3765 1069 3869 Cyclopi
1103 3766 1382 3869 elapsus.
1419 3768 1826 3863 Laestrigona
1860 3768 2114 3842 viderat
2147 3766 2351 3858 alter,

880 3877 1045 3950 Mox
1079 3876 1340 3951 Circen.
1366 3876 1511 3948 Pici
1547 3894 1688 3950 tum
1724 3876 1907 3952 subit
1936 3875 2217 3950 historia
2238 3933 2258 3965 ,

779 3987 872 4059 Et
905 3984 1251 4059 Diomedei
1285 3983 1563 4058 numeri.
1606 3983 1997 4085 Cythereius
2031 3982 2229 4058 heros

858 4092 1050 4165 .Cum
1087 4092 1345 4166 ratibus
1382 4091 1579 4164 vertit
1611 4122 1628 4165 :
1658 4090 1800 4166 calx
1833 4090 2037 4164 habet
2071 4090 2270 4191 Iphin
2294 4146 2314 4178 ,
2352 4088 2555 4164 habet

782 4199 915 4285 Te,
958 4201 1354 4289 Vertumne;
1392 4201 1607 4274 Deam
1635 4200 1929 4300 junctam
1966 4198 2134 4285 tibi;
2174 4197 2461 4301 denique
2491 4224 2760 4293 regem,

883 4305 1129 4405 Cujus,
1163 4309 1305 4400 avi,
1342 4307 1522 4409 cepit
1556 4305 1889 4383 Romulus
1905 4304 2292 4406 imperium.
