3185 5138
712 537 843 606 528

1285 535 1368 604 P.
1423 534 1776 607 OVIDII
1822 533 2287 608 NASONIS

712 675 787 749 Si
823 691 1037 749 tamen
1069 692 1168 750 est
1195 672 1451 777 aliquid
1473 675 1656 750 mirae
1684 677 2001 751 novitatis
2034 678 2105 751 in
2138 678 2317 766 istis,

713 792 1060 868 Alternare
1088 793 1264 869 vices
1285 850 1305 882 ‚
1339 811 1407 868 et
1440 822 1585 894 quae
1615 793 1819 867 modo
1854 793 2098 868 semina
2133 812 2319 889 tergo

711 911 914 986 Passa
946 940 1191 986 marem
1229 928 1364 999 est,
1397 938 1574 983 nunc
1604 937 1746 985 esse
1781 938 2024 984 marem
2058 910 2374 984 miremur
2403 911 2755 1012 hyaenam.
2798 933 2917 1003 410

712 1028 792 1102 ld
826 1056 1134 1130 quoque,
1174 1027 1356 1130 quod
1389 1029 1607 1103 ventis
1638 1027 1877 1103 animal
1906 1027 2205 1101 nutritur
2237 1045 2303 1100 et
2336 1056 2527 1118 aura,

714 1142 1027 1217 Protinus
1064 1140 1417 1216 adsimulat
1441 1159 1632 1216 tactu.
1659 1170 2115 1243 quoscumque
2153 1140 2429 1216 colores.

712 1261 908 1334 Victa
942 1260 1326 1335 racemifero
1363 1257 1589 1359 lyncas
1626 1258 1811 1333 dedit
1842 1257 2033 1331 lndia
2065 1259 2330 1330 Baccho
2362 1287 2378 1330 τ

713 1379 776 1452 E
811 1375 1091 1477 quibus,
1130 1390 1210 1448 ut
1241 1391 1647 1462 memorant,
1681 1374 2012 1476 quidquid
2046 1374 2259 1449 vesica
2288 1373 2579 1464 remisit,

718 1493 1021 1566 Vertitur
1056 1490 1125 1563 in
1158 1489 1454 1591 lapideS‚
1490 1508 1556 1564 et
1589 1488 1894 1586 congelat
1929 1519 2074 1564 aere
2110 1508 2308 1564 tacto.

2776 1511 2887 1583 415

720 1608 831 1682 Sic
862 1624 928 1681 et
961 1606 1318 1694 curalium,
1354 1635 1491 1708 quo
1521 1607 1813 1708 primum
1847 1607 2130 1703 contigit
2163 1637 2354 1683 auras

718 1726 1084 1823 Tempore,
1128 1721 1419 1796 durescit
1447 1751 1463 1794 ε
1495 1720 1719 1795 mollis
1755 1723 1884 1796 suit
1917 1723 2124 1797 herba
2158 1724 2284 1797 sub
2319 1724 2534 1799 undis.

824 1870 860 1902 »
902 1837 1180 1910 Deseret
1210 1851 1360 1908 ante
1395 1834 1575 1923 dies,
1607 1854 1676 1910 et
1709 1835 1778 1909 in
1816 1834 1953 1911 alto
1994 1838 2290 1912 Phoebus
2321 1837 2591 1912 anhelos

715 1953 1024 2051 AEquore
1062 1949 1277 2045 tinget
1305 1961 1516 2049 ‘equos
1539 2005 1558 2038 ‚
1595 1975 1793 2050 quam
1830 1978 2198 2052 consequar
2232 1952 2451 2026 omnia
2483 1952 2721 2043 dictis,

719 2074 804 2145 In
837 2069 1091 2172 species
1123 2067 1438 2143 translata
1471 2096 1677 2143 novas
1705 2098 1722 2143 ε
1754 2069 1850 2143 sic
1887 2088 2182 2171 tempore
2217 2072 2385 2145 verti

2767 2093 2870 2161 420

723 2187 1074 2262 Cernimus
1095 2242 1114 2276 ,
1150 2203 1347 2287 atque
1386 2184 1534 2260 illas
1566 2185 1906 2261 adsumere
1937 2187 2184 2261 robora
2217 2207 2484 2283 gentes;

726 2303 1093 2379 Concidere
1124 2303 1246 2379 has
1275 2334 1291 2378 τ
1326 2304 1420 2379 sic
1452 2331 1690 2404 magna
1722 2303 1853 2378 fuit
1878 2331 2210 2406 censuque
2243 2304 2567 2405 virisque,

723 2425 992 2525 Perque
1018 2422 1241 2498 decem
1278 2422 1501 2524 potuit
1541 2437 1798 2495 tantum
1836 2420 1990 2494 dare
2024 2419 2367 2516 sanguinis
2399 2448 2650 2509 annos,

725 2588 940 2661 quidam
963 2589 1178 2659 intellig.
1202 2589 1542 2642 Burmannus
1564 2585 1746 2641 mallet

706 2668 856 2736 sores
871 2670 926 2724 in
941 2689 1065 2722 aras
1078 2668 1289 2722 mutari.
1315 2667 1547 2721 Laetam.
1566 2666 1710 2720 enim
1725 2706 1741 2733 ‚

726 2768 797 2801 vs.
821 2768 912 2800 122
929 2767 944 2811 ;
964 2749 1120 2817 Inque
1136 2765 1232 2800 ara
1248 2748 1473 2801 msialens
1485 2785 1501 2808 ,
1526 2747 1682 2800 Ponit
1689 2749 1747 2799 tn

721 2830 827 2880 ede
849 2846 1017 2880 sacra.

790 2905 906 2971 408.
928 2906 991 2957 Sa·
1005 2913 1176 2958 lamen
1185 2943 1198 2958 .
1208 2943 1222 2957 .
1235 2944 1247 2956 .
1257 2907 1498 2975 byaenmn.
1513 2902 1714 2957 Plinius
1727 2941 1744 2972 ,

725 2981 868 3035 VIII
888 3019 904 3046 ‚
932 2980 1026 3034 30:
1045 3002 1075 3027 α
1095 2982 1313 3051 Hyaenis
1333 2991 1615 3048 utramque
1636 2999 1746 3035 esse

729 3081 758 3106 n
783 3068 1061 3123 naturam,
1079 3067 1133 3112 et
1150 3056 1362 3111 alternis
1376 3058 1527 3112 annis
1539 3076 1740 3124 mares,

730 3156 755 3183 n
783 3133 997 3188 alternis
1016 3132 1240 3188 feminas
1264 3133 1407 3201 fieri,
1431 3153 1614 3204 parere
1632 3136 1746 3189 sinc

728 3234 756 3260 n
783 3231 928 3266 mare
944 3254 960 3280 ,
976 3211 1159 3283 vulgus
1175 3210 1356 3266 credit.
1371 3232 1400 3259 »
1425 3212 1512 3265 Cf.
1530 3213 1748 3268 Aristot.

728 3292 869 3349 Hist.
892 3291 1072 3345 Anim.
1098 3291 1179 3344 v1
1195 3330 1212 3357 ‚
1236 3290 1335 3357 333
1360 3289 1552 3344 AElian.
1581 3292 1608 3344 l
1627 3330 1643 3358 ,
1666 3295 1749 3346 25.

794 3374 855 3438 4¹
866 3391 908 3426 ι.
935 3374 1090 3439 Quod
1102 3375 1267 3424 mutale
1283 3374 1483 3424 ambra!
1488 3379 1584 3423 etc.
1608 3369 1751 3424 Cha-

728 3449 951 3504 maeleon
967 3490 981 3517 ‚
993 3468 1023 3502 e
1034 3468 1228 3519 genere
1239 3449 1550 3503 lacertarum
1564 3488 1579 3516 ,
1588 3468 1753 3517 quum

729 3527 1037 3597 plerumque
1082 3546 1174 3580 ore
1216 3536 1398 3595 aperto
1430 3525 1609 3580 sedeat
1632 3566 1649 3593 ‚
1694 3537 1754 3579 ut

730 3623 931 3659 muscas
956 3616 1129 3674 captet
1141 3644 1157 3672 ,
1182 3610 1346 3657 uam
1359 3615 1415 3657 et
1431 3624 1560 3657 aura
1580 3609 1762 3657 nutriri

728 3682 959 3739 creditus
969 3694 1129 3737 εει-
1138 3684 1315 3736 Tacta.
1336 3681 1470 3735 Plin.
1491 3682 1654 3747 VIII,
1665 3682 1751 3748 33,

730 3763 899 3815 reddi!
908 3779 1099 3828 semper
1107 3778 1453 3830 quemcumque
1468 3759 1752 3825 (colorem)

719 3843 949 3907 prom'me
959 3842 1179 3907 adte'ngst
1188 3878 1203 3902 ,
1215 3851 1403 3905 preter
1412 3841 1609 3891 mbram
1624 3858 1756 3892 can-

730 3922 1007 3988 didumque.
1028 3916 1116 3971 Cf.
1135 3919 1219 3971 Au
1227 3918 1386 3987 tigon.
1404 3918 1485 3970 33.
1500 3916 1585 3970 De
1602 3935 1755 3971 causa

732 3997 891 4066 hujus
902 3995 1206 4052 mutationis
1218 3994 1484 4064 disputant
1491 3994 1649 4049 hodie
1666 4014 1754 4049 na·

734 4087 866 4132 turae
882 4078 1214 4150 indagatores
1230 4116 1248 4145 ‚
1273 4096 1405 4146 quos
1420 4076 1558 4130 vide.

782 4158 814 4222 4
823 4157 897 4209 13.
919 4159 1128 4228 Lync-as
1140 4165 1292 4210 terre
1304 4155 1645 4226 septemtrion
1652 4156 1756 4209 alet

735 4232 913 4300 alunt,
941 4253 1051 4288 non
1077 4238 1244 4289 India.
1274 4236 1483 4288 Verum
1503 4244 1672 4304 poete
1700 4244 1756 4288 et

1842 2587 2002 2658 tigres
2020 2627 2036 2655 ,
2062 2606 2183 2641 mox
2197 2586 2505 2658 pantheras,
2532 2604 2655 2640 mox
2672 2585 2864 2657 lyncas.

1841 2666 2210 2734 -Baecemeser,
2235 2666 2510 2719 redimitus
2533 2675 2770 2733 tempora
2783 2684 2866 2717 ra·

1842 2744 2033 2807 cemis3
2060 2744 2199 2798 Fast.
2215 2743 2295 2797 Vl
2316 2783 2331 2810 ‚
2351 2745 2463 2811 483.
2478 2743 2561 2797 De
2579 2743 2731 2796 urina
2749 2737 2868 2815 lyn-

1843 2840 1967 2875 cum
2001 2822 2193 2876 confer
2230 2821 2500 2888 Plinium,
2544 2822 2682 2875 VIII
2703 2861 2719 2888 ,
2763 2821 2861 2885 38,

1844 2904 1934 2972 qui
1949 2902 2139 2971 tradit,
2163 2920 2281 2957 eam
2299 2902 2506 2974 glaciari
2530 2912 2620 2956 aut
2633 2919 2864 2955 arescere

1843 2982 1901 3035 in
1936 3000 2171 3051 gemmas
2211 2981 2540 3035 carbunculis
2581 2979 2773 3034 similes
2810 2989 2866 3031 et

1845 3061 2001 3129 igneo
2033 3059 2205 3114 colore
2232 3059 2495 3130 fulgentes
2512 3082 2546 3127 ,·
2568 3057 2863 3131 lyncurium

1845 3147 2067 3192 vocatas.

1911 3216 2026 3281 416.
2052 3214 2135 3269 De
2149 3218 2344 3269 curalio
2356 3214 2422 3268 cs.
2443 3215 2546 3279 lv,
2568 3216 2782 3283 74331111.

1910 3291 2024 3356 418.
2069 3293 2282 3346 Deseoe!
2314 3300 2434 3344 ante
2468 3295 2592 3344 dae'es.
2631 3291 2859 3359 Vulgare

1848 3365 2031 3421 fuisset
2058 3386 2073 3422 ς
2099 3367 2210 3421 dies
2239 3387 2327 3421 me
2352 3366 2591 3432 deficiet,
2617 3367 2663 3421 si
2688 3366 2862 3420 omnia

1850 3446 2093 3515 persequi
2138 3446 2311 3500 velim.
2360 3448 2602 3500 Deseoere
2644 3446 2716 3500 ita
2749 3456 2826 3498 est
2842 3483 2859 3510 ,

1848 3524 2010 3578 etiam
2036 3524 2227 3578 omisso
2248 3535 2313 3597 τῷ
2342 3543 2422 3578 me
2441 3565 2455 3588 ,
2495 3525 2631 3596 apud
2660 3524 2864 3578 Sallust.

1849 3603 1974 3673 Jug.
2014 3606 2094 3671 42.
2114 3631 2178 3643 —-
2206 3606 2460 3674 Consequi
2478 3646 2492 3668 ‚
2541 3605 2860 3674 exprimere,

1850 3694 1912 3736 ut
1939 3682 2052 3737 Cic.
2074 3683 2263 3753 Philip.
2288 3683 2359 3752 V,
2394 3686 2452 3737 13
2468 3724 2485 3751 ,
2509 3690 2674 3740 urbeis
2691 3686 2863 3738 ludes

1851 3765 2098 3830 consequi.

1928 3841 1991 3905 4²
2002 3859 2041 3892 1.
2086 3841 2280 3893 Gentes
2315 3849 2574 3894 vertuntur
2593 3881 2607 3903 ‚
2652 3839 2865 3893 fortuna

1851 3935 2037 3970 earum
2061 3928 2314 3973 mutatur.
2336 3919 2446 3974 sed
2472 3929 2688 3989 tempore
2709 3920 2867 3973 debe-

1851 4014 1970 4050 mus
1991 3996 2205 4074 ingenio
2225 3997 2450 4052 Heinsii.
2466 3998 2613 4052 MSS
2632 4038 2647 4064 ‚
2669 4000 2866 4068 primus

1852 4076 2023 4131 Vatic.
2040 4077 2240 4146 primus
2253 4076 2488 4132 Gronov.
2510 4089 2729 4147 quartus
2750 4080 2869 4132 Me·-

1851 4154 2030 4209 diceus
2054 4168 2107 4211 et
2130 4156 2315 4211 decem
2338 4158 2453 4225 alii,
2477 4166 2727 4225 tempora,
2759 4176 2864 4210 non

1851 4233 2004 4287 male.
2026 4230 2250 4288 Constat
2270 4234 2415 4288 enim
2430 4273 2446 4301 ,
2469 4245 2664 4304 tempus
2675 4246 2730 4289 et
2745 4246 2867 4288 tea-

734 4312 959 4384 pictaven
976 4313 1170 4370 Bacchi
1191 4314 1615 4384 curruijungunt
1633 4332 1756 4370 mox
1841 4334 1974 4383 pora
2007 4313 2278 4385 eleganter
2301 4353 2318 4385 ,
2353 4333 2489 4385 sape
2533 4316 2693 4371 etiam
2727 4313 2860 4383 apud
