3185 5138
593 536 1651 636 METAMORPHOSEON
1702 540 1898 607 LIB.
1967 543 2140 612 XV.

2317 545 2449 637 527

300 681 464 778 Quo
499 679 697 754 simul
733 710 807 756 ac
827 680 1087 798 *casiam
1122 699 1191 757 et
1224 680 1417 757 nardi
1447 678 1618 757 lenis
1648 681 1917 770 aristaS‚

306 796 705 897 Quassaque
737 823 887 869 cum
919 794 1100 873 fulva
1137 797 1508 876 substravit
1541 796 1844 873 cinnama
1872 798 2181 899 myrrha;

309 915 394 988 Se
429 941 632 1015 super
663 913 989 1013 imponit,
1023 913 1306 1016 finitque
1339 915 1410 988 in
1446 914 1769 992 odoribus
1802 942 2033 994 aevum.

303 1031 473 1107 Inde
501 1030 766 1122 ferunt,
802 1030 1083 1106 totidem
1123 1033 1240 1134 qui
1273 1033 1488 1109 vivere
1527 1032 1766 1112 debeat
1798 1057 2045 1120 annue,

2356 939 2464 1010 400

306 1149 610 1250 Corpore
639 1149 721 1223 de
756 1150 977 1250 patrio
1012 1177 1289 1251 parvum
1323 1149 1641 1226 Phoenica
1671 1148 1944 1226 renasci.

305 1267 544 1364 Quum
577 1266 763 1341 dedit
795 1266 957 1340 huie
991 1284 1150 1341 aetas
1181 1268 1353 1341 vires
1373 1324 1392 1357 ‚
1433 1253 1750 1366 onerique
1787 1264 2061 1340 ferendo
2093 1286 2225 1358 est,

301 1385 734 1461 Ponderibus
765 1385 910 1459 nidi
942 1413 1161 1461 ramos
1193 1383 1364 1462 levat
1400 1383 1663 1459 arboris
1697 1382 1843 1458 alta:
1865 1439 1885 1473 ,

301 1503 597 1601 Fertque
630 1501 786 1601 pius
818 1526 1160 1601 cunasque
1196 1527 1351 1573 suas
1372 1556 1390 1588 ‚
1425 1498 1851 1600 patriumque
1886 1498 2302 1600 sepulcrum,
2353 1519 2455 1593 405

299 1615 565 1715 Perque
591 1612 765 1688 leves
804 1642 995 1688 auras
1028 1612 1432 1716 Hyperionis
1467 1611 1638 1686 urbe
1664 1611 1925 1712 potitus
1947 1669 1968 1699 ,

299 1731 485 1804 Ante
517 1728 694 1820 fores
729 1756 947 1804 sacras
981 1728 1395 1830 Hyperionis
1427 1726 1564 1802 aede
1599 1726 1885 1828 reponit.

300 1895 786 1962 tribuiturpaendmn
797 1905 1037 1959 restruet,
1064 1915 1174 1950 non
1199 1896 1330 1950 item

301 1974 432 2028 aliti.
448 1974 627 2044 Vulgo
640 1977 765 2028 dum
778 1994 797 2041 ,⁰
812 1973 905 2028 sed
926 1993 1066 2032 unus
1082 1973 1295 2028 Ciosani
1312 2012 1329 2040 ,

306 2051 520 2108 Caelest.
535 2051 869 2105 Francofurt.
890 2064 942 2106 et
958 2052 1162 2107 Barthii
1179 2051 1330 2106 codd.

291 2152 454 2201 puro,
475 2129 615 2201 quod
637 2128 843 2184 adridet
857 2131 1175 2184 Burmanno
1193 2141 1251 2184 ut
1267 2131 1333 2183 al·

302 2211 455 2264 ludat
471 2209 538 2263 ad
554 2227 761 2263 morem
776 2228 921 2263 sacra
934 2208 1163 2263 faciendi
1179 2248 1195 2276 ,
1217 2228 1337 2278 (με

302 2289 510 2343 fiebant
518 2287 662 2358 puris
673 2287 1151 2356 manibus.—Regii
1169 2286 1338 2339 nostri

303 2369 468 2422 ambo
478 2367 612 2422 dant
626 2384 836 2437 quoque
846 2385 977 2433 pum
988 2405 1002 2429 ‚
1036 2364 1179 2434 quod
1192 2374 1333 2418 recte

302 2455 491 2501 tuetur
510 2444 867 2498 Burmannus.
891 2446 994 2496 Ed.
1015 2469 1082 2484 --
1104 2443 1333 2496 Lactan-

303 2525 412 2580 tius
427 2561 443 2591 ‚
459 2541 530 2577 vs.
548 2541 634 2594 77:
651 2544 677 2568 κ
693 2521 971 2576 Construit
987 2520 1109 2574 inde
1131 2520 1227 2574 sibi
1241 2540 1336 2575 seu

306 2628 336 2665 2,-
357 2601 550 2658 nidum
564 2602 669 2655 sive
687 2600 1008 2670 sepulcrum,
1027 2619 1056 2647 ν
1071 2609 1126 2653 et
1141 2598 1335 2659 deinde

302 2683 471 2738 iidem
493 2679 684 2734 odores
696 2686 1189 2737 commemorantur
1205 2716 1221 2745 ,
1244 2676 1343 2747 qui

298 2760 425 2825 him
461 2759 697 2814 Plinius:
720 2780 749 2806 α
774 2757 1154 2813 senescentem
1188 2756 1337 2811 casiae

303 2860 335 2888 κ
362 2838 602 2907 turisque
650 2835 868 2891 surculis
901 2845 1208 2891 construere
1236 2833 1337 2887 ni-

302 2940 336 2967 »
363 2918 496 2972 dum
515 2955 534 2981 ,
561 2915 769 2985 replere
793 2913 1041 2968 odoribus
1074 2924 1125 2967 et
1150 2931 1340 2982 super-

305 3019 337 3047 »
362 2996 549 3053 emori.
570 3016 599 3043 ι·
619 3023 685 3036 -
705 2998 863 3049 Casia
875 2994 978 3048 fuit
994 2993 1134 3047 inter
1150 2993 1338 3047 herbas

302 3089 360 3132 et
383 3075 546 3130 flore·
576 3074 875 3130 coronarias
893 3113 908 3141 ,
939 3070 1233 3145 thymelaeae
1253 3071 1335 3125 si·-

306 3155 487 3220 milis;
520 3153 636 3207 vide
668 3153 886 3207 Martia.
916 3151 980 3205 ad
1013 3151 1298 3221 Virgilium
1317 3187 1334 3215 ,

306 3233 507 3302 Georg.
527 3233 613 3298 11,
646 3233 1053 3291 213.—Nardus‚
1076 3228 1252 3283 frutex
1267 3267 1283 3296 ,
1305 3246 1335 3280 e

304 3313 463 3381 ouius
480 3310 618 3363 foliis
635 3349 650 3375 ,
675 3309 827 3378 spicis
841 3320 892 3363 et
908 3309 1081 3363 radice
1099 3327 1338 3378 unguen·

309 3406 365 3448 ta
399 3391 768 3462 pretiosissima
799 3390 1148 3444 confecerunt
1179 3402 1339 3445 vete·-

309 3491 425 3536 res,
446 3487 562 3539 quae
588 3469 654 3521 ab
676 3468 825 3522 Indis
846 3469 900 3520 in
927 3468 1137 3540 Syriam
1162 3480 1217 3521 et
1239 3469 1337 3522 in-

308 3551 379 3605 de
396 3549 454 3603 in
478 3547 752 3616 Europam
772 3546 1011 3608 advecta3
1037 3545 1156 3600 vide
1178 3545 1339 3600 Celsii

309 3627 596 3683 Hierobot.
622 3634 750 3678 tom.
783 3625 871 3689 11,
899 3642 1012 3694 pag.
1044 3643 1061 3676 ι
1086 3644 1208 3677 s.—
1229 3626 1341 3677 Pro

303 3711 440 3762 lenis
463 3702 716 3775 permulti
736 3702 885 3755 MSS
905 3703 1000 3771 (et
1014 3702 1210 3771 Regius
1236 3720 1341 3754 no·-

305 3797 421 3841 ster
451 3786 501 3837 A
527 3781 552 3851 )
586 3787 726 3837 Ievis
742 3821 756 3842 ‚
798 3779 852 3833 id
892 3792 998 3846 est,
1031 3781 1114 3834 cui
1144 3780 1341 3849 lanugo

306 3866 502 3921 subest.
524 3863 761 3918 Lactant.
788 3880 921 3914 vers.
947 3864 1013 3915 86
1032 3881 1044 3915 ε
1066 3884 1091 3907 κ
1119 3863 1222 3916 His
1244 3861 1341 3917 ad-

308 3944 393 3997 dit
416 3952 627 3995 teneras
647 3939 801 3993 nardi
832 3939 1076 4009 pubentis
1098 3941 1289 3993 aristas.
1310 3962 1339 3989 ιι

309 4020 500 4076 Glossa
521 4017 872 4074 interlinearis
895 4018 1107 4073 alterius
1130 4018 1340 4072 Erford.

309 4102 375 4153 id
388 4109 469 4151 est
481 4101 753 4152 redolente}
768 4117 785 4149 .-
808 4097 930 4150 hinc
943 4096 1197 4149 Heinsius
1210 4114 1342 4149 con-

310 4178 427 4251 jicit
441 4183 594 4232 nardi
600 4176 995 4231 halantem—De
1010 4179 1210 4247 mytrha
1219 4175 1341 4228 vide

313 4259 387 4315 ad
405 4260 456 4313 X
470 4299 485 4327 ‚
509 4261 624 4312 500.
645 4286 711 4299 -
734 4257 897 4310 Fulvo
914 4297 928 4317 ,
968 4257 1091 4325 quia
1125 4254 1344 4329 myrrha

315 4336 740 4408 praestantissima
784 4335 943 4389 talem
980 4334 1150 4388 refert
1188 4332 1344 4388 colo-

1428 1915 1544 1949 rem
1564 1935 1580 1963 ‚
1615 1895 1761 1950 unde
1789 1900 2046 1968 myrtheus
2086 1916 2184 1968 pro
2213 1939 2229 1966 ‚
2277 1899 2458 1955 flavus.

1428 1974 1663 2030 Broukh.
1681 1974 1746 2030 ad
1763 1977 2008 2045 Propert.
2024 1978 2109 2031 111
2122 2017 2137 2043 ,
2153 1992 2261 2030 vlu
2278 2015 2293 2043 ,
2314 1999 2460 2033 22.—

1431 2054 1542 2106 Pro
1565 2072 1757 2121 quassa
1777 2053 2004 2106 Heinsio
2027 2052 2195 2121 placet
2216 2074 2278 2107 ex
2294 2055 2459 2110 altero

1432 2132 1628 2185 Hamb.
1652 2149 1832 2194 cassa,
1873 2143 1933 2185 ut
1953 2136 2352 2203 ξυλοκιννάμωμον
2376 2136 2463 2188 in·-

1431 2211 1696 2280 telligatur
1711 2249 1726 2277 ,
1763 2211 1904 2281 quod
1933 2213 2163 2266 maximo
2199 2215 2254 2266 in
2290 2216 2462 2283 pretio

1427 2288 1610 2354 fuerit,
1631 2300 1808 2342 cortex
1821 2289 2163 2343 cinnamomo
2180 2289 2459 2346 detractus.

1495 2371 1611 2435 4⁰¹·
1650 2370 1778 2421 Inde
1796 2367 1978 2434 strunt
1995 2411 2009 2424 .
2034 2407 2046 2422 .
2071 2410 2084 2422 .
2107 2377 2317 2425 renasci.
2349 2375 2460 2427 Pro

1428 2447 1622 2506 mtrem,
1668 2444 1920 2502 Barthius
1944 2464 2006 2500 ex
2031 2446 2238 2502 duobus
2260 2465 2462 2517 perve-

1430 2521 1581 2576 tustis
1604 2522 1728 2593 legit
1746 2528 1956 2578 ve‘ncem.
1972 2524 2174 2579 Plinius
2193 2545 2208 2579 :
2227 2549 2254 2574 κ
2277 2525 2356 2580 Ex
2373 2547 2460 2582 os·

1431 2620 1461 2649 u
1485 2600 1829 2655 sibusdeinde
1851 2612 1906 2655 et
1927 2602 2170 2657 medullis
2182 2605 2298 2673 ejus
2319 2608 2457 2661 nasei

1432 2701 1460 2731 a
1486 2680 1661 2749 primo
1674 2698 1773 2734 ceu
1788 2680 2138 2735 vermiculum
2154 2721 2169 2749 ,
2196 2682 2321 2737 inde
2340 2684 2460 2738 fieri

1431 2777 1462 2804 υ
1491 2757 1708 2827 pullum.
1740 2780 1770 2806 »
1807 2758 2119 2813 Secundum
2164 2761 2292 2814 alios
2338 2761 2459 2815 solis

1428 2836 1586 2891 radiis
1601 2838 1931 2891 comburitur
1942 2878 1956 2905 ,
1972 2849 2128 2908 atque
2146 2859 2178 2892 e
2194 2839 2462 2895 cineribus

1431 2916 1610 2985 prodit
1633 2935 1770 2969 nova
1793 2917 1899 2971 avis
1914 2956 1931 2982 ,
1959 2936 2080 2986 qua>
2093 2934 2260 2971 ovum
2279 2918 2404 2973 facit
2428 2939 2458 2972 e

1434 2997 1653 3069 myrrha
1671 3017 1685 3059 ;
1712 2997 1782 3049 illi
1805 3009 2048 3051 excavato
2065 2996 2203 3050 indit
2217 2997 2460 3068 reliquias

1433 3086 1676 3145 paternas
1698 3094 1887 3144 easque
1915 3076 2090 3129 defert
2115 3076 2169 3129 in
2197 3076 2456 3146 templum

1432 3152 2222 3222 Heliopolitarum.——Heinsius
2246 3173 2458 3206 versum

1432 3232 1531 3297 404
1554 3230 1915 3283 adulterinum
1949 3231 2165 3300 putabat
2186 3269 2201 3295 ,
2239 3229 2379 3283 sorte
2406 3240 2463 3284 et

1433 3323 1537 3366 tres
1555 3313 2032 3382 sequentem—Pro
2052 3315 2172 3364 alte
2194 3312 2462 3365 Burman-

1433 3409 1534 3443 nus
1551 3390 1734 3444 suadet
1748 3395 1895 3442 almo
1915 3429 1928 3451 ‚
1952 3407 2069 3456 quoe
2086 3389 2229 3458 quasi
2255 3389 2383 3441 aluit
2407 3399 2463 3441 et

1434 3469 1614 3521 eduxit
1654 3467 1960 3520 Phoenicem
1985 3488 1999 3530 ;
2038 3466 2305 3535 ingeniose
2341 3466 2462 3535 qui-

1435 3538 1580 3612 dem,
1596 3544 1690 3598 sed
1704 3545 1887 3598 dubito
1902 3564 1970 3597 an
1987 3557 2041 3599 et
2059 3563 2179 3597 vere
2195 3565 2207 3597 :
2222 3545 2461 3600 Lactant.

1434 3645 1566 3679 vers.
1592 3626 1660 3695 39
1682 3643 1694 3675 :
1722 3644 1749 3669 α
1779 3621 2020 3677 Considit
2046 3624 2099 3677 in
2125 3623 2322 3677 arboris
2347 3625 2462 3677 altae

1436 3727 1464 3752 n
1494 3704 1709 3756 Ver-tice
1728 3723 1743 3765 ς
1764 3724 1791 3748 ι»
1823 3713 1879 3754 et
1901 3704 2089 3775 *rs-69,
2119 3725 2145 3748 ‹-
2164 3703 2308 3756 Tum
2336 3703 2462 3773 tegit

1438 3804 1465 3831 a
1490 3782 1636 3834 aerio
1649 3780 1931 3835 sublimem
1948 3781 2142 3834 vertice
2170 3782 2414 3849 palmam.
2434 3800 2462 3825 υ

1500 3861 1615 3926 406.
1638 3862 1946 3930 Hypen’om
1966 3863 2110 3918 urbs,
2142 3857 2462 3927 Heliopolis,

1435 3937 1493 3990 in
1515 3937 1759 3991 confiniis
1778 3938 1995 4010 AEgypti
2022 3948 2076 3991 et
2098 3937 2303 3990 Arabia
2321 3975 2336 4001 ,
2363 3935 2466 3988 ho-

1437 4016 1521 4069 die
1538 4017 1935 4070 Balach-Pro
1947 4018 2056 4068 ede
2073 4021 2269 4082 reponit
2279 4055 2293 4075 ,
2317 4012 2463 4083 quod

1436 4094 1771 4147 manifestam
1784 4091 2256 4148 contradictionem
2269 4091 2463 4144 habere

1439 4173 1563 4227 dicit
1580 4191 1704 4227 cum
1732 4172 1902 4225 verbis
1926 4170 2199 4238 antesoms
2214 4209 2228 4230 ,
2260 4170 2464 4239 Sekep-

1438 4271 1596 4321 perus
1642 4252 1854 4321 corrigit
1901 4255 2022 4303 urbe
2059 4254 2268 4318 reponit.
2308 4249 2468 4302 Unus

1439 4331 1716 4389 hidensis
1739 4342 1793 4384 et
1818 4330 2006 4401 Thysii
2025 4333 2171 4393 orbe,
2199 4338 2259 4382 ut
2283 4327 2467 4400 globus
