3185 5138
635 579 769 677 {276

1195 534 1278 643 r.
1327 575 1687 644 ovmu
1739 550 2185 640 NAsoms

634 723 813 799 Scire
850 706 1008 794 ratis
1041 690 1290 803 rector,
1322 741 1444 788 nec
1479 710 1641 813 quid
1670 710 2007 817 iubeatve,
2041 726 2335 782 vetetve:

629 841 845 913 Tanta
877 834 1031 909 mali
1059 831 1300 917 moles,
1333 847 1603 928 totaque
1638 825 1980 926 potentior
2009 841 2147 897 arte
2182 826 2316 897 est!

636 955 908 1055 Quippe
945 965 1187 1025 sonant
1221 945 1503 1020 clamore
1539 942 1692 1028 viri,
1730 940 2015 1015 stridore
2049 938 2396 1025 rudentes,

2654 922 2754 1025 495

633 1073 975 1148 Undarum
1013 1068 1282 1140 incursu
1319 1062 1533 1159 gravis
1567 1060 1775 1145 unda,
1814 1056 2177 1131 tonitribus
2212 1057 2431 1129 aether.

632 1188 980 1265 Fluctibus
1012 1182 1319 1278 erigitur,
1354 1176 1712 1277 caelumque
1746 1203 2001 1275 aequare
2035 1172 2295 1245 videtur

633 1308 922 1388 Pontus,
956 1316 1025 1374 ot
1057 1297 1357 1371 inductas
1394 1293 1781 1395 adspergine
1816 1291 2116 1386 tinguere
2147 1288 2362 1362 nubes
2401 1316 2417 1358 :

638 1426 732 1497 Et
763 1419 995 1504 modo,
1035 1443 1240 1516 quum
1273 1411 1483 1485 fulvas
1518 1439 1597 1484 ex
1631 1409 1765 1481 imo
1802 1408 2003 1481 verrit
2032 1435 2292 1492 arenas,

647 1535 987 1613 Concolor
1019 1550 1120 1607 est
1151 1529 1319 1615 illis;
1358 1525 1583 1627 Stygia
1615 1524 1818 1598 modo
1851 1524 2106 1620 nigrior
2137 1522 2346 1609 unda3

2670 1540 2768 1592 5oo

644 1653 972 1729 Sternitur
1004 1634 1360 1732 interdurn,
1399 1641 1783 1743 spumisque
1816 1639 2209 1713 sonantibus
2244 1635 2439 1711 albet,

642 1846 906 1919 phonema
929 1840 1136 1895 additur
1149 1878 1165 1904 ‚
1205 1840 1369 1889 Tanta
1391 1838 1523 1887 mali
1541 1854 1654 1886 mo-

641 1930 719 1980 Ies
742 1935 838 1977 etc.
866 1921 984 1973 Hoc
1004 1927 1146 1971 certe
1173 1914 1349 1966 malim
1370 1953 1384 1978 ,
1412 1930 1570 1981 quarn
1596 1931 1657 1963 ex

644 2001 850 2057 Heinsii
866 1994 1235 2051 emendatione
1249 2031 1263 2058 ,
1283 1994 1421 2044 Ecce
1428 1999 1583 2057 pave!
1591 1988 1658 2041 le·

645 2101 769 2154 gere
782 2102 796 2143 ;
815 2097 932 2132 ecce
946 2076 1091 2130 enirn
1106 2072 1190 2126 hic
1207 2090 1316 2124 non
1331 2069 1487 2123 babet
1501 2087 1659 2122 suum

640 2163 832 2216 locum.
864 2161 1031 2210 Pavor
1055 2164 1233 2207 autem
1263 2151 1421 2219 ipsius
1445 2148 1659 2201 rectoris

646 2255 813 2307 quum
836 2234 902 2288 sit
917 2229 1108 2285 summi
1135 2225 1348 2297 periculi
1370 2223 1621 2278 indicium
1640 2261 1657 2289 ,

1752 1832 1969 1902 -Regii
1986 1830 2100 1884 cod.
2120 1836 2335 1883 tkcursu.
2356 1856 2423 1868 —
2442 1829 2737 1881 Undarum..
2755 1869 2766 1880 .

1752 1913 1889 1962 unda
1906 1951 1920 1971 ‚
1961 1908 2218 1961 fluctuum
2256 1906 2520 1960 collisione
2552 1905 2768 1958 sonabat

1752 1987 1911 2041 unda.
1923 2016 1989 2027 -
2002 1989 2241 2054 AEquam
2269 2004 2463 2054 nempe
2479 1983 2766 2038 altitudine}

1757 2062 2031 2133 Copiosius
2047 2062 2156 2116 haec
2169 2073 2416 2115 exornata
2430 2073 2555 2116 sunt
2568 2062 2594 2116 1
2608 2061 2768 2114 Trist.

1754 2158 1819 2208 11,
1842 2162 1901 2215 ις
1916 2161 1929 2194 2
1947 2144 2336 2208 Quantt’monles
2348 2145 2607 2195 volvuntur
2615 2160 2766 2208 aqua-

1752 2239 1859 2272 rum
1874 2222 1890 2271 .'
1917 2221 2144 2286 Jamjam
2156 2229 2380 2272 tacturos
2394 2222 2563 2285 sidera
2575 2238 2770 2270 summa

645 2309 1050 2388 commemorari
1077 2308 1185 2360 sere
1210 2304 1341 2359 solet
1366 2304 1421 2355 in
1451 2301 1539 2354 tali
1563 2300 1662 2354 de-
1748 2308 1897 2367 putes
1911 2309 2076 2352 etc.—-
2086 2300 2327 2366 Te'nguere
2348 2308 2489 2351 recte
2504 2298 2768 2351 Burman-

643 2393 939 2463 scriptione.
964 2389 1232 2442 Homerus
1250 2425 1265 2450 ‚
1283 2382 1390 2438 od.
1418 2381 1464 2433 E
1482 2420 1498 2447 ‚
1533 2399 1625 2451 ²97
1645 2400 1659 2441 ς

647 2472 831 2542 virgil.
861 2469 987 2523 AEn.
1010 2467 1065 2532 1,
1092 2464 1141 2516 d.
1163 2464 1226 2526 l.;
1253 2462 1277 2514 1
1299 2459 1456 2513 Trist.
1481 2475 1552 2535 ξι,
1575 2459 1660 2523 3ι,

648 2553 838 2604 Hector
861 2552 915 2600 ia
943 2550 1133 2600 incedo
1154 2550 1234 2594 est
1263 2559 1279 2592 .·
1308 2557 1400 2592 nec
1430 2536 1665 2607 quidsu-

644 2623 813 2697 fialae
833 2634 1033 2693 petatve
1055 2624 1281 2682 Invem’oe
1309 2619 1557 2683 ambiguis
1577 2632 1665 2665 ars

649 2715 814 2774 stupet
843 2709 958 2771 ipsa
985 2703 1150 2755 mallit.
1178 2726 1245 2738 —
1272 2699 1380 2763 Qui
1393 2701 1466 2749 sit
1486 2703 1666 2746 status.

653 2783 867 2837 Safftius
883 2820 898 2847 ‚
922 2784 1047 2832 dass
1059 2797 1117 2830 er
1128 2779 1269 2830 m'cht
1284 2779 1419 2828 otkse
1433 2815 1445 2834 ,
1478 2793 1546 2826 oo
1568 2775 1668 2824 das

653 2858 941 2929 Sebasssey.
980 2854 1085 2910 Sed
1116 2864 1280 2907 status
1308 2852 1459 2905 latius
1484 2861 1627 2921 patet
1650 2888 1665 2916 ,

656 2955 978 3005 omnemque
996 2932 1239 3002 exprimit
1251 2931 1394 2983 navis
1408 2940 1562 2998 atque
1579 2947 1669 2980 na·

654 3015 946 3088 vigantium
962 3010 1661 3069 conditionem.-Jubeatve,

655 3105 846 3152 vetetve
864 3113 880 3146 .-
892 3091 1048 3160 vulgo
1064 3099 1117 3143 et
1133 3087 1188 3141 ixi
1208 3087 1396 3141 nostris
1410 3085 1671 3140 codicibus

659 3173 838 3244 Regiis
857 3171 1103 3239 subeatve
1118 3207 1132 3229 ,
1171 3168 1383 3230 velitve3
1418 3163 1507 3217 sed
1545 3172 1677 3216 vete!

659 3247 1045 3325 preferendum
1059 3285 1073 3312 ,
1093 3244 1213 3314 quia
1225 3241 1411 3295 melius
1425 3241 1678 3315 rgijubea!

659 3328 960 3401 opponitur.
979 3323 1273 3376 Ed.--Mox
1288 3319 1438 3372 docta
1460 3318 1673 3388 quidem

659 3421 737 3464 est
762 3405 1057 3462 Burmanni
1082 3400 1381 3457 emendatio
1397 3440 1412 3467 ‚
1433 3403 1677 3469 doctaque

654 3493 908 3559 polentior
920 3495 1060 3547 arte,·
1090 3480 1411 3536 Claudianus
1433 3479 1572 3534 dicto
1595 3480 1678 3533 lo-

661 3586 725 3622 co
742 3606 758 3633 ‚
790 3570 967 3619 doctus
996 3567 1260 3630 maginem·
1287 3560 1313 3630 (
1333 3558 1450 3612 vide
1475 3558 1538 3611 ad
1564 3560 1641 3613 IX
1658 3598 1674 3628 ‚

666 3644 808 3714 742)
847 3641 938 3695 sed
959 3639 1176 3693 minime
1214 3647 1325 3691 erat
1362 3637 1678 3690 necessaria:

663 3721 818 3790 vulgo
843 3719 1110 3788 legebatur
1130 3721 1399 3784 tantaque}
1428 3713 1678 3766 Heinsius

663 3797 890 3865 coniecit
930 3806 1192 3862 cautaque.
1223 3820 1292 3833 -
1323 3792 1476 3860 Regii
1513 3790 1681 3843 nostri

670 3876 875 3932 codices
897 3886 1111 3942 totaque.

615 4015 621 4022 ,
729 3959 844 4028 495.
857 3956 1271 4007 Sonantclamore
1284 3954 1485 4004 w‘rt'etc.
1504 3951 1680 4004 Sonus

664 4034 835 4087 varius
866 4044 920 4087 et
945 4031 1135 4085 mixtus
1166 4029 1488 4084 obtundebat
1519 4030 1681 4082 audi-

664 4123 800 4180 tum,
816 4113 1253 4182 perturbabatque
1269 4111 1504 4162 animum
1518 4119 1681 4161 recto·

665 4191 749 4243 ris.
776 4190 921 4258 virg.
950 4189 999 4243 d.
1030 4190 1062 4242 l.
1095 4192 1380 4257 Insequitur
1401 4192 1683 4255 clamorque

621 4321 628 4328 ,
665 4274 824 4322 vinna
836 4309 848 4326 ‚
865 4271 1140 4335 stridorque
1156 4271 1492 4320 Μάσπιοι-
1504 4267 1684 4317 Unda-

652 4365 776 4400 rum
803 4349 1021 4401 :incursu-
1053 4343 1422 4399 Gmnovianus
1449 4347 1681 4408 impulsu.

1756 2395 1857 2430 nus
1878 2396 1939 2430 ex
1962 2395 2071 2429 uno
2093 2376 2293 2430 Mureti
2313 2376 2541 2446 praetulit
2563 2386 2627 2448 τῷ
2650 2385 2770 2428 lan-

1754 2476 1897 2523 gere:
1917 2457 2017 2510 hoc
2039 2456 2297 2510 revocavit
2312 2453 2771 2509 Mitscberl—Re-

1761 2534 1829 2605 gii
1852 2534 2014 2589 nostri
2031 2533 2226 2588 habent
2239 2541 2463 2602 langere,
2481 2531 2620 2602 quod
2638 2533 2772 2586 bene

1760 2633 1882 2667 cum
1903 2618 2196 2681 adspergine
2217 2612 2471 2682 jungitur.
2490 2613 2775 2664 Bet—Ad-

1761 2699 1984 2761 spergt‘ne
1999 2699 2240 2761 lz'teguere,
2261 2691 2568 2761 adspergere
2587 2731 2601 2756 ,
2617 2692 2776 2745 etiam

1763 2771 1879 2837 111,
1908 2771 1973 2823 86
2000 2791 2014 2824 :
2042 2790 2197 2841 supra
2221 2770 2245 2825 l
2272 2810 2287 2837 ,
2326 2773 2418 2838 572
2440 2809 2455 2835 ,
2485 2773 2780 2852 adspergine

1760 2853 1920 2902 silvas
1933 2851 2298 2915 iamlam—Ex
2314 2852 2415 2900 into
2426 2853 2588 2900 verrit.
2606 2848 2780 2916 Vulgo

1764 2927 1791 2998 (
1813 2939 1866 2981 et
1889 2929 1944 2980 in
1969 2927 2145 2997 Regiis
2170 2925 2404 2996 nostris)
2423 2945 2488 2978 ex
2502 2930 2603 2976 imo
2617 2931 2777 2976 vertit.

1774 3009 1972 3059 Vertere
1994 3006 2182 3075 passim
2203 3005 2268 3057 de
2294 3005 2460 3057 ventis
2476 3020 2656 3055 arenas
2677 2997 2781 3053 tol'-

1763 3087 2020 3153 lentibus,
2046 3088 2224 3153 utVI,
2245 3085 2339 3155 706
2359 3105 2371 3138 :
2395 3084 2518 3136 hinc
2533 3082 2689 3134 etiam
2709 3073 2776 3134 de

1764 3164 2007 3219 fluctibus
2029 3165 2304 3218 commotis
2320 3203 2334 3231 ‚
2362 3164 2387 3217 1
2413 3161 2570 3214 Trist.
2594 3175 2682 3226 ιν,
2707 3159 2741 3212 6
2759 3198 2775 3225 ,

1765 3248 2020 3311 Eamque
2038 3261 2103 3294 e:
2124 3242 2409 3310 imisservet
2424 3257 2578 3292 arena
2593 3239 2742 3290 vadis
2756 3255 2777 3301 ,-

1768 3319 2016 3389 Virgilius
2033 3360 2048 3387 ,
2075 3319 2200 3372 AEn.
2223 3319 2307 3373 ΠΙ
2327 3358 2342 3385 ,
2369 3321 2460 3386 557
2476 3358 2489 3383 ,
2514 3325 2640 3369 estu
2662 3308 2783 3367 mir-

1767 3409 1942 3453 ceatur
1955 3417 2118 3451 areae
2134 3418 2149 3448 .·
2164 3395 2253 3451 sed
2281 3396 2398 3448 talia
2419 3394 2680 3447 debentur
2702 3385 2783 3445 in'·

1771 3478 1925 3547 genio
1965 3486 2255 3545 poetarum.
2296 3473 2479 3525 Motus
2520 3472 2665 3524 enim
2698 3470 2781 3524 ille

1772 3575 2024 3625 aquarum
2042 3594 2057 3621 ‚
2079 3573 2238 3623 quern
2258 3551 2456 3607 faciunt
2475 3552 2650 3618 venti,
2672 3570 2781 3604 non

1771 3635 2033 3704 pertinet,
2067 3632 2165 3685 nisi
2188 3632 2322 3684 forte
2353 3632 2404 3683 in
2437 3631 2586 3684 litore
2615 3641 2705 3682 aut
2729 3629 2783 3681 in

1771 3713 1893 3765 locis
1916 3710 2147 3777 vadosis,
2184 3708 2248 3762 ad
2275 3708 2503 3761 fundum
2537 3708 2787 3760 maris.—

1770 3790 1955 3849 Sterm',
1992 3795 2270 3859 «τηρεῖσθαι,
2303 3786 2536 3839 solemne
2564 3784 2629 3836 de
2653 3784 2788 3835 mari

1771 3867 1976 3920 tumido
1993 3907 2009 3933 ‚
2045 3884 2208 3935 quum
2234 3863 2447 3917 sedatur
2464 3902 2478 3929 ,
2509 3873 2563 3916 et
2600 3862 2788 3915 fluctus

1773 3947 2060 4017 quiescunt.
2083 3974 2148 3985 —
2163 3946 2452 4012 Spumtquue
2478 3946 2788 3996 sonantibus.

1772 4026 2038 4079 Palatinus
2062 4065 2076 4090 ‚
2122 4028 2404 4092 spumisque
2449 4024 2750 4075 tumentibus
2772 4061 2787 4078 ,

1774 4104 1914 4174 quod
1933 4105 2181 4158 Heinsius
2201 4124 2263 4157 ex
2281 4102 2388 4156 vn
2406 4143 2419 4169 ‚
2451 4101 2546 4154 263
2563 4141 2578 4168 ‚
2604 4097 2790 4168 repeti·

1774 4193 1889 4236 tum
1920 4182 2113 4251 judicat
2141 4204 2155 4244 3
2192 4181 2391 4234 Mox-eti
2424 4181 2784 4237 strz‘deaete’bu55

1775 4260 2031 4313 Gronovii
2052 4263 2347 4312 sonantibus
2368 4253 2522 4312 ardet.
2545 4283 2609 4297 -
2637 4251 2788 4322 Regii

1774 4341 1937 4394 nostri
1959 4335 2255 4394 sonantibus
2276 4343 2426 4393 albet.
