3185 5138
719 521 852 605 410

1274 521 1354 584 P.
1431 519 1784 586 OVIDII
1840 518 2289 586 NASONIS

713 661 978 765 Myleus
1002 720 1020 750 ,
1057 680 1122 737 et
1156 661 1365 758 longo
1397 663 1734 737 caelaverat
1762 680 2173 758 argumento.

715 783 901 855 Urbs
932 797 1110 867 erat3
1147 797 1215 854 et
1244 797 1496 880 septem
1528 808 1762 880 posses
1792 779 2137 854 ostendere
2168 797 2442 881 portas:

2754 804 2858 860 685

717 902 840 974 Hae
872 929 998 1001 pro
1035 900 1302 974 nomine
1340 915 1562 986 erant3
1603 916 1670 972 et
1695 927 1842 1000 quae
1881 898 2055 973 soret
2090 896 2238 986 illa,
2270 898 2614 973 docebant.

712 1019 889 1091 Ante
918 1017 1152 1091 urbem
1184 1017 1545 1118 exsequiae,
1588 1016 2001 1119 tumulique,
2036 1018 2387 1119 ignesque,
2424 1019 2740 1121 rogique,

713 1130 1094 1233 Effusaequc
1125 1160 1347 1205 comas
1372 1187 1390 1219 ,
1427 1149 1492 1205 et
1527 1149 1768 1231 apertae
1802 1150 2072 1232 pectora
2111 1150 2355 1206 matres

714 1248 1107 1344 Significant
1139 1248 1393 1322 luctum
1422 1278 1438 1321 :
1470 1248 1796 1349 Nymphae
1829 1277 2096 1348 quoque
2122 1247 2277 1322 {lere
2306 1248 2652 1338 videntur,

714 1365 1143 1466 Siccatosque
1175 1365 1361 1467 queri
1396 1364 1615 1441 fontes
1647 1395 1663 1438 ε
1698 1364 1841 1438 sine
1869 1364 2224 1440 frondibus
2261 1364 2462 1440 arbos

2757 1388 2862 1457 690

714 1482 914 1556 Nuda
947 1484 1117 1577 riget
1146 1514 1161 1555 ε
1199 1483 1451 1558 rodunt
1475 1482 1725 1557 arentia
1764 1510 1916 1556 saxa
1951 1480 2235 1583 capellae.

716 1603 889 1674 Ecce
924 1601 1083 1677 facit
1114 1603 1346 1676 mediis
1378 1620 1566 1676 natas
1604 1602 1860 1675 Orione
1884 1599 2137 1674 Thebis
2159 1657 2177 1689 ,

715 1716 908 1787 Hanc
937 1743 1072 1789 non
1110 1715 1461 1790 femineum
1495 1714 1728 1815 jugulo
1768 1715 1922 1789 dare
1950 1731 2183 1816 pectus
2219 1732 2489 1816 aperto,

716 1827 943 1918 Illam,
980 1829 1265 1905 demisso
1298 1857 1418 1931 per
1451 1829 1655 1903 fortia
1689 1827 1955 1904 vulnera
1993 1827 2123 1903 telo

713 2015 866 2068 saber
894 2017 1246 2086 argentarius,
1272 2017 1494 2090 inclytus
1519 2017 1735 2072 sortasse

714 2097 890 2166 priscis
926 2098 1249 2167 temporibus
1285 2099 1349 2151 ab
1387 2108 1499 2151 arte
1532 2116 1641 2151 sua.
1672 2127 1739 2138 —

713 2177 912 2246 Lydius
948 2176 1116 2229 Alcon
1152 2187 1367 2231 vocatur
1402 2196 1431 2229 a
1465 2176 1739 2231 Lactantio

716 2255 770 2308 in
784 2256 1006 2325 Argum.
1023 2256 1131 2310 Sed
1146 2257 1198 2309 h.
1214 2257 1245 2309 l.
1261 2276 1357 2327 pro
1371 2259 1577 2328 Alyleus
1591 2257 1740 2311 MSS

715 2354 878 2405 prope
897 2356 1083 2390 omnes
1098 2339 1276 2389 Nileus
1288 2379 1301 2398 ,
1327 2336 1469 2389 unde
1487 2335 1741 2390 Heinsius

715 2414 928 2483 conjicit
946 2419 1148 2479 Nileus,
1180 2416 1314 2469 Nilei
1333 2416 1487 2470 filius.
1502 2445 1568 2456 —
1588 2416 1740 2486 Regii

714 2495 919 2551 codices
960 2495 1117 2549 ambo
1158 2494 1287 2549 dant
1330 2498 1511 2549 Nileus
1534 2536 1549 2554 ,
1595 2494 1738 2563 quod

718 2575 924 2628 Heinsii
943 2576 1302 2643 conjecturam
1317 2573 1530 2627 firmare
1546 2573 1736 2642 possit;

714 2654 757 2707 si
774 2657 977 2726 Myleus
989 2675 1196 2709 servare
1211 2655 1336 2708 velit
1354 2655 1516 2707 lector
1529 2692 1544 2718 ,
1572 2654 1743 2706 inter-

719 2744 957 2804 pretetur
991 2753 1103 2787 non
1140 2734 1305 2806 Mylei
1339 2733 1509 2786 filium
1538 2772 1553 2798 ,
1586 2731 1681 2786 sed
1711 2750 1742 2784 a

717 2811 883 2881 patria
905 2812 975 2866 sic
997 2812 1429 2881 cognominatum
1444 2850 1460 2877 ,
1487 2810 1540 2863 id
1559 2820 1636 2863 est
1654 2809 1742 2863 Si-

718 2890 896 2942 culum
934 2909 946 2943 2
985 2891 1145 2961 Mylae
1183 2890 1328 2943 enim
1369 2888 1622 2958 oppidum
1664 2900 1741 2941 est

715 2965 910 3017 siciliae
932 2987 946 3026 ;
994 2967 1057 3018 ad
1099 2966 1490 3019 distinctionem
1539 2966 1604 3018 ab
1653 2965 1742 3018 illo

720 3043 994 3110 Cretensi,
1020 3045 1169 3113 cujus
1186 3045 1429 3098 meminit
1453 3045 1703 3115 Virgilius
1720 3084 1736 3111 ,

719 3121 898 3191 Eclog.
927 3125 997 3176 V.
1025 3123 1149 3176 Duo
1173 3134 1350 3176 autem
1384 3122 1602 3177 suerunt
1624 3124 1741 3175 Al-

719 3219 906 3263 cona,
936 3200 1019 3255 hic
1051 3200 1199 3254 saber
1223 3203 1546 3271 argentarius
1563 3242 1578 3269 ,
1611 3201 1741 3256 alter

724 3282 994 3335 Cretensis
1011 3321 1026 3348 ,
1070 3290 1181 3334 arte
1207 3280 1484 3350 sagittandi
1510 3281 1739 3350 insignis.

719 3362 818 3413 Ed.
832 3362 1263 3428 —Argumenlum
1276 3399 1290 3423 ‚
1316 3359 1530 3413 historia
1549 3362 1606 3415 in
1625 3381 1742 3414 cra-

718 3451 830 3493 tere
848 3459 1116 3509 expressa,
1141 3443 1367 3507 longum,
1389 3441 1539 3508 cujus
1562 3439 1741 3495 multae

717 3527 890 3588 partes
905 3558 920 3584 ,
945 3519 1096 3572 multi
1123 3530 1281 3573 actus.
1306 3518 1371 3572 ln
1392 3519 1637 3589 operibus
1658 3539 1741 3572 ar-

718 3597 783 3651 tis
803 3638 818 3664 ,
849 3618 897 3651 v.
920 3618 963 3651 c.
988 3598 1214 3664 foribus,
1250 3598 1441 3670 clypeis
1458 3637 1473 3664 ,
1504 3598 1704 3668 poculis
1722 3636 1738 3663 ,

718 3676 880 3745 peplis
903 3677 1065 3730 etiam
1097 3677 1282 3731 sabulae
1307 3676 1620 3746 plerumque
1646 3696 1739 3728 ex-

719 3773 906 3824 pressae
920 3766 1074 3809 erant
1087 3795 1102 3822 ,
1122 3757 1307 3825 quibus
1321 3755 1628 3809 enarrandis
1638 3757 1740 3826 pla·

719 3845 842 3888 cent
864 3834 961 3888 sibi
990 3849 1158 3904 poetae
1182 3854 1196 3888 ε
1224 3835 1406 3888 confer
1436 3836 1527 3902 11,
1555 3838 1583 3888 5
1607 3856 1738 3905 sqq;

721 3913 829 3979 v1,
854 3913 1025 3984 69³qq
1045 3935 1059 3976 ;
1080 3912 1389 3982 Virgilium,
1416 3913 1542 3966 AEn.
1566 3913 1705 3966 Vlll
1725 3952 1741 3980 ,

720 3992 850 4056 625;
879 3993 1161 4048 Moschum
1183 4034 1197 4060 ,
1226 3993 1304 4046 ld.
1334 3993 1420 4059 ll,
1446 3994 1506 4060 37
1527 4012 1643 4061 sqq.

785 4073 899 4127 685.
931 4076 1229 4135 ostendere,
1259 4092 1450 4142 nempe
1483 4072 1634 4127 alteri
1658 4074 1741 4127 si-

719 4151 832 4203 mul
854 4152 1232 4222 contemplanti
1251 4191 1266 4219 ,
1294 4152 1477 4205 maluit
1499 4171 1624 4221 pro,
1651 4151 1739 4204 vi·-

719 4227 846 4282 dere
859 4269 873 4295 ,
899 4231 1206 4301 perspicere.
1220 4259 1285 4270 —
1298 4232 1491 4299 Septem
1505 4271 1517 4282 .
1534 4270 1546 4282 .
1563 4271 1574 4282 .
1587 4233 1742 4283 doce-

721 4313 875 4373 bant‚·
915 4310 1013 4367 iuae
1050 4322 1214 4380 portae
1257 4309 1555 4379 docebant,
1598 4310 1740 4365 illam

1834 2020 2023 2072 urbem
2046 2039 2153 2073 esse
2193 2018 2404 2073 Thebas
2420 2058 2437 2086 ,
2459 2028 2662 2088 septem
2694 2019 2861 2089 portis

1836 2100 2036 2153 nobiles
2051 2139 2066 2166 ,
2090 2105 2216 2162 6562,
2238 2089 2516 2160 ἑπάπυλος.
2538 2097 2748 2152 Thebas
2769 2099 2858 2152 illo

1836 2189 2072 2249 tempore
2082 2178 2339 2232 siccitaset
2355 2178 2512 2248 pestis
2523 2178 2858 2248 premebant;

1835 2278 1963 2328 quas
2005 2258 2321 2310 calamitates
2363 2256 2632 2325 quomodo
2676 2256 2860 2309 artifex

1835 2335 2175 2406 expresserit,
2213 2335 2268 2388 in
2299 2335 2638 2404 sequentibus
2664 2344 2859 2388 osten-

1835 2414 1994 2468 ditur.
2010 2442 2078 2454 -—
2095 2416 2353 2483 leuesque·
2366 2419 2567 2483 mge‘que
2592 2432 2687 2481 per
2709 2412 2859 2466 hen-

1836 2492 2029 2564 diadyn
2049 2533 2063 2559 ,
2097 2492 2209 2561 rogi
2246 2491 2507 2546 ardentes.
2545 2490 2674 2544 Sine
2704 2509 2860 2544 causa

1836 2574 2091 2628 Heinsius
2111 2573 2324 2641 conjicit
2337 2592 2563 2641 uma-que
2581 2577 2861 2641 rogique.—

1836 2657 1979 2707 Hete
2004 2656 2260 2720 videntur-,⁶
2281 2653 2331 2706 X
2346 2691 2362 2716 ,
2390 2657 2513 2716 250,
2543 2651 2607 2704 de
2627 2652 2859 2722 Pygma-

1836 2730 1990 2785 lionis
2007 2741 2176 2795 statua
2193 2768 2209 2796 ,
2235 2749 2383 2798 quam
2401 2734 2566 2782 w'crem
2583 2731 2776 2781 credas.
2790 2755 2858 2767 —

1834 2813 1991 2879 Rege!
2003 2828 2021 2875 ,·
2034 2810 2154 2864 vide
2172 2810 2238 2863 ad
2253 2811 2334 2864 XI
2347 2850 2364 2877 ,
2385 2810 2669 2865 isa—Pro
2680 2811 2862 2861 rodunt

1836 2890 1994 2961 vulgo
2013 2893 2033 2957 (
2047 2902 2101 2944 et
2117 2890 2172 2943 in
2188 2889 2366 2943 codice
2388 2889 2556 2959 Regio
2572 2889 2651 2955 A)
2669 2887 2858 2958 legitur

1834 2972 2064 3020 lambunt
2078 2985 2095 3032 ‚·
2121 2967 2211 3022 sed
2229 2971 2400 3021 rodere
2413 2987 2550 3020 saxa
2564 2968 2770 3037 egregie
2780 2966 2856 3020 de

1836 3046 2044 3115 capellis
2068 3066 2267 3116 sparsas
2290 3046 2343 3099 iu
2369 3047 2501 3099 saxis
2529 3056 2582 3099 et
2607 3046 2856 3100 brevissi-

1837 3144 1949 3178 mas
1971 3124 2157 3179 herbas
2180 3125 2530 3193 carpentibus.

1902 3206 2017 3277 692.
2046 3207 2202 3257 Orion
2228 3204 2515 3257 Thebanus
2538 3203 2665 3257 duas
2691 3203 2850 3257 babe-

1837 3282 1926 3336 bat
1940 3282 2070 3335 filias
2084 3321 2100 3348 ,
2115 3281 2439 3336 Metioebam
2449 3293 2502 3335 et
2515 3282 2851 3352 Menippam:

1839 3380 2002 3431 quum
2036 3361 2317 3431 aliquando
2342 3361 2499 3431 pestis
2524 3362 2729 3415 saeviret
2762 3380 2854 3431 per

1836 3440 2096 3495 Boeotiam
2108 3479 2125 3507 ,
2141 3451 2195 3493 et
2211 3459 2518 3510 responsum
2537 3450 2700 3506 esset,
2720 3439 2853 3492 Deo·

1836 3538 1957 3572 rum
1991 3518 2124 3571 iram
2166 3518 2355 3586 placari
2390 3536 2501 3570 non
2541 3535 2690 3586 posse
2709 3556 2725 3583 ,
2757 3515 2852 3569 nisi

1838 3596 1957 3651 duae
1982 3595 2387 3649 immolarentur
2413 3596 2669 3665 virgines,
2699 3605 2856 3648 caete·

1837 3674 1910 3728 ris
1932 3674 2291 3728 recusantibus
2308 3712 2323 3739 ,
2353 3673 2433 3726 bae
2455 3692 2552 3743 pro
2573 3673 2737 3726 salute
2763 3690 2854 3740 pa-

1835 3753 1950 3807 triae
1970 3774 2025 3808 se
2053 3754 2394 3817 obtulerunt;
2433 3753 2618 3807 confer
2655 3754 2854 3806 Anton.

1837 3835 2161 3901 Liberalem,
2187 3855 2265 3905 cp.
2294 3837 2589 3889 25.-—Fac1·1
2605 3834 2668 3886 ab
2691 3831 2855 3887 artifi-

1836 3934 1894 3968 ce
1919 3914 2227 3968 translatum
2252 3913 2507 3983 adipsum
2528 3932 2687 3982 opus,
2714 3907 2854 3979 quod

1839 3994 2048 4048 exhibet
2070 4004 2459 4064 argumentum.
2479 4022 2546 4039 ψ-
2561 3996 2675 4047 Non
2696 3992 2856 4060 fimi-

1835 4092 2012 4138 neum
2034 4091 2188 4142 supra
2206 4111 2222 4138 ,
2247 4091 2380 4125 vers.
2407 4073 2498 4137 451
2521 4110 2536 4136 ,
2565 4073 2689 4138 plus
2709 4085 2853 4137 quan

1822 4148 2043 4217 semina.
2061 4179 2127 4192 --
2144 4153 2318 4203 Fortia
2341 4152 2549 4202 vulnera
2564 4189 2578 4212 ,
2606 4165 2722 4216 quae
2744 4145 2856 4215 quis

1833 4229 1958 4284 sorti
1978 4231 2156 4284 animo
2172 4231 2369 4300 patitur
2390 4249 2403 4282 :
2426 4230 2547 4299 quia
2563 4229 2618 4281 in
2638 4228 2856 4281 Floren-

1838 4310 1952 4365 tino
1957 4328 2055 4378 per
2063 4315 2243 4365 inertia
2256 4312 2464 4363 vulnera
2480 4305 2675 4377 reperit
2692 4303 2857 4358 Hein-
