3185 5138
686 557 1753 626 METAMORPHOSEON
1800 561 2003 630 LIB.
2056 561 2201 627 IX.

359 700 667 798 Namque
698 694 1039 770 laboriferi
1078 725 1286 796 quum
1318 697 1449 795 jam
1485 697 1724 772 natalis
1767 697 2025 772 adesset

2386 582 2508 654 107

2416 724 2516 777 285

361 813 674 888 Herculis
694 870 712 902 ‚
748 831 815 887 et
843 810 1169 885 decimum
1201 830 1611 914 premeretur
1641 815 1853 888 sidere
1893 815 2196 910 signum;

360 930 710 1005 Tendebat
746 929 1032 1026 gravitas
1064 946 1326 1004 uterum
1353 931 1518 1005 mihi
1551 962 1565 1004 ε
1600 931 1916 1034 quodque
1945 933 2271 1022 ferebam,

359 1049 653 1121 Tantum
689 1065 869 1134 erat,
903 1065 982 1121 ut
1014 1076 1246 1149 posses
1281 1067 1621 1123 auctorem
1655 1049 1868 1124 dicere
1903 1049 2057 1123 tecti

362 1165 692 1239 Pon‘deris
728 1191 870 1237 esse
901 1165 1138 1238 Jovem
1172 1195 1187 1238 ε
1222 1194 1346 1239 nec
1378 1166 1511 1265 jam
1548 1165 1829 1240 tolerare
1863 1165 2129 1241 labores

362 1282 663 1357 Ulterius
699 1299 1001 1382 poteram
1034 1311 1048 1353 ε
1083 1282 1247 1382 quin
1283 1311 1462 1356 nunc
1502 1312 1773 1384 quoque
1809 1281 2096 1378 frigidus
2130 1301 2315 1357 artus
2338 1340 2357 1373 ‚
2415 1320 2516 1376 290

361 1401 543 1474 Dum
564 1397 845 1499 loquor,
868 1397 1118 1472 horror
1136 1399 1373 1486 habet;
1402 1429 1690 1501 parsque
1717 1418 1818 1475 est
1834 1400 2214 1475 meminisse
2240 1398 2515 1475 doloris.

359 1518 632 1617 Septem
668 1544 794 1610 ego
832 1544 953 1618 per
987 1533 1220 1590 noctes
1241 1573 1260 1603 ‚
1302 1516 1579 1592 totidem
1613 1516 1906 1591 cruciata
1942 1517 2182 1591 diebus
2203 1573 2222 1606 ‚

359 1635 559 1707 Fessa
592 1633 784 1707 malis
806 1691 824 1720 ‚
867 1633 1277 1735 tendensque
1310 1634 1391 1707 ad
1426 1633 1657 1708 caelum
1692 1633 1966 1709 brachia
1988 1690 2007 1723 ,
2042 1662 2285 1730 magno

359 1749 679 1824 Lucinam
699 1806 718 1836 ‚
750 1749 1096 1851 Nixosque
1129 1778 1322 1851 pares
1349 1807 1369 1837 ‚
1407 1750 1691 1826 clamore
1728 1751 2065 1825 vocabam.

428 1955 538 2008 285.
563 1955 833 2022 laboristr
854 1954 1118 2009 delectum
1143 1954 1391 2010 Herculis

361 2032 651 2101 epitheton.
674 2061 741 2074 —
763 2036 1028 2086 Decimum
1040 2072 1052 2085 .
1068 2075 1079 2085 .
1096 2072 1107 2084 .
1125 2072 1136 2083 .
1153 2039 1350 2101 segvnum
1366 2073 1380 2094 ,

364 2113 568 2166 decimo
591 2133 790 2167 mense.
808 2116 1032 2181 Signum.
1052 2113 1198 2168 sidus
1214 2112 1391 2166 zodia-

362 2193 504 2244 ci.—
518 2195 830 2245 Pte-meretur
846 2191 1133 2262 elegantius
1153 2232 1166 2258 ,
1193 2210 1351 2261 quam
1373 2230 1388 2256 ,

362 2290 528 2339 quum
559 2270 853 2324 intravisset
875 2277 1049 2332 sidus,
1082 2271 1136 2323 id
1163 2281 1273 2337 est,
1309 2269 1385 2323 sol

362 2350 627 2403 decimum
655 2351 882 2421 signum.
919 2350 1010 2403 Sol
1028 2355 1215 2418 premit
1245 2350 1383 2416 loca,

361 2429 426 2481 ad
451 2449 566 2498 que
590 2429 815 2487 accedit,
845 2429 1000 2496 XIV,
1029 2429 1217 2495 416.-
1235 2430 1387 2481 Gra-

361 2513 508 2571 vitas,
529 2528 682 2579 grave
698 2527 765 2571 on
774 2527 916 2561 us.—-
931 2510 1197 2566 Tendebat,
1214 2515 1389 2558 exten·

359 2585 549 2652 debat,
579 2597 636 2638 ut
660 2587 711 2639 X
731 2627 746 2653 ,
777 2587 889 2640 506.
903 2614 969 2627 —
989 2588 1139 2652 Quod
1134 2585 1385 2653 ferebam.

360 2665 563 2718 Amant
586 2664 755 2719 Graeci
774 2676 826 2718 et
846 2664 1020 2717 Latini
1047 2673 1299 2716 neutrum
1318 2662 1383 2716 de

357 2744 543 2811 quovis
557 2743 841 2797 soetu.Vide
859 2742 1117 2796 Gronovii
1136 2739 1267 2795 Obs.
1285 2741 1382 2802 111,

359 2825 921 2892 2.-Tectt'pondcr125‚·
947 2822 1153 2876 Seneca
1171 2862 1186 2887 ,
1220 2821 1383 2891 Epist.

362 2904 456 2968 ¹²4
470 2943 486 2968 ,
511 2904 611 2954 Ille
627 2943 639 2962 ,
675 2908 765 2972 qui
786 2912 1116 2955 maternorum
1143 2905 1385 2954 viscerum

356 2999 485 3032 onus
506 2984 671 3033 latens
693 2982 1126 3033 est—Auctorem
1139 3022 1152 3041 ‚
1180 2989 1237 3032 ut
1256 2980 1385 3032 He-

355 3056 491 3109 roid.
526 3057 608 3110 Vl
626 3097 641 3124 ,
674 3078 738 3112 πο
755 3097 770 3124 ,
807 3060 934 3109 rm'he‘
955 3062 1174 3126 gram’dae
1182 3057 1391 3125 ficem!

358 3148 540 3190 auctor
547 3157 689 3191 onus.
701 3165 767 3177 —
782 3141 889 3191 Nec
896 3139 1045 3206 jam:
1074 3136 1258 3190 Codex
1274 3136 1387 3190 Re-

360 3218 472 3288 gius
486 3216 536 3270 Α
553 3257 568 3284 ,
580 3218 702 3286 jam
727 3238 842 3272 uon.

413 3316 528 3369 29¹·
547 3299 739 3359 Habc!,·
765 3297 858 3363 (sic
874 3297 1038 3351 nostri
1057 3295 1238 3369 Regii)
1251 3298 1385 3352 Nea·

357 3373 637 3443 politanus,
655 3375 916 3429 secundus
931 3376 1203 3430 Mediceus
1218 3386 1271 3429 et
1286 3377 1386 3431 Ur·

359 3454 507 3507 binas
533 3457 649 3507 adit
667 3472 686 3518 ,⁶
724 3454 846 3508 inde
879 3456 1129 3509 Heinsius
1159 3455 1387 3524 conjecit

357 3538 737 3588 obla—Horror
749 3538 903 3588 habet
910 3546 1063 3588 artus.
1080 3538 1123 3588 A
1132 3547 1240 3589 mat
1255 3536 1387 3589 Nos·

359 3624 442 3667 ter
465 3614 601 3669 hanc
627 3616 853 3668 sormam
885 3614 1168 3684 loquendi;
1202 3614 1344 3670 vlu
1367 3655 1383 3684 ‚

358 3695 421 3760 84
438 3732 452 3758 ,
473 3696 838 3762 habetprctora
851 3711 1084 3760 somnus,·
1104 3693 1212 3746 Vll
1234 3734 1248 3761 ‚
1267 3697 1383 3762 547,

358 3773 513 3824 habet
532 3776 746 3840 languor
765 3776 963 3838 omm‘a‚·
985 3773 1041 3826 ΙΙ
1059 3812 1074 3839 ,
1102 3773 1237 3826 Fast.
1259 3775 1354 3840 754
1368 3812 1383 3839 ,

357 3852 513 3903 babet
535 3862 746 3918 pectora
761 3849 936 3918 frigus
963 3869 979 3902 .·
1010 3850 1126 3903 vide
1160 3862 1215 3904 et
1249 3849 1386 3903 infra

358 3926 423 3980 ad
451 3929 501 3981 X
518 3968 534 3995 ,
562 3932 641 3983 81.

428 4009 540 4079 294.
576 4011 835 4077 Neitosque
858 4026 1028 4076 pares.
1067 4006 1245 4077 Vulgo
1265 4046 1280 4072 ‚
1316 4009 1395 4059 ad

353 4105 515 4140 nexos
527 4099 727 4156 partus.
743 4089 901 4142 Unus
922 4088 1163 4141 Vatican.
1185 4098 1239 4140 et
1259 4086 1388 4140 Cio·

353 4167 529 4231 sanus,
544 4169 621 4218 ad
624 4186 880 4236 nexusque
882 4184 1053 4236 pares.
1064 4167 1201 4220 Dan.
1217 4166 1387 4219 Hein-

353 4244 459 4296 sius
479 4264 541 4297 ex
558 4244 722 4298 MSS.
739 4245 958 4315 protulit
972 4251 1048 4298 ad
1054 4250 1198 4298 nisus
1205 4263 1384 4314 pares,

354 4332 410 4375 et
431 4324 661 4391 conjecit
676 4363 692 4393 ‚
722 4327 800 4378 ad
814 4329 959 4379 mteus
983 4326 1063 4381 vel
1091 4330 1243 4380 mirus
1259 4344 1393 4401 pas·-

1486 1966 1580 2011 tes.
1614 1957 1861 2027 Plerique
1894 1958 2237 2024 vetustiores,
2269 1958 2518 2010 Lucinam

1487 2055 1745 2105 nexusque
1771 2056 1926 2104 pares
1950 2078 1961 2096 ‚
2000 2037 2099 2090 nisi
2136 2035 2278 2106 quod
2303 2036 2518 2106 quidam

1488 2120 1736 2184 nixusque
1748 2156 1759 2174 ‚
1791 2113 1933 2186 quod
1947 2116 2206 2168 Turnebo
2220 2116 2519 2185 probatum.

1491 2193 1728 2246 Florent.
1755 2194 1810 2248 S.
1843 2194 2013 2247 Marci
2044 2213 2141 2264 pro
2164 2193 2367 2246 diversa
2400 2193 2518 2246 lec-

1484 2269 1629 2322 tione
1646 2309 1662 2337 ,
1698 2274 1784 2322 vel
1804 2276 1958 2323 nixus
1984 2275 2072 2326 vel
2090 2290 2270 2323 noxas.
2303 2269 2517 2323 Primus

1484 2347 1763 2402 Mediceus
1788 2389 1802 2415 ,
1845 2349 2107 2403 secundus
2148 2349 2418 2404 Palatinus
2462 2358 2516 2400 et

1483 2425 1591 2478 duo
1604 2425 1687 2478 alii
1701 2466 1716 2493 ,
1732 2445 2153 2495 nexosquepares.
2168 2425 2336 2480 Nicol.
2348 2424 2514 2477 Hein-

1481 2505 1588 2558 sius
1611 2504 1766 2575 elegit
1791 2526 1852 2559 ex
1873 2524 1982 2558 uno
2002 2524 2098 2559 suo
2120 2545 2134 2572 ,
2158 2510 2516 2574 nixos-questa-

1481 2604 1591 2647 res,
1621 2584 1870 2654 idemque
1903 2585 2030 2638 olim
2056 2584 2294 2655 legebat,
2333 2589 2517 2636 mitum

1473 2685 1645 2733 pares.
1658 2694 1727 2705 —
1743 2666 1938 2735 Regius
1956 2675 2137 2719 noster
2158 2665 2204 2717 A
2222 2704 2240 2732 ,
2262 2681 2516 2732 nexusque

1471 2762 1659 2810 [ωιτη
1687 2743 1885 2814 Regius
1901 2745 1945 2798 B
1958 2784 1972 2811 ‚
1997 2747 2072 2796 ad
2082 2763 2240 2797 nexos
2248 2754 2513 2810 partus.—

1481 2824 1651 2875 Nelros
1670 2833 1760 2875 aut
1780 2826 1963 2876 marios
1984 2821 2248 2893 puerperii
2268 2819 2512 2891 presides

1481 2900 1636 2953 fuisse
1661 2900 1847 2954 volunt
1874 2942 1889 2968 ,
1928 2921 1956 2954 a
1992 2904 2196 2955 m'oendo
2223 2900 2295 2954 sic
2330 2898 2510 2953 dictos.

1481 2976 1667 3032 Festus
1695 2998 1708 3032 t
1737 2980 1891 3032 Νίτίι·
1907 2980 2011 3031 Dii
2024 2982 2127 3031 tria
2147 2982 2297 3045 segma
2320 2979 2504 3045 appel-

1477 3057 1652 3108 lantur
1667 3061 1722 3109 in
1753 3058 2005 3123 Capitolio
2028 3075 2094 3108 an
2102 3065 2151 3108 te
2177 3055 2363 3108 cellam
2386 3055 2506 3107 Μ’·-

1478 3154 1638 3187 nerva
1661 3176 1674 3198 ‚
1709 3138 1919 3203 genibus
1952 3140 2079 3188 nixa
2102 3175 2114 3197 ‚
2154 3137 2291 3187 velut
2312 3138 2507 3201 pra-si-

1478 3216 1653 3265 dentes
1660 3216 1964 3280 parientium
1978 3216 2197 3265 nisibus.
2214 3211 2391 3264 Etiam
2404 3212 2507 3266 No-

1479 3290 1599 3344 nius
1614 3310 1701 3343 eos
1714 3291 2033 3360 parientibus
2053 3290 2314 3360 praesuisse
2335 3289 2507 3342 tradit.

1482 3370 1546 3424 ln
1577 3370 1700 3423 MS.
1728 3369 2036 3424 Twisdenio
2073 3370 2312 3423 additum
2347 3366 2507 3421 schol.

1480 3451 1751 3502 Next‘sun!
1759 3452 1859 3511 Di,
1878 3455 2280 3518 quiconnectunt
2289 3451 2508 3501 membra

1479 3531 1738 3581 mulinum
1753 3530 1924 3580 soluta
1947 3530 2257 3595 adpartum,
2280 3530 2413 3580 unde
2434 3531 2509 3581 di-

1479 3618 1662 3660 cuntur
1680 3609 1828 3660 Ναί.
1846 3635 1913 3645 -
1936 3609 2197 3674 Namque
2202 3627 2371 3674 pares.
2387 3608 2508 3660 Duo

1479 3687 1828 3756 suntsratrcs,
1858 3691 2168 3753 De'e'parlus,
2194 3693 2332 3741 sei-ut
2344 3699 2395 3741 et
2404 3690 2510 3740 Lu-

1481 3774 1625 3822 cinae.
1667 3770 1875 3821 Verum
1918 3778 2109 3838 praeter
2142 3768 2511 3839 grammaticos

1482 3866 1647 3901 nemo
1678 3858 1954 3902 auctorum
1989 3858 2230 3901 veterum
2266 3846 2510 3899 mentio—-

1481 3947 1610 3980 nem
1650 3929 1770 3980 facit
1810 3929 2066 3982 Nixorum
2108 3938 2198 3980 aut
2236 3928 2531 3981 Nexorum.

1482 4008 1744 4061 Deorum.
1778 4008 1890 4062 Nec
1930 4016 2177 4077 apparet,
2215 4024 2321 4075 quo
2353 4024 2510 4058 sensu

1480 4084 1565 4140 hic
1580 4086 2011 4153 dicantur-pares,
2034 4085 2175 4156 quod
2194 4086 2378 4138 Burm.
2399 4103 2514 4137 mu·

1483 4173 1654 4217 tatum
1669 4164 1873 4217 volebat
1891 4166 1944 4217 in
1962 4167 2139 4227 Lares,
2162 4175 2220 4218 ut
2234 4163 2513 4217 Nelte’inter

1487 4241 1636 4295 Deos
1669 4241 1828 4298 Lares
1858 4242 1963 4296 sint
1984 4244 2162 4297 habiti.
2186 4241 2521 4297 Schirachius

1482 4319 1721 4375 defendit
1744 4321 1859 4375 lect.
1884 4322 2020 4393 vulg.
2043 4325 2122 4375 ad
2137 4342 2295 4376 nexos
2308 4332 2509 4392 partus,
