3185 5138
660 534 746 600 82
1218 532 1298 597 P.
1356 530 1713 600 OVIDII
1777 529 2235 599 NASONIS

657 669 867 745 Exuit
905 668 1285 770 amplexus,
1325 669 1743 771 adductaque
1768 670 2042 745 brachia
2077 670 2321 759 solvit;

661 785 1165 888 Impulsumque
1198 816 1399 864 manu
1435 792 1741 883 (certum
1775 787 1941 860 mihi
1976 817 2127 863 vera
2153 788 2394 883 fateri)

659 903 982 977 Protinus
1017 904 1290 990 avertit,
1330 920 1655 1002 tergoque
1690 932 2015 979 onerosus
2048 905 2333 979 inhaesit.

660 1023 733 1097 Si
766 1050 899 1123 qua
927 1020 1093 1095 fides
1116 1078 1135 1110 ,
1167 1049 1385 1120 neque
1421 1019 1600 1096 enim
1629 1019 1782 1094 ficta
1815 1021 1980 1095 mihi
2017 1021 2230 1118 gloria
2256 1050 2415 1096 voce
2743 1044 2807 1122 55

660 1141 1042 1238 Quaeritur,
1081 1138 1397 1238 imposito
1429 1165 1702 1238 pressus
1736 1139 1901 1213 mihi
1932 1157 2162 1215 monte
2197 1141 2489 1217 videbar.

654 1258 790 1330 Vix
824 1274 1047 1330 tamen
1080 1256 1339 1330 exserui
1373 1253 1620 1330 sudore
1652 1255 1924 1331 fluentia
1956 1256 2173 1331 multo

657 1373 986 1448 Brachia:
1017 1374 1126 1446 vix
1160 1371 1330 1446 solvi
1367 1372 1570 1447 duros
1603 1402 1638 1446 a
1671 1392 1943 1474 pectore
1976 1403 2205 1449 nexus.

659 1494 876 1565 Instat
908 1489 1282 1580 anhelanti,
1321 1491 1773 1592 prohibetque
1805 1519 2141 1566 resumere
2176 1491 2348 1566 vires
2378 1519 2396 1581 ;

652 1612 748 1683 Et
783 1607 1031 1682 cervice
1063 1637 1208 1682 mea
1239 1609 1503 1708 potitur
1538 1640 1553 1682 :
1589 1627 1732 1682 tum
1764 1608 2053 1709 denique
2091 1607 2292 1685 tellus
2741 1632 2810 1683 6ο

655 1728 893 1801 Pressa
925 1755 1101 1823 genu
1136 1744 1374 1800 nostro
1410 1745 1512 1801 est
1534 1783 1553 1815 ,
1586 1744 1654 1801 et
1686 1755 1917 1801 arenas
1952 1755 2065 1800 ore
2099 1725 2453 1799 momordi.

651 1912 871 1974 gauter,
912 1906 1061 1955 exuit
1094 1904 1359 1968 amplexus
1386 1941 1399 1962 ,
1443 1919 1540 1970 pro
1573 1919 1680 1969 quo

650 2002 776 2035 mox
798 1984 935 2035 solvi
953 2003 988 2034 a
1009 1999 1213 2048 corpote
1234 1997 1429 2044 netum
1455 1978 1678 2032 Her-oid.

652 2062 793 2116 XIII
820 2102 834 2128 ,
873 2081 931 2113 ια
952 2100 966 2125 ,
988 2063 1159 2113 solvor
1175 2064 1242 2112 ab
1265 2062 1536 2126 amplexu:
1565 2057 1679 2111 Cic.

651 2143 810 2194 Verr.
831 2139 901 2205 V,
922 2140 1004 2205 58,
1022 2158 1202 2191 exuere
1213 2157 1271 2190 se
1285 2140 1494 2205 laqueis.
1512 2137 1681 2188 Exue·

650 2220 782 2274 bant
797 2238 860 2271 au
868 2230 975 2272 tem
993 2217 1260 2287 ampiexus
1274 2214 1431 2269 dorso
1444 2225 1677 2269 curvato.

649 2327 717 2338 —
739 2300 908 2352 Exuit
1003 2299 1245 2349 adducta.
1273 2294 1459 2348 Codex
1483 2294 1680 2363 Regius

647 2379 700 2432 Λ
721 2418 737 2445 ,
780 2383 976 2431 excutit
989 2416 1067 2429 .....
1083 2377 1341 2439 abducta,-
1387 2371 1573 2426 Codex
1599 2371 1644 2424 B
1662 2413 1678 2440 ,

644 2462 841 2510 excutit
860 2457 1101 2508 adducto.
1123 2481 1193 2493 —
1218 2451 1465 2505 Adducta
1482 2491 1496 2512 .
1531 2449 1596 2502 ad
1622 2469 1679 2503 se

649 2545 829 2590 tracta.
869 2534 1020 2604 Soepe
1051 2534 1247 2587 Noster
1281 2531 1382 2584 hoc
1405 2530 1567 2584 verbo
1606 2529 1680 2583 ita

644 2616 817 2668 utitur
837 2654 850 2680 ,
880 2625 933 2668 et
958 2612 1230 2669 interdum
1255 2610 1378 2665 satis
1397 2608 1676 2682 graphice,

649 2695 895 2759 utVlll,
914 2696 1009 2755 28;
1035 2691 1351 2758 Heroid.X,
1391 2690 1682 2757 104—-Sol-

646 2779 748 2834 vit,
781 2772 1003 2841 expedit.
1032 2771 1253 2840 Proprie
1281 2771 1495 2821 solverat
1514 2787 1680 2821 nexus

650 2864 742 2907 aut
766 2850 954 2905 nodus.
983 2852 1328 2905 Burmannus
1357 2858 1542 2901 monet
1577 2847 1680 2901 So-

638 2920 853 2994 ⁰linum,
903 2929 1001 2999 Ep.
1030 2931 1094 2996 ²4
1117 2967 1131 2995 ,
1160 2927 1341 2980 dixisse
1364 2965 1379 2991 ,
1422 2930 1682 2994 implicate

647 3020 702 3064 et
718 3012 973 3077 explicate
995 3025 1169 3059 nexus.
1188 3034 1254 3047 -
1276 3008 1516 3058 Protinus
1533 3024 1681 3057 arer-

647 3097 751 3157 tit,-
775 3108 939 3159 quum
963 3087 1163 3157 primus
1180 3085 1555 3140 Gronovianus
1570 3124 1584 3151 ,
1604 3105 1679 3138 se·

652 3168 859 3224 cundus
900 3166 1171 3220 Palatinus
1198 3206 1213 3233 ,
1259 3165 1445 3219 tertius
1487 3162 1679 3216 Medi-

651 3268 778 3302 ceus
804 3288 818 3313 ,
856 3246 1057 3317 primus
1101 3244 1411 3298 Basiieensis
1434 3284 1448 3308 ,
1486 3243 1676 3312 aliique

651 3326 835 3392 multi,
856 3326 1395 3393 praeserantadvert17‚·
1424 3322 1678 3375 Heinsius

649 3405 751 3477 legi
774 3404 981 3458 volebat
995 3407 1193 3457 Pronus
1215 3406 1414 3455 humum
1431 3444 1443 3459 .
1470 3413 1559 3455 aut
1579 3404 1678 3455 bu-

651 3504 760 3544 mo,
798 3487 1047 3548 adm-rm,-
1079 3480 1219 3551 quod
1248 3489 1387 3534 recte
1413 3480 1676 3549 improbat

651 3564 1023 3627 Burmannus,
1046 3562 1168 3631 quia
1186 3580 1338 3613 versu
1365 3559 1431 3611 60
1454 3558 1674 3613 demum

653 3642 898 3697 tellurem
923 3641 1116 3710 premit
1145 3639 1500 3692 Achelous.—-
1521 3637 1675 3708 Regii

648 3720 818 3774 nostri
841 3760 856 3787 ,
882 3722 1120 3772 Protinus
1140 3722 1415 3771 avertit.'—
1439 3716 1643 3770 Avertit
1656 3758 1669 3779 ‚

651 3801 1097 3872 comprehensum
1121 3818 1206 3851 me
1228 3795 1297 3851 ita
1317 3808 1475 3863 rotat,
1497 3808 1557 3850 ut
1573 3808 1675 3851 ter·

651 3901 777 3952 gum
823 3880 871 3933 ei
917 3879 1192 3931 obvertere
1232 3895 1451 3944 cogerer
1479 3915 1493 3942 ,
1529 3875 1674 3944 quod

651 3958 912 4013 Hercules
935 3957 1176 4027 protinus
1202 3956 1391 4022 insilit,
1418 3966 1471 4009 et
1494 3957 1565 4009 ita
1586 3956 1674 4008 in-

648 4035 814 4089 hoeret
835 4058 850 4097 ς
873 4055 990 4105 quae
1013 4054 1094 4088 ars
1116 4034 1170 4086 in
1192 4033 1328 4087 lucta
1354 4033 1507 4087 fuisse
1526 4033 1673 4087 vide-

647 4123 751 4166 tur.
780 4115 859 4167 Ita
885 4114 1263 4182 interpretatur
1292 4113 1636 4165 Burmannus
1653 4151 1669 4179 ,

650 4190 741 4259 qui
760 4200 934 4242 tamen
952 4189 1222 4243 dubitabat
1241 4230 1256 4256 ,
1284 4210 1350 4243 an
1368 4209 1477 4243 non
1493 4194 1677 4244 averrit

649 4284 797 4322 nunc
820 4286 1030 4336 quoque
1053 4278 1189 4321 esset
1206 4308 1221 4333 ,
1257 4269 1312 4321 in
1339 4269 1516 4338 sugam
1537 4288 1671 4321 ver-

648 4344 733 4414 tit,
749 4354 811 4399 ut
824 4345 1012 4415 passim
1027 4356 1244 4399 avertere
1256 4349 1439 4400 hostes.
1461 4347 1669 4401 Verum

1777 1896 1831 1951 id
1853 1918 1962 1951 non
1988 1899 2264 1970 patiuntur
2285 1900 2575 1969 sequentia.
2592 1929 2661 1941 —
2679 1901 2806 1954 an-

1776 1998 1924 2031 rosus
1948 1978 2193 2047 praeclare
2228 1978 2292 2031 de
2322 1978 2588 2031 Herculea
2621 1980 2761 2032 mole
2788 2021 2804 2048 ,

1778 2075 1938 2126 quam
1956 2055 2115 2109 sensit
2138 2055 2245 2125 ipse
2272 2056 2417 2110 Atlas
2439 2097 2454 2123 ‚
2480 2076 2636 2110 versu
2659 2059 2771 2128 ²73·

1844 2136 1924 2187 55.
1955 2136 2139 2186 Gloria
2162 2133 2216 2184 in
2250 2151 2316 2184 eo
2348 2145 2461 2186 erat
2484 2174 2499 2200 ,
2541 2136 2682 2204 quod
2710 2157 2806 2207 par

1778 2212 1953 2265 suerat
1994 2221 2144 2265 tanto
2188 2213 2337 2266 oneri
2380 2213 2706 2268 sustinendo.
2738 2246 2808 2258 -—

1781 2292 2169 2344 Pressusmonte
2189 2291 2450 2360 proverbii
2467 2295 2693 2362 speciem
2712 2295 2807 2348 ha-

1781 2366 1900 2432 beu
1927 2367 2039 2421 Cic.
2065 2367 2277 2421 Senect.
2296 2389 2324 2420 a
2343 2408 2358 2438 ,
2385 2388 2511 2422 onus
2525 2373 2681 2424 AE'tno
2692 2393 2807 2440 gro·

1781 2453 1894 2501 eius
1915 2453 2175 2501 sustinere.
2648 2459 2651 2462 ’

1848 2529 1928 2598 57.
1945 2528 2275 2597 Exseruipro
2291 2526 2529 2597 emerui(
2545 2526 2686 2598 quod
2707 2528 2808 2583 ha·—

1780 2609 1911 2662 bent
1941 2609 2094 2678 Regii
2127 2607 2336 2679 nostri)
2362 2628 2423 2663 ex
2449 2609 2613 2665 tribus
2639 2612 2805 2668 MSS.

1780 2688 1980 2758 recepit
2004 2686 2256 2742 Heinsius
2274 2729 2290 2756 ,
2312 2688 2403 2758 qui
2423 2700 2604 2743 tamen
2628 2691 2807 2746 mallet

1779 2773 2003 2830 asserui.
2033 2780 2087 2823 et
2108 2773 2310 2823 tandem
2336 2790 2433 2841 pro
2454 2775 2807 2829 tamem—-Su-

1779 2849 1901 2899 dore
1901 2848 2121 2914 fluentia
2134 2847 2337 2916 poetice
2351 2887 2367 2914 ,
2386 2866 2481 2918 pro
2496 2849 2690 2905 sudore
2707 2850 2805 2905 de-

1779 2923 1998 2978 fluente.
2048 2924 2222 2978 Versu
2262 2925 2504 2995 sequenti
2552 2926 2804 2985 Heinsius

1777 3002 1990 3072 vulgato
2011 3022 2046 3055 o
2069 3022 2268 3072 corpore
2293 3003 2466 3074 (quod
2487 3004 2644 3061 habet
2672 3007 2801 3063 Nos·

1779 3087 1863 3132 ter
1884 3079 1968 3150 B)
1993 3101 2021 3134 e
2046 3080 2350 3135 melioribus
2371 3082 2536 3136 MSS.
2552 3085 2802 3154 prefere-

1777 3158 1866 3213 bat
1889 3182 1925 3212 a
1939 3171 2167 3229 pectore,
2195 3162 2339 3232 quod
2368 3163 2629 3234 improbat
2656 3166 2801 3220 Schi-

1776 3238 2128 3309 rachius,quia
2143 3240 2402 3295 Hercules
2415 3242 2619 3297 inhesit
2636 3255 2798 3317 tergo.

1778 3315 1948 3382 Sane;
1973 3318 2064 3372 sed
2087 3318 2348 3373 inherens
2370 3332 2518 3391 tergo
2540 3321 2800 3379 Hercules

1775 3395 1847 3449 ita
1891 3397 2157 3468 ampiexus
2203 3410 2314 3453 erat
2358 3399 2651 3455 Acheloum
2675 3442 2689 3469 ,
2738 3416 2796 3458 ut

1776 3495 1967 3531 manus
1986 3489 2328 3532 necterentur
2349 3479 2403 3532 in
2429 3492 2657 3550 pectore.
2687 3483 2798 3537 Ita-

1776 3576 1879 3625 que
1903 3576 2001 3628 ego
2030 3578 2066 3610 a
2082 3568 2281 3627 pectore
2302 3560 2660 3614 revocandum
2683 3582 2795 3632 pu-

1774 3637 1969 3690 tavi.-
1985 3640 2184 3701 Nes-us,
2214 3659 2381 3709 quum
2406 3640 2688 3697 luctatores
2711 3643 2797 3697 ad-

1773 3717 2062 3770 versarium
2097 3718 2431 3774 brachiorum
2471 3720 2614 3774 nodo
2650 3742 2796 3776 con-

1771 3798 2052 3867 stringunt.
2103 3796 2278 3853 Etiam
2323 3803 2617 3856 amantium
2665 3823 2793 3857 am·

1772 3877 1952 3948 plexus
1974 3878 2046 3932 sic
2067 3877 2393 3934 Claudianus
2413 3921 2430 3948 ,
2473 3899 2606 3935 xxxx
2629 3922 2644 3949 ,
2685 3885 2794 3939 131.

1839 3959 1919 4028 59.
1932 3959 2202 4010 Resnmere
2215 3998 2227 4015 .
2251 3977 2563 4027 recuperare
2583 3980 2596 4020 ;
2615 3959 2692 4012 Vl
2705 3960 2757 4014 11
2775 4002 2791 4026 ,

1771 4033 1895 4101 882,
1918 4054 2111 4088 sumere
2131 4042 2295 4102 oms,-
2323 4036 2405 4090 111
2428 4056 2489 4089 ex
2512 4038 2667 4092 Pont.
2697 4054 2757 4089 tv
2775 4078 2791 4105 ,

1769 4111 1829 4166 31
1846 4152 1860 4179 ,
1883 4133 2076 4166 sumere
2094 4118 2310 4181 vigorem
2330 4131 2348 4177 ,·
2371 4114 2409 4167 J
2413 4115 2616 4169 ustinus
2633 4154 2647 4182 ,
2673 4114 2754 4169 Vl
2774 4154 2790 4183 ,

1768 4206 1828 4243 tv
1843 4230 1858 4256 ,
1892 4211 1909 4243 ι
1933 4230 1949 4257 ,
1974 4209 2217 4244 resumere
2230 4196 2527 4258 potentiam.

1832 4268 1865 4320 6
1874 4289 1891 4320 ι
1902 4307 1913 4321 .
1927 4272 2099 4322 Tellus
2102 4288 2284 4337 pressa
2292 4291 2423 4338 genu
2430 4280 2521 4323 est.
2540 4269 2598 4323 Id
2618 4289 2788 4322 unum

1766 4349 2069 4418 spectabant
2093 4351 2350 4405 luctantes
2374 4390 2390 4418 ,
2414 4361 2475 4405 ut
2496 4348 2628 4404 alter
2646 4349 2789 4402 alte-
