3185 5138
602 538 735 580 200

1183 517 1265 582 P.
1323 518 1681 587 OVIDII
1734 517 2194 587 NASONIS

606 687 644 719 »
687 656 1096 755 Mutataeque
1130 656 1295 729 mihi
1332 656 1665 759 vitamque
1700 686 2061 759 necemque
2091 674 2346 754 negate.
2383 691 2418 724 >›

603 771 864 845 Numen
905 772 1226 847 confessis
1259 772 1533 875 aliquod
1568 793 1795 876 patet:
1833 774 2066 850 ultima
2093 781 2266 849 certe

606 889 785 962 Vota
822 917 979 963 suos
1015 890 1306 964 habuere
1343 892 1566 979 Deos3
1605 921 1755 966 nam
1790 921 1981 966 crura
2011 890 2350 992 loquentis

605 1006 810 1077 Terra
846 1006 1270 1106 supervenit3
1311 1025 1681 1108 ruptosque
1718 1006 1992 1108 obliqua
2028 1035 2149 1108 per
2181 1035 2442 1102 ungues

2653 1029 2753 1097 490

603 1123 985 1219 Porrigitur
1019 1124 1207 1198 radix
1227 1181 1246 1211 ,
1285 1123 1472 1222 longi
1504 1124 1871 1199 firmamina
1904 1125 2122 1198 trunci
2149 1155 2165 1197 z

608 1240 914 1340 Ossaque
949 1239 1161 1312 robur
1195 1258 1443 1335 agunt3
1481 1240 1833 1341 mediaque
1865 1256 2174 1313 manente
2207 1236 2532 1326 medulla,

607 1357 899 1451 Sanguis
934 1356 989 1428 it
1020 1356 1091 1428 in
1128 1385 1401 1443 succos,
1437 1356 1505 1429 in
1540 1385 1820 1452 magnos
1853 1356 2129 1430 brachia
2160 1384 2419 1445 ramos,

605 1476 688 1548 ln
723 1502 966 1575 parvos
1003 1472 1196 1569 digiti
1232 1504 1249 1547 :
1283 1474 1561 1547 duratur
1597 1474 1847 1548 cortice
1881 1472 2096 1575 pellis.

602 1593 889 1692 Jamque
927 1620 1187 1686 gravem
1223 1620 1521 1666 crescens
1555 1609 1820 1665 uterum
1853 1589 2329 1691 perstrinxerat
2363 1588 2602 1679 arbor,
2653 1608 2754 1681 495

607 1710 1018 1811 Pectoraque
1052 1709 1408 1797 obruerat,
1446 1707 1826 1808 collumque
1860 1706 2118 1808 operire
2143 1705 2440 1807 parabat.

605 1826 762 1900 Non
801 1825 954 1899 tulit
988 1824 1101 1899 illa
1130 1854 1421 1912 moram;
1456 1823 1877 1924 venientique
1907 1823 2107 1897 obvia
2136 1821 2321 1918 ligno

605 1999 711 2053 scil.
741 2009 793 2052 et
817 2008 1153 2051 mortuorum
1171 2035 1186 2061 ,
1214 2017 1314 2050 nec
1338 1997 1514 2049 vivere
1543 2014 1632 2049 me

608 2077 761 2129 sinite
779 2117 794 2141 ,
827 2096 927 2129 nec
951 2076 1085 2128 mori
1116 2096 1128 2129 :
1155 2075 1314 2128 etiam
1339 2074 1478 2143 apud
1505 2076 1635 2127 An·-

610 2167 721 2209 ton.
756 2157 927 2210 Liber.
965 2164 1148 2223 ιῦχεται
1183 2162 1300 2223 ,inire
1331 2159 1447 2230 ταρὰ
1481 2165 1601 2218 ζῶσι
1616 2194 1631 2219 ,

609 2234 723 2303 μήτ’
746 2238 790 2287 ἰν
811 2246 974 2305 wipo&
1008 2247 1219 2305 φοινίναι.
1241 2261 1307 2273 -—
1331 2235 1637 2300 Mulataequc

611 2316 772 2367 mibie
780 2324 842 2366 tc.
857 2313 959 2365 Hic
971 2330 1148 2365 versus
1159 2311 1302 2364 abest
1313 2311 1367 2364 in
1379 2310 1640 2365 Medireo.

613 2391 899 2446 ——Sublato
918 2391 1014 2444 hoc
1032 2410 1184 2443 versu
1202 2430 1217 2456 ,
1245 2408 1428 2442 sensus
1447 2388 1640 2455 haeret,

612 2492 714 2525 nec
737 2472 873 2525 bene
897 2471 1265 2541 intelliguntur
1289 2488 1405 2538 quae
1434 2487 1643 2536 praece-

614 2550 782 2617 dunt,
819 2553 1062 2603 ambobus
1074 2553 1252 2617 pellite
1271 2553 1468 2616 regnisJ
1499 2556 1642 2601 recte

612 2630 773 2700 igitur
796 2648 921 2681 eum
941 2628 1138 2680 habent
1160 2628 1324 2680 nostri
1353 2626 1520 2696 Regii.
1544 2629 1643 2678 Ed.

680 2709 792 2777 489.
811 2708 952 2766 Suos.
972 2707 1240 2775 propitios,
1257 2709 1470 2758 habuere
1481 2708 1642 2766 Deos,

616 2784 857 2837 exaudita
874 2795 998 2837 sunt
1012 2805 1039 2836 a
1058 2785 1171 2837 Diis
1190 2807 1202 2846 ;
1228 2786 1298 2837 sic
1317 2795 1367 2836 et
1387 2784 1487 2850 IV,
1514 2786 1612 2852 373
1627 2823 1642 2851 ,

615 2881 835 2932 proquo
852 2862 950 2927 IV,
973 2862 1064 2928 164
1080 2900 1094 2927 ,
1119 2865 1249 2913 Vota
1262 2866 1468 2927 tetigere
1479 2865 1645 2914 Deos:

619 2940 795 2992 Tibul.
819 2939 903 2991 ΙΙΙ
925 2977 940 3003 ,
961 2955 1030 2991 111
1046 2977 1060 3004 ,
1088 2941 1149 2992 28
1171 2977 1185 3004 ,
1219 2958 1317 2990 non
1344 2958 1482 2990 meus
1499 2942 1647 2992 Deus

583 3081 592 3092 θ
618 3029 701 3071 est
718 3018 979 3083 inimicus,
1006 3018 1197 3070 iratus:
1225 3017 1492 3086 Virgilius,
1521 3019 1647 3071 AEn.

621 3099 678 3153 Π
696 3137 711 3163 ,
737 3096 834 3169 396
854 3136 869 3162 ,
892 3099 1035 3148 haud
1044 3101 1245 3148 numine
1263 3107 1434 3148 nostro
1449 3139 1460 3156 ‚
1496 3098 1649 3151 nobis

619 3193 730 3228 non
753 3173 1012 3243 propitio:
1040 3173 1151 3226 Cic.
1172 3174 1362 3241 Quint.
1385 3195 1432 3244 7,
1453 3176 1650 3242 Alphe-

620 3273 718 3305 πω·
741 3256 977 3308 utebatur
988 3256 1179 3319 populo
1201 3271 1293 3303 suo
1309 3291 1322 3312 ,
1348 3252 1442 3305 sibi
1467 3253 1648 3322 propi-

619 3333 726 3396 tio;
757 3334 966 3386 Ernesti
995 3331 1139 3385 Clav.
1159 3330 1271 3386 Cic.
1293 3345 1442 3402 putat
1461 3354 1489 3388 e
1516 3334 1650 3388 ludis

622 3413 940 3485 gladiatoriis
957 3413 1052 3466 hoc
1067 3417 1550 3466 sumtum.—·Crura
1571 3417 1653 3465 lo-

620 3498 831 3563 quentis.
876 3492 1134 3561 Quinque
1162 3531 1177 3556 ,
1209 3495 1361 3558 plura
1401 3496 1652 3560 loquenti:

623 3571 895 3626 Leidensis
919 3592 1018 3625 non
1029 3575 1183 3640 plura
1204 3575 1450 3640 loquentis
1465 3614 1478 3636 ,
1507 3572 1651 3641 quod

625 3651 810 3719 probat
832 3651 1175 3703 Burmannus
1193 3689 1207 3716 ,
1240 3649 1284 3702 si
1313 3654 1539 3717 loquenti
1563 3649 1653 3702 le-

626 3740 781 3798 gatur
798 3751 811 3793 ;
837 3729 909 3782 ita
926 3730 1071 3782 enim
1081 3734 1232 3796 plura
1247 3733 1388 3797 loqui
1400 3731 1654 3782 Nostrum

627 3806 808 3860 dixisse
827 3847 842 3873 ,
866 3818 924 3859 ut
952 3807 1006 3873 1,
1036 3810 1131 3860 525
1155 3817 1209 3859 et
1232 3807 1331 3859 658
1356 3818 1408 3859 et
1433 3806 1566 3858 alibi.
1588 3834 1656 3847 —

623 3885 779 3955 Regii
801 3885 968 3938 nostri
990 3905 1139 3938 crura
1162 3887 1654 3952 loquentis.—Crura

621 3974 758 4016 terra
781 3969 1088 4030 supervenit,
1117 3973 1258 4016 terra
1280 3971 1499 4033 repente
1525 3963 1656 4016 reti-

627 4043 748 4096 nuit
771 4053 823 4095 et
848 4043 1068 4111 alligavit
1096 4042 1271 4113 pedes.
1304 4043 1509 4098 Confer
1532 4062 1656 4097 cum

629 4139 757 4188 seqq
792 4121 985 4175 similes
1018 4122 1314 4190 puellarum
1353 4123 1405 4176 in
1443 4124 1656 4176 arbores

630 4199 980 4265 mutationes,
1000 4201 1022 4253 Ι
1042 4240 1057 4267 ,
1080 4204 1276 4266 548-52
1295 4225 1308 4263 ς
1328 4203 1409 4268 11,
1426 4204 1655 4271 347-65;

633 4276 746 4340 lx,
771 4277 1002 4349 351-93;
1028 4278 1170 4331 unde
1189 4279 1474 4347 intelliges,
1494 4281 1656 4333 etiam

622 4354 680 4408 in
704 4353 981 4410 simillimis
1009 4356 1167 4410 rebus
1195 4357 1423 4411 suaviter
1453 4359 1655 4413 variare

1734 1992 2046 2047 soecundum
2062 1991 2243 2047 Ovidii
2261 1992 2551 2062 ingenium.
2562 2020 2630 2031 —
2643 1994 2761 2045 Fir-

1732 2080 1956 2127 mamina
1982 2113 1995 2135 ,
2030 2093 2134 2143 qua
2170 2074 2516 2126 continentur
2551 2071 2756 2137 trunci,

1733 2165 1793 2206 ut
1815 2154 2048 2222 loquitur
2077 2152 2188 2206 Cic.
2216 2154 2334 2207 Nat.
2362 2153 2523 2206 Deor.
2546 2153 2636 2218 11,
2664 2155 2759 2221 47:

1712 2234 2015 2301 firmamen,
2048 2252 2144 2301 pro
2167 2231 2569 2284 firmamentum
2592 2270 2606 2297 ,
2643 2230 2760 2284 sul·-

1734 2329 1885 2362 crum
1902 2349 1916 2374 ,
1942 2311 2064 2378 quia
2090 2311 2283 2364 Noster
2305 2321 2443 2363 amat
2467 2310 2685 2362 nomina
2703 2309 2756 2360 in

1733 2407 1879 2439 amen
1905 2387 2213 2440 desinentia.
2235 2416 2301 2428 -—
2320 2391 2540 2457 Obliqua
2555 2429 2569 2451 ‚
2593 2392 2760 2455 porri-

1731 2472 1892 2534 gitur,
1925 2472 2095 2535 longi,
2123 2469 2364 2538 pingunt.

1802 2547 1913 2618 49²·
1955 2548 2132 2598 Robur
2150 2555 2336 2615 agunt,
2368 2547 2420 2600 in
2448 2546 2652 2618 lignum
2676 2565 2763 2600 ro-

1737 2624 1952 2677 bustum
1970 2665 1985 2690 ,
2017 2625 2212 2678 durum
2241 2637 2533 2679 mutantur.

1806 2705 1918 2776 494.
1946 2707 2178 2758 Βαναίαν
2195 2712 2394 2758 cortice.
2433 2706 2589 2760 Prior
2612 2703 2765 2757 Gro-

1739 2783 1884 2834 novii
1903 2792 2147 2837 curvatur.
2176 2783 2235 2837 Si
2257 2785 2372 2837 voci
2393 2804 2486 2837 sua
2504 2792 2768 2837 constaret

1742 2862 2021 2914 auctoritas
2036 2902 2050 2929 ‚
2068 2863 2319 2917 Heinsius
2333 2865 2527 2933 legeret
2543 2870 2764 2929 rugatur,

1742 2951 1802 2992 ut
1841 2943 2030 3009 passim
2068 2963 2279 3011 rugosus
2308 2951 2493 2996 cortex.
2522 2971 2587 2981 —
2612 2942 2768 3011 Regii

1744 3020 1909 3071 nostri
1924 3023 2146 3074 duratur.
2158 3050 2224 3060 -—
2234 3025 2461 3074 Βαναίαν
2472 3026 2674 3082 corte’ce,
2706 3021 2763 3072 in

1744 3096 1939 3150 durum
1961 3100 2210 3153 corticem
2231 3112 2480 3154 mutatur.

1810 3178 1923 3248 495.
1944 3178 2326 3232 Perstn'nteral.
2342 3178 2515 3249 Vulgo
2532 3177 2557 3249 (
2574 3188 2627 3232 et
2643 3197 2766 3230 nos-

1746 3253 1836 3306 tris
1865 3253 2078 3323 Regiis)
2101 3263 2467 3334 precinxesah·
2492 3256 2575 3309 alii
2590 3275 2767 3323 pres—

1742 3337 2006 3392 lriaxerat,
2036 3343 2125 3385 aut
2140 3337 2771 3389 convinxeras—Pecto-

1744 3430 1897 3479 taque
1916 3414 2157 3465 obruerat.
2188 3415 2436 3469 Heinsius
2455 3414 2641 3469 suadet
2650 3432 2769 3481 pec-

1744 3499 1950 3560 toraque
1964 3496 2211 3551 obsuemt.
2244 3494 2295 3546 id
2317 3506 2392 3548 est
2410 3534 2424 3561 ,
2451 3495 2737 3549 occluserat
2752 3532 2768 3558 ,

1747 3583 2028 3638 operuerat
2046 3594 2058 3633 ;
2075 3574 2396 3626 obmitenim
2412 3579 2598 3627 cortice
2614 3573 2770 3644 paulo

1748 3648 1930 3704 durius
1955 3650 2155 3705 dictum
2189 3651 2386 3720 judicat
2411 3673 2423 3706 t
2453 3652 2518 3706 de
2547 3671 2651 3721 quo
2677 3653 2771 3704 vi·-

1749 3727 1935 3782 deatur
1967 3729 2074 3799 ipse
2106 3730 2169 3782 ad
2200 3732 2334 3784 Fast.
2361 3731 2447 3796 11,
2476 3731 2588 3799 578.
2617 3731 2771 3783 Bur-

1748 3826 1975 3861 mannus
1990 3807 2193 3861 dubitat
2203 3828 2269 3860 an
2284 3812 2489 3861 obsuere
2502 3808 2600 3861 hoc
2614 3826 2773 3861 sensu

1752 3883 1975 3939 Ovidius
2008 3887 2235 3939 scribere
2271 3886 2503 3955 potuerit
2530 3906 2542 3938 :
2569 3887 2611 3938 si
2646 3884 2775 3953 quid

1750 3962 2069 4017 mutandum
2091 3963 2270 4017 mallet
2289 3967 2607 4016 1’ndueral.—
2621 3962 2775 4032 Regii

1749 4042 1914 4094 nostri
1936 4046 2177 4097 obruerat.
2193 4042 2389 4094 -Hoc
2416 4043 2639 4095 verbum
2661 4060 2773 4094 non

1752 4117 1974 4173 debebat
2002 4122 2192 4174 tentari
2220 4143 2233 4184 ;
2270 4126 2472 4173 obrucre
2494 4162 2507 4184 ,
2552 4132 2728 4191 tegere
2754 4158 2771 4186 ,

1750 4200 1977 4254 condere
1998 4241 2013 4267 ,
2045 4202 2280 4270 sepelire.

1820 4282 1931 4349 497.
1972 4283 2185 4331 Veniens
2217 4284 2441 4347 lignum,
2479 4277 2773 4346 elegantem

1755 4368 1807 4411 et
1825 4358 2089 4427 ingeniose
2107 4361 2257 4413 obvia
2271 4360 2519 4420 subsedit,
2549 4365 2608 4407 ut
2622 4352 2777 4406 obvia
