3185 5138
748 533 832 615 48
1317 531 1393 595 Ρ.
1452 527 1803 598 ov1D11
1842 521 2292 595 NASONIS

758 708 794 740 »
832 670 1073 744 Tutior
1104 686 1205 743 est
1236 670 1524 769 requies,
1574 665 1768 741 solito
1803 666 1957 740 dum
1991 666 2257 741 flumina
2288 684 2555 740 currant

757 821 791 853 »
830 787 1068 861 Limite
1088 839 1105 871 ,
1143 783 1300 861 dum
1334 801 1557 858 tenues
1589 781 1803 881 capiat
1835 809 1993 856 suus
2024 782 2245 857 alveus
2280 783 2512 858 undae.
2547 816 2583 849 »

753 901 1007 976 Adnuit
1042 899 1314 994 AEgides
1349 928 1365 971 ε
1401 933 1435 964 «
1478 902 1812 999 Utarque,
1850 897 2170 985 Acheloe,
2208 899 2577 1000 domoque,

758 1052 796 1085 υ
838 1015 1263 1116 Consilioque
1298 1033 1444 1101 tuo,
1480 1048 1514 1079 »
1548 1014 1929 1116 respondit3
1964 1033 2029 1089 et
2057 1044 2219 1089 usus
2247 1034 2530 1116 utroque
2559 1032 2676 1091 est.
2768 1035 2867 1090 560

754 1134 1021 1209 Pumice
1052 1130 1400 1206 multicavo
1419 1186 1438 1215 ,
1475 1158 1591 1204 nec
1621 1129 1875 1205 levibus
1903 1130 2067 1204 atria
2099 1131 2325 1233 tophis

753 1252 1016 1324 Structa
1052 1247 1235 1322 subit
1263 1276 1279 1320 :
1308 1246 1492 1320 molli
1534 1246 1729 1321 tellus
1763 1265 1897 1321 erat
1931 1247 2200 1320 humida
2231 1275 2455 1322 musco
2485 1276 2502 1335 ;

754 1369 1019 1440 Summa
1051 1363 1440 1440 lacunabant
1454 1340 1724 1437 ⁴alterno
1761 1363 2004 1437 murice
2036 1362 2319 1437 conchae.

756 1489 1039 1588 Jamque
1072 1486 1233 1561 duas
1265 1484 1430 1560 lucis
1463 1505 1682 1588 partes
1715 1486 2092 1587 Hyperione
2128 1514 2355 1559 menso
2378 1541 2397 1572 ,

756 1609 1166 1683 Discubuere
1197 1609 1362 1684 toris
1392 1610 1688 1683 Theseus
1725 1609 2125 1710 comitesque
2154 1608 2455 1682 laborum
2482 1637 2499 1681 :

2772 1628 2869 1680 565

759 1732 899 1804 Hac
930 1730 1298 1817 Ixionides»,
1337 1729 1449 1803 illa
1473 1731 1856 1806 Troezenius
1884 1730 2082 1805 heros

676 1870 681 1875 ’
756 1856 949 1928 Parte
984 1853 1215 1942 Lelex,
1257 1854 1419 1928 raris
1445 1855 1576 1953 jam
1610 1882 1879 1954 sparsus
1914 1873 2209 1958 tempora
2242 1856 2421 1929 canis
2449 1884 2464 1941 ;

759 1979 1081 2078 Quosque
1116 1976 1280 2051 alios
1316 1975 1509 2078 parili*
1539 1978 1751 2051 fuerat
1783 1977 2091 2073 dignatus
2115 1979 2369 2052 honore

762 2101 994 2174 Amnis
1015 2102 1440 2173 Acarnanum
1461 2153 1480 2186 ,
1517 2098 1888 2175 laetissimus
1922 2101 2185 2203 hospite
2221 2118 2425 2174 tanto.
2533 2134 2538 2145 2

756 2328 915 2379 limile
923 2331 1146 2389 curram,-
1161 2321 1289 2375 dum
1304 2321 1443 2374 intra
1456 2322 1613 2391 ripas,
1625 2322 1772 2391 aquis

761 2401 1050 2457 imminutis
1067 2440 1082 2467 ,
1109 2421 1163 2454 se
1188 2401 1453 2470 recipiant.
1476 2402 1578 2453 Ed.

826 2483 939 2552 559.
953 2481 1084 2532 Suus
1096 2520 1109 2541 ,
1134 2479 1193 2533 iis
1208 2498 1236 2530 a
1254 2487 1441 2531 natura
1457 2477 1768 2548 adsignatus.

763 2560 1046 2620 -Τεπιιιῖσ,
1076 2557 1270 2627 exigua.
1492 2567 1496 2572 '

819 2636 930 2689 561.
946 2633 1771 2689 Multoeamcumulavitovidius

763 2715 819 2765 in
844 2712 940 2764 hac
964 2711 1133 2763 sabula
1160 2711 1403 2763 vocabula
1426 2731 1577 2763 nova.
1607 2712 1684 2764 Ex
1708 2731 1773 2764 eo

763 2808 954 2858 genere
968 2788 1120 2855 paulo
1137 2798 1257 2839 ante
1275 2799 1387 2838 erat
1402 2792 1651 2839 turbe’neus
1662 2807 1678 2838 .·
1689 2786 1772 2838 hic

765 2864 1016 2916 habemus
1037 2865 1336 2914 multa-avus
1350 2901 1362 2922 ,
1383 2872 1437 2914 et
1449 2880 1570 2913 mox
1583 2901 1598 2926 ,
1623 2866 1776 2914 lacu-

765 2959 887 2992 nare
904 2981 916 3000 ‚
945 2940 1112 2992 facere
1137 2939 1347 2991 lacunar
1366 2956 1379 2990 ε
1395 2938 1535 3005 quod
1555 2939 1774 2990 verbum

766 3018 865 3070 suit
894 3017 1135 3085 ignotum
1157 3015 1407 3080 librariis,
1431 3035 1556 3068 nam
1590 3034 1773 3071 omnes

769 3092 989 3147 Codices
1024 3092 1219 3146 habent
1252 3096 1397 3144 lacus
1428 3097 1645 3154 nubant,
1685 3106 1774 3147 aut

765 3175 882 3222 lacu
895 3172 1098 3222 nabata.
1116 3168 1314 3238 Regius
1335 3179 1513 3222 noster
1532 3170 1577 3222 A
1594 3208 1609 3235 ‚
1630 3173 1776 3223 lacus

764 3252 987 3311 naboan
1022 3245 1202 3300 Codex
1227 3248 1292 3312 B,
1312 3266 1421 3299 uno
1435 3247 1614 3314 verbe,
1641 3252 1775 3300 lacu·

767 3330 973 3379 nabanl.
992 3324 1229 3378 Lacunar
1241 3363 1257 3390 ,
1275 3326 1494 3392 φάτνωμα
1511 3364 1526 3391 ,
1546 3334 1742 3378 tectum
1756 3364 1770 3391 ,

765 3405 822 3457 in
847 3421 952 3473 quo
980 3401 1144 3456 celati
1170 3412 1320 3455 erant
1348 3401 1501 3455 loculi
1525 3441 1540 3468 ‚
1577 3402 1667 3471 qui
1699 3402 1774 3455 la-

764 3499 923 3535 cuum
938 3478 1331 3534 similitudinem
1346 3477 1627 3544 habebant,
1646 3496 1775 3547 quos

766 3562 955 3625 laquei,
981 3557 1036 3610 id
1055 3568 1159 3624 est,
1185 3556 1445 3626 margines
1465 3556 1776 3611 eminentio-

768 3655 851 3689 res
864 3638 1165 3705 cingebant,
1190 3636 1330 3689 unde
1347 3635 1488 3690 idem
1503 3646 1555 3689 et
1569 3640 1779 3704 laquear

769 3715 1261 3769 dicitur.Bcatorum
1275 3716 1485 3785 quidem
1497 3716 1775 3768 hominum

767 3795 1029 3848 lacunaria
1054 3805 1236 3846 ornata
1256 3805 1404 3848 erant
1428 3796 1631 3848 eburno
1647 3832 1661 3859 ,
1686 3813 1772 3845 au·

769 3892 831 3926 ro
850 3912 866 3939 ,
908 3872 1127 3943 gemmis
1168 3870 1299 3924 adeo
1325 3871 1602 3940 (videatur
1635 3871 1774 3924 Plu-—

770 3952 977 4005 tarchus
991 3991 1006 4018 ‚
1031 3950 1292 4020 Apophth.
1308 3952 1424 4005 Lac.
1440 3952 1546 4005 ΧΠ
1560 3992 1575 4018 ‚
1591 3971 1644 4004 n.
1655 3953 1739 4024 94)
1756 3972 1770 4016 ;

768 4027 857 4080 sed
888 4027 1030 4081 fluvii
1055 4040 1363 4082 ornamenta
1398 4040 1521 4082 sunt
1562 4029 1774 4084 conche

768 4115 822 4156 et
839 4106 1307 4159 murices.—-Paulo
1324 4127 1387 4160 an
1395 4118 1443 4160 te
1463 4127 1552 4161 nec
1566 4112 1770 4169 levibus,

769 4182 972 4248 asperis.
989 4212 1053 4224 -
1076 4183 1156 4236 De
1174 4191 1371 4250 pumice
1392 4196 1443 4238 et
1466 4189 1632 4253 toph&
1656 4185 1772 4239 vide

770 4255 834 4310 ad
862 4258 981 4324 111,
1027 4260 1131 4314 160.
1179 4261 1242 4314 ln
1275 4262 1510 4332 Cyrenes
1543 4265 1773 4318 thalamo

1868 2321 2117 2391 Virgilius
2132 2361 2147 2389 ,
2169 2321 2363 2392 Georg.
2389 2322 2488 2387 IV,
2512 2322 2608 2389 374
2625 2359 2640 2387 ,
2658 2324 2872 2387 penden-

1866 2405 1943 2453 te’a
1950 2405 2148 2467 μνεία
2157 2410 2305 2454 tecta.

1923 2477 2036 2544 564.
2046 2476 2390 2547 Heu’n'poetis
2398 2486 2475 2530 est
2484 2474 2716 2529 medium
2737 2484 2873 2528 tran·

1866 2557 1966 2612 sire
1984 2596 1999 2623 ‚
2024 2574 2345 2625 percurrere.
2369 2555 2535 2624 Igitur
2553 2553 2643 2608 sot
2658 2554 2873 2607 metitur

1870 2635 2052 2689 celum
2069 2674 2084 2701 ‚
2104 2634 2333 2688 hocloco
2346 2673 2361 2700 ‚
2384 2638 2564 2693 lucem,
2585 2633 2689 2685 sive
2711 2631 2870 2685 diem.

1869 2715 2098 2765 —Duas
2114 2721 2318 2780 parte55
2344 2711 2528 2764 horam
2552 2709 2653 2763 diei
2676 2729 2874 2763 nonam

1873 2789 2106 2858 designat
2122 2830 2136 2856 ‚
2164 2809 2264 2858 qua
2279 2790 2438 2842 etiam
2453 2787 2588 2859 apud
2608 2788 2875 2841 Romanos

1871 2885 2031 2919 coenae
2055 2867 2668 2919 initiums-Delccumbere
2685 2876 2738 2918 et
2751 2872 2876 2919 toris

1873 2954 1926 2996 et
1939 2962 2087 3010 super
2096 2951 2220 2996 10an
2232 2943 2359 2996 dixit
2375 2944 2621 3014 Virgilius
2636 2984 2651 3010 ,
2673 2944 2798 2997 AEn.
2815 2945 2840 2997 1
2856 2983 2872 3010 ‚

1871 3039 1967 3089 7⁰⁰
1982 3059 1996 3085 ,
2026 3021 2136 3087 708.
2161 3048 2226 3061 —
2249 3023 2505 3074 Ixionides
2521 3063 2534 3082 ‚
2573 3022 2837 3076 Pirithous
2855 3062 2871 3088 ,

1869 3117 1997 3150 vers.
2012 3097 2189 3163 4⁰3⁸-
2202 3100 2486 3150 Traezem'us
2500 3102 2642 3152 hems
2648 3119 2758 3153 non
2776 3111 2871 3164 est,

1872 3186 1929 3228 ut
1950 3177 2094 3227 Rode
2115 3175 2355 3244 putabat,
2382 3175 2643 3244 Theseus,
2667 3177 2759 3231 sed
2778 3181 2873 3230 le-

1866 3260 1977 3315 lex,
2000 3255 2085 3323 qui
2103 3273 2255 3324 supra
2270 3292 2286 3320 ,
2308 3273 2459 3306 versu
2477 3255 2569 3307 312
2583 3293 2599 3321 ,
2627 3259 2874 3329 Naryce'ns

1870 3343 2102 3386 vocatur.
2124 3331 2314 3384 Lensio
2328 3329 2537 3384 videtur
2556 3351 2585 3384 a
2601 3332 2874 3390 Locrensi-

1869 3412 1964 3464 bus
1989 3413 2252 3463 Tra-zenas
2263 3410 2527 3477 migrasse.
2549 3410 2595 3463 E
2613 3431 2763 3468 versu
2776 3414 2870 3467 622

1870 3486 2129 3553 videmus,
2147 3506 2268 3539 eum
2287 3487 2392 3554 jam
2408 3487 2531 3540 olim
2548 3489 2723 3544 vixisse
2737 3489 2876 3560 apud

1867 3565 2531 3626 Pemeumfrroezeniomm
2539 3587 2733 3637 regem.
2750 3569 2873 3622 For·

1869 3653 1920 3695 te
1954 3645 2181 3705 Tra-zen,
2211 3643 2403 3696 Pitthei
2434 3646 2592 3699 frater
2614 3684 2631 3711 ,
2671 3646 2820 3713 cujus
2843 3666 2871 3700 e

1871 3721 1973 3774 filia
1992 3721 2179 3775 AEthra
2198 3742 2359 3792 nepos
2371 3723 2604 3777 Theseus
2627 3723 2874 3792 (Pausa-

1870 3801 2012 3863 nias,
2039 3821 2088 3869 p.
2120 3801 2209 3853 182
2236 3803 2383 3871 sqq.)
2402 3841 2417 3867 ‚
2446 3801 2545 3853 suit
2569 3799 2681 3865 ejus
2708 3811 2871 3868 pater.

1870 3878 1956 3931 Sic
1970 3878 2174 3932 Thesea
2189 3898 2378 3948 genere
2401 3876 2629 3946 proxime
2647 3877 2872 3948 attinge-

1869 3954 1984 4021 bat,
2017 3974 2243 4025 eumque
2271 3952 2615 4007 comitabatur
2640 3953 2872 4007 redeun-

1870 4042 1993 4086 tem.
2018 4034 2091 4086 Hi
2114 4045 2218 4086 tres
2240 4033 2293 4084 in
2318 4049 2424 4082 uno
2446 4039 2563 4082 toro
2586 4032 2868 4085 accubuere

1868 4109 1938 4162 ita
1955 4149 1969 4176 ,
1997 4121 2056 4162 ut
2075 4110 2309 4164 Theseus
2332 4106 2565 4161 medium
2591 4108 2761 4161 locum
2786 4119 2868 4162 te-

1866 4199 2035 4248 neret.
2055 4217 2121 4229 —·
2137 4192 2322 4248 parili,
2353 4207 2449 4257 pro
2468 4195 2613 4256 pari,
2656 4199 2712 4241 ut
2736 4208 2866 4258 saepe

1871 4265 2006 4335 apud
2023 4265 2568 4335 Ovidium.—-Hosp1'te
2577 4277 2745 4330 tanta:
2768 4267 2804 4319 J
2809 4285 2872 4319 ιιω
