3185 5138
735 498 1574 574 METAMORPHOS
1601 507 1811 573 EON
1858 509 2049 575 LIB.
2110 510 2255 576 xl.

2417 508 2549 601 247

419 640 774 717 AEtlilicant
804 672 1068 731 muros,
1103 662 1297 744 pacto
1333 675 1454 747 pro
1492 646 1826 721 moenibus
1856 675 2038 720 auro.

419 759 653 832 Stabat
690 788 866 859 opus
895 791 909 831 :
945 761 1226 859 pretium
1263 791 1376 836 rex
1411 761 1773 849 inficiatur,
1809 779 1875 834 et
1904 762 2120 850 addit,

2450 782 2550 837 205

421 873 717 947 Perfidiae
749 872 1081 947 cumulum
1104 930 1123 961 ‚
1155 874 1339 951 salsis
1373 877 1656 977 perjuria
1692 876 1915 951 verbis
1937 932 1957 965 ‚

428 1022 462 1051 «
500 991 651 1060 Non
686 988 956 1090 impune
989 990 1192 1077 feres;
1232 1025 1268 1057 »
1308 1010 1527 1067 rector
1553 994 1754 1067 maris
1784 992 2049 1093 inquit:
2088 1009 2151 1064 et
2186 1019 2412 1066 omnes

422 1105 770 1179 Inclinavit
800 1136 1002 1208 aquas
1031 1108 1119 1181 ad
1148 1136 1351 1184 avarae
1382 1108 1579 1183 litora
1611 1110 1829 1209 Trojae
1856 1140 1873 1197 3

423 1224 631 1321 Inque
667 1221 814 1295 freti
853 1222 1133 1297 formam
1170 1242 1374 1300 terras
1408 1226 1774 1314 convertit;
1808 1254 2103 1327 opesque

422 1336 723 1411 Abstulit
753 1339 1057 1433 agricolis
1083 1370 1098 1427 ;
1135 1358 1199 1415 et
1230 1341 1541 1416 fl'uctibus
1574 1341 1806 1416 obruit
1836 1369 2006 1416 arva.

2450 1373 2548 1414 ato

422 1453 624 1528 Poena
653 1483 862 1555 neque
897 1456 1036 1529 haec
1068 1457 1227 1530 satis
1261 1475 1363 1531 est
1388 1486 1403 1530 ε
1433 1458 1607 1553 regis
1643 1486 1915 1559 quoque
1948 1456 2082 1530 filia
2119 1472 2417 1530 monstro

422 1566 727 1644 Poscitur
757 1600 1065 1671 aequoreo
1096 1604 1109 1645 :
1150 1602 1347 1674 quam
1379 1574 1541 1647 dura
1570 1573 1652 1646 ad
1688 1602 1841 1647 saxa
1876 1574 2229 1646 revinctam

422 1686 731 1761 Vindicat
761 1687 1031 1762 Alcides
1051 1746 1069 1777 ‚
1101 1691 1553 1791 promissaque
1573 1700 1855 1763 ‘munera
1879 1744 1896 1778 ‚
1939 1688 2150 1763 dictos

423 1917 450 1941 κ
470 1897 657 1964 Vovit,
682 1898 823 1968 quod
848 1919 1013 1969 regno
1034 1920 1129 1955 suo
1152 1901 1350 1970 pecoris
1370 1919 1434 1953 eo

426 1995 451 2019 υ
477 1995 618 2029 anno
663 1988 848 2029 natum
896 1989 1028 2031 esset
1054 2018 1068 2043 ‚
1119 1979 1433 2032 immolatu-

426 2074 451 2097 »
476 2072 613 2106 rum.
631 2076 657 2100 u
677 2055 946 2110 Homerus
961 2057 1036 2109 nil
1051 2056 1265 2123 definit,
1282 2067 1435 2129 μισθῷ

423 2134 495 2183 ἰπὶ
511 2135 634 2207 ῥητῷ
651 2172 666 2199 ,
685 2136 880 2195 stabat,
903 2134 1197 2187 absolutum
1210 2146 1351 2201 erat,
1375 2145 1435 2190 ut

425 2207 506 2261 lll
527 2248 542 2275 ,
574 2211 658 2262 131
680 2249 695 2277 ,
725 2212 847 2263 Jam
876 2215 1083 2265 stabant
1111 2215 1315 2274 Thebe,
1347 2213 1437 2265 ubi

421 2284 539 2338 vide
561 2297 836 2339 notam.·-
850 2292 1091 2352 Pretium,
1119 2288 1435 2345 mercedem.

424 2359 550 2414 Mox
577 2363 707 2417 ordo
731 2366 1013 2418 verborum
1039 2386 1051 2418 :
1074 2378 1127 2420 et
1148 2366 1283 2419 salsis
1308 2386 1434 2419 ver-

419 2440 497 2493 bis
519 2441 660 2496 addit
684 2446 914 2515 perjuria
930 2486 945 2511 ,
978 2446 1248 2498 cumulum
1275 2444 1439 2514 perfi—

421 2517 518 2572 diae
534 2542 546 2584 3
563 2521 646 2574 cui
663 2523 937 2576 sententioe
955 2523 1437 2592 interpunctionem

421 2599 940 2655 accommodavimus.
965 2630 1033 2642 —
1064 2603 1246 2669 lnquit.
1282 2601 1436 2654 Prior

422 2679 707 2734 Twisdenii
723 2683 1067 2753 infin—Regii
1081 2683 1247 2736 nostri
1261 2687 1436 2753 inquit.

486 2759 598 2811 208.
616 2761 800 2812 Anam·
820 2761 997 2828 Τηνία.
1010 2761 1138 2813 Mox
1156 2779 1287 2814 vers.
1304 2782 1330 2813 2
1342 2764 1397 2814 15
1415 2798 1432 2825 ‚

412 2837 618 2904 μόνα
628 2844 808 2891 memb
831 2841 990 2906 ijae
1002 2856 1020 2902 ,⁸
1052 2840 1100 2890 V
1109 2838 1200 2907 irg.
1216 2838 1343 2890 AEn.
1360 2840 1404 2889 V
1417 2876 1433 2904 ,

421 2916 520 2969 8ιο
537 2956 553 2983 ,
571 2919 783 2984 perjure
809 2924 993 2972 tna-mia
1023 2919 1211 2985 Trojae,
1251 2928 1305 2971 et
1331 2917 1431 2984 IV,

425 2997 517 3062 542
543 3034 558 3061 ‚
603 2998 981 3049 laomedontea
1007 2998 1237 3065 peq'uria
1253 3000 1435 3064 gennit.

425 3069 576 3125 Adde
603 3072 791 3126 Horat.
815 3074 936 3141 ·111,
969 3073 1074 3127 Od.
1102 3090 1169 3126 111
1187 3112 1202 3139 ‚
1240 3094 1295 3126 αι
1323 3091 1434 3142 sqq.

425 3147 577 3202 Adeo
610 3152 755 3204 enim
777 3154 1000 3206 Veteres
1032 3151 1167 3204 hanc
1200 3150 1435 3202 Laome-

423 3224 595 3280 dontis
609 3228 882 3296 perfidiam
896 3230 1005 3300 peri
1013 3248 1267 3299 uramque
1279 3228 1438 3281 avari-

428 3304 550 3356 tiam
565 3309 780 3362 aversati
792 3321 916 3364 sunt
929 3350 943 3376 ,
973 3319 1033 3362 ut
1051 3329 1169 3364 eam
1185 3309 1278 3363 toti
1294 3308 1437 3378 genti

428 3380 746 3449 imputarent
769 3426 785 3453 ,
826 3399 881 3441 et
928 3387 1052 3440 inde
1089 3387 1270 3439 omnia
1302 3387 1438 3440 mala

426 3459 670 3528 Troianis
688 3484 976 3534 eorumque
998 3465 1214 3535 posteris
1240 3465 1439 3518 inflicta

425 3543 1023 3612 repeterent.Virgilius,
1039 3543 1272 3613 Georg.1
1289 3583 1303 3609 ,
1317 3546 1436 3608 520,

425 3615 545 3669 ideo
561 3616 627 3670 de
642 3619 786 3672 bellis
806 3620 1175 3690 Romanorum
1186 3620 1435 3685 civilibus,

423 3700 798 3752 laomedontea
816 3700 997 3750 luemus
1013 3700 1238 3766 peq'm'a
1263 3698 1439 3765 ijae.

419 3781 665 3833 —L1’lora
687 3779 863 3846 Trojae.
881 3778 1100 3832 Plurimi
1115 3783 1300 3832 moem'a
1325 3779 1438 3830 Tro·

407 3857 486 3923 1⁵ae
504 3856 645 3926 quod
664 3857 895 3927 placebat
915 3854 1160 3921 Ciofano‚
1180 3875 1290 3908 non
1309 3853 1439 3909 item

422 3938 755 4004 Burmanno,
776 3937 896 4007 quia
915 3935 966 3987 id
993 3934 1153 3987 modo
1170 3937 1438 4004 precessit.

421 4046 489 4058 -
512 4014 763 4070 Ciosanus
794 4015 926 4068 duos
971 4024 1177 4068 tantum
1218 4012 1441 4070 Codices

421 4094 674 4148 habentes
690 4099 876 4147 menia
888 4103 1037 4146 notat
1057 4113 1070 4156 ;
1102 4091 1441 4146 Burmannus

425 4182 603 4225 autem
636 4172 888 4242 plurimos
922 4211 938 4238 ‚
986 4187 1287 4240 quanquam
1330 4187 1441 4222 non

424 4251 627 4321 probet.
664 4251 817 4323 Regii
849 4250 1014 4305 nostri
1043 4249 1199 4303 ambo
1223 4247 1350 4302 dant
1373 4253 1442 4303 Ie·-

1530 1909 1669 1962 tora,
1696 1899 1836 1969 quod
1863 1900 2052 1953 rectius
2078 1918 2186 1953 esse
2211 1897 2444 1951 indicant
2466 1915 2550 1950 se-

1532 1978 1745 2046 quentia
1757 1980 1913 2046 Inque
1911 1975 2262 2046 srele'sormam
2272 1986 2426 2029 terras
2436 1994 2553 2028 con·

1533 2061 1689 2109 venit.
1715 2054 1813 2109 Ed.
1839 2084 1905 2096 -
1926 2053 2246 2121 Foete'sorma
2261 2094 2273 2114 ,
2311 2051 2506 2105 fretum
2535 2072 2551 2115 ;

1532 2132 1650 2186 vide
1671 2132 1733 2186 ad
1755 2133 1809 2198 Ι,
1836 2134 1912 2202 73.
1931 2159 1997 2173 --
2017 2133 2198 2184 Obruit
2212 2149 2350 2184 aeva.
2374 2129 2550 2198 Vulgo

1531 2216 1699 2264 obmi!
1713 2231 1877 2279 agros,
1902 2211 2041 2279 quod
2058 2211 2253 2279 sprevit
2269 2209 2517 2263 Heinsius
2533 2248 2549 2276 ,

1533 2287 1655 2355 quia
1681 2292 1920 2355 agretole’s
1948 2287 2102 2356 paulo
2128 2297 2248 2340 ante
2276 2286 2551 2355 proecessit.

1530 2365 1785 2418 —Codex
1806 2365 2000 2433 Regius
2020 2365 2066 2417 B
2083 2403 2098 2431 ,
2121 2382 2283 2431 ageos.

1600 2466 1655 2497 21
1672 2467 1710 2499 1.
1733 2449 1888 2499 Pena
1905 2464 2058 2512 neque
2082 2448 2188 2497 laec
2209 2454 2306 2496 etc.
2334 2443 2438 2495 Hic
2460 2442 2550 2496 ali-

1534 2524 1659 2594 quid
1684 2524 2032 2595 supplendum
2061 2543 2123 2578 ex
2152 2521 2473 2593 Apollodoro
2497 2532 2551 2577 et

1534 2605 1768 2677 Hygino.
1804 2603 1991 2672 Apollo
2020 2603 2267 2671 Troianis
2290 2601 2551 2670 pestilen-

1534 2682 1660 2734 tiam
1710 2682 1999 2735 immiserat
2034 2719 2049 2747 ,
2099 2681 2379 2750 Neptunus
2425 2698 2550 2733 cum

1531 2761 1876 2815 inundatione
1901 2772 2091 2816 cetum.
2113 2757 2405 2813 Oraculum
2428 2777 2552 2811 mo-

1532 2840 1719 2905 nebat,
1746 2850 1860 2892 tum
1886 2839 2104 2892 demum
2125 2839 2388 2891 malorum
2412 2838 2550 2898 isto.-

1531 2935 1653 2969 rum
1679 2917 1843 2970 finem
1868 2916 1979 2970 fore
1998 2956 2014 2983 ‚
2038 2917 2080 2970 si
2108 2914 2413 2969 Laomedon
2432 2916 2552 2968 He·

1530 2996 1735 3048 sionem
1752 2995 1911 3048 filiam
1924 3006 2041 3049 ceto
2051 2995 2379 3065 exposuisset.
2396 2995 2552 3048 Hanc

1529 3072 1692 3142 igitur
1724 3092 1890 3142 quum
1922 3074 2179 3127 Hercules
2196 3112 2213 3140 ,
2238 3072 2304 3125 ab
2328 3071 2551 3140 expedi-

1533 3153 1678 3205 tione
1693 3163 1876 3205 contra
1887 3155 2179 3206 Amazones
2189 3150 2416 3215 rediens,
2428 3168 2548 3202 saxo

1534 3229 1791 3300 alligatam
1810 3229 2045 3295 vidisset,
2071 3240 2247 3282 cetum
2270 3226 2519 3279 interficit
2533 3265 2550 3292 ‚

1526 3303 1897 3379 'virginemque
1911 3317 2096 3361 servat.
2116 3308 2328 3360 Pactam
2346 3322 2552 3358 merce-

1536 3386 1659 3440 dem
1686 3405 1850 3456 quum
1876 3404 1903 3438 a
1930 3404 2052 3455 rege
2075 3403 2184 3437 non
2208 3383 2513 3450 impetraret
2531 3420 2547 3447 ‚

1535 3466 1641 3520 abit
1672 3477 1786 3518 tum
1812 3464 2026 3535 quidem
2049 3501 2064 3529 ,
2097 3461 2188 3516 sed
2212 3471 2389 3531 postea
2414 3459 2553 3513 redit

1534 3563 1657 3598 cum
1683 3543 1973 3597 Telamone
1997 3580 2011 3607 ,
2045 3540 2371 3608 Troiamque
2400 3539 2550 3608 capit.

1538 3623 1798 3677 Hesiones
1820 3619 2048 3673 fabulam
2068 3621 2381 3687 patraverat
2405 3616 2552 3669 Hel-

1534 3698 1752 3763 lanidas‚
1764 3697 1904 3750 unde
1918 3713 2066 3749 suam
2081 3693 2263 3748 habuit
2274 3691 2554 3763 Apollodo-

1536 3799 1652 3841 τως
1672 3777 1806 3832 cons.
1826 3774 1983 3829 Diod.
2008 3774 2109 3829 Sic.
2138 3773 2245 3838 IV,
2268 3776 2346 3839 4²·
2369 3770 2552 3825 Simile

1538 3849 2554 3928 quidAndromedaeacciditIV,562sqq.

1606 3956 1632 3988 2
1643 3955 1660 3988 t
1670 3935 1716 3988 3.
1734 3935 1919 3986 Dic-los
1931 3936 2104 3998 posci!
2115 3948 2284 3998 equos.
2299 3926 2557 3982 Nonnulli

1528 4023 1714 4080 pactos
1724 4013 1896 4077 posci!
1904 4025 2087 4078 equos,·
2102 4006 2191 4060 sed
2206 4009 2371 4059 dicere
2380 4044 2395 4066 ,
2410 4003 2555 4057 idem

1538 4087 1681 4157 quod
1705 4086 2027 4157 promittere.
2053 4084 2252 4138 Passim
2277 4086 2442 4135 ἄκη·
2461 4082 2560 4132 do-

1538 4187 1624 4230 na,
1640 4172 1863 4235 premia,
1892 4168 2083 4231 doleam
2103 4163 2222 4218 vide
2245 4161 2558 4216 Heinsium:

1537 4249 1629 4303 sed
1652 4250 1771 4319 quia
1791 4247 2023 4318 proxime
2043 4245 2558 4317 praceuitpmu‘ssa
