3185 5138
680 575 805 621 110

1227 551 1307 616 P.
1371 550 1731 619 OVIDII
1786 547 2253 616 NASONIS

667 694 956 770 Numine
989 694 1263 794 decepto
1295 692 1519 768 risisse
1561 691 1965 767 Galanthida
1995 686 2166 766 fama
2201 710 2326 766 est.

670 811 1026 886 Ridentem
1053 867 1071 899 ‚
1109 838 1550 913 prensamque
1579 810 1750 911 ipsis
1782 811 1925 884 Dea
1957 838 2122 884 saeva
2154 806 2411 910 capillis

667 928 938 1016 Traxit,
976 946 1043 1002 et
1074 957 1109 1001 e
1143 944 1317 1001 terra
1349 955 1597 1028 corpus
1634 924 1919 1001 relevare
1946 925 2279 1001 volentem

667 1044 942 1130 Arcuit;
981 1045 1182 1145 inque
1214 1043 1418 1144 pedes
1450 1043 1733 1117 mutavit
1761 1043 2032 1117 brachia
2064 1043 2336 1144 primoS.
2364 1085 2375 1091 ·

505 1155 534 1190 ²
571 1221 600 1254 ·.
668 1161 1042 1236 Strenuitas
1078 1160 1350 1260 antiqua
1385 1177 1609 1234 manet
1635 1188 1652 1246 ;
1682 1187 1806 1234 nec
1842 1177 2026 1255 terga
2059 1158 2350 1232 colorem

2720 1181 2822 1231 320

611 1281 969 1358 &Amisere
1002 1307 1197 1352 suum
1231 1306 1246 1350 t
1283 1277 1495 1351 forma
1528 1293 1632 1351 est
1666 1276 1923 1351 diversa
1950 1277 2184 1378 priori.

653 1359 842 1493 Quat
865 1451 883 1483 ‚
924 1395 1078 1496 quia
1111 1394 1407 1469 mendaci
1442 1395 1809 1495 parientem
1840 1395 2097 1494 juverat
2130 1420 2281 1481 ore,

672 1515 811 1588 Ore
844 1512 1056 1613 parit3
1088 1529 1482 1613 nostrasque
1514 1511 1792 1599 domos»,
1827 1529 1908 1584 ut
1938 1531 2003 1585 et
2036 1529 2226 1600 ante,
2262 1510 2662 1609 frequentat.
2702 1541 2763 1580 n.

768 1629 886 1701 Vl.
924 1628 1156 1716 Dixit,
1192 1645 1290 1715 et,
1326 1627 1675 1701 admonitu
1707 1629 1946 1701 veteris
1981 1644 2310 1702 commota
2340 1625 2694 1713 ministrae,

668 1741 1047 1838 Ingemuit;
1084 1771 1281 1844 quam
1314 1742 1410 1815 sic
1441 1771 1653 1816 nurus
1687 1760 1787 1817 est
1818 1741 2033 1817 adfata
2071 1760 2476 1839 gementem:

2721 1760 2821 1814 325

675 1893 711 1924 «
749 1860 846 1932 Te
881 1876 1136 1946 tamen,
1175 1888 1215 1932 o
1251 1859 1547 1953 genetrix
1570 1915 1589 1946 ‚
1628 1858 1851 1933 alienae
1885 1859 2205 1954 sanguine
2238 1876 2459 1933 vestro

670 1979 895 2078 Rapta
928 1993 1148 2049 movet
1177 1974 1374 2049 facies
1411 2003 1425 2047 ε
1461 1975 1654 2078 quid,
1692 1976 1749 2048 si
1788 1976 1911 2050 tibi
1953 1978 2117 2051 mira
2149 1976 2398 2051 sororis

673 2094 836 2166 Fata
872 2121 1029 2166 meae
1061 2092 1387 2166 reseram?
1427 2121 1804 2194 quanquam
1839 2092 2268 2195 lacrymatque
2301 2091 2625 2194 dolorque

666 2209 1052 2311 Impediunt
1072 2265 1092 2298 ,
1128 2207 1622 2311 prohibentque
1655 2207 1845 2310 loqui
1875 2239 1891 2283 ε
1920 2211 2053 2284 suit
2084 2211 2277 2284 unica
2307 2210 2503 2284 matri
2523 2265 2543 2298 ,

665 2327 782 2400 Me
816 2342 1004 2428 pater
1037 2354 1117 2400 ex
1151 2324 1278 2399 alia
1313 2325 1581 2422 genuit,
1614 2325 1966 2401 notissima
1996 2327 2210 2402 forma

661 2535 790 2579 tens.
814 2552 882 2566 -
915 2526 1123 2587 Vincla,
1157 2522 1307 2595 digiti
1342 2522 1530 2594 juncti.
1552 2522 1693 2577 Vide

669 2623 803 2657 vers.
830 2623 908 2672 77.

728 2683 761 2735 3
771 2702 788 2733 1
800 2704 841 2751 7.
854 2684 1121 2735 Ridentcm
1127 2701 1461 2750 prensamque
1474 2692 1573 2735 etc.
1590 2681 1693 2735 Ga·

659 2760 856 2815 lanthis
874 2771 1109 2814 mutatur
1123 2763 1178 2815 in
1197 2762 1476 2815 mustelam
1491 2802 1506 2828 ,
1532 2771 1691 2830 γαλῖν.

661 2840 869 2909 Nempe
894 2840 1118 2893 mustela
1145 2852 1558 2909 praetereurrens
1581 2853 1693 2895 ter-

660 2919 825 2972 ruisse
866 2919 1182 2973 Alcmenam
1222 2920 1431 2975 videtur
1465 2942 1493 2975 e
1536 2933 1691 2991 partu

659 2999 992 3052 laborantem
1021 3038 1035 3066 ,
1077 3019 1300 3068 eamque
1345 3001 1444 3055 isto
1485 3012 1688 3054 terrore

661 3077 931 3130 relevasse.
963 3078 1082 3131 Hoc
1103 3088 1245 3131 certe
1275 3077 1432 3131 tradit
1451 3079 1690 3133 AElianus

663 3155 804 3210 Hist.
830 3156 932 3208 Au.
955 3156 1064 3210 ΧῙῘ
1083 3195 1097 3221 ,
1127 3161 1154 3209 5
1171 3194 1186 3221 ,
1215 3144 1458 3225 Α’λκμῆνης
1475 3169 1619 3212 τεκεῖν
1643 3163 1690 3213 οὗ

664 3239 948 3304 bulting,
983 3242 1120 3298 τήνδε
1155 3243 1300 3303 γαλῖν
1340 3243 1687 3312 παραδραμεῖν,

661 3323 857 3376 καὶτοὺς
871 3326 961 3371 τῶν
976 3319 1154 3371 ὠδίνων
1171 3322 1306 3370 λῦσαι
1324 3321 1530 3383 δεσμούς.
1545 3316 1690 3369 Hinc

662 3393 883 3447 mustela
905 3392 1044 3446 culta
1069 3412 1098 3446 a
1122 3392 1389 3447 Thebanis
1407 3432 1421 3458 ,
1452 3405 1505 3447 et
1531 3394 1688 3446 Her-

658 3471 788 3525 culis
817 3470 995 3523 nutrix
1012 3470 1573 3541 dicta.·-Pmnsauaeque
1587 3482 1687 3525 etc.

661 3559 722 3602 ut
740 3549 823 3615 11,
851 3549 958 3618 476.
977 3576 1045 3590 -
1060 3552 1210 3617 Ipsis.
1234 3549 1392 3604 Unus
1415 3569 1476 3602 ex
1502 3550 1688 3602 Hein—

657 3626 815 3680 sianis
831 3638 884 3680 et
898 3626 1160 3681 Groevian.
1181 3634 1308 3691 suis,
1336 3628 1477 3698 quod
1501 3629 1688 3682 Hein-

656 3704 735 3757 sio
757 3704 950 3758 rectius
966 3706 1258 3772 videbatur,
1287 3709 1377 3777 qui
1406 3708 1532 3761 olim
1558 3727 1688 3760 con-

655 3783 807 3853 jecit,
833 3789 944 3838 solo
967 3791 1174 3852 capillis*
1198 3788 1409 3851 Stravit,
1437 3798 1680 3857 propter,

661 3862 750 3928 11,
775 3862 888 3932 475.
907 3891 975 3904 —
992 3864 1187 3934 Regius
1212 3875 1393 3918 noster
1420 3867 1464 3918 A
1485 3905 1500 3931 ,
1524 3871 1684 3933 ἱρείη

657 3940 856 4012 Regius
873 3942 917 3994 B
935 3981 950 4008 ,
972 3946 1275 3997 suem—Nec
1294 3954 1435 4012 lerga
1448 3954 1544 3997 etc.
1564 3946 1685 4013 quia

660 4021 896 4074 mustela
916 4021 1133 4074 dorsum
1151 4022 1322 4075 carnis
1344 4022 1578 4075 colorem
1596 4042 1687 4076 re-

655 4101 773 4153 sert.
793 4128 859 4140 —
881 4102 1135 4155 Mustelas
1170 4122 1255 4155 one
1281 4122 1488 4170 parem,
1525 4115 1682 4172 atque

657 4176 820 4230 etiam
856 4198 950 4247 per
982 4198 1133 4233 aures
1166 4181 1305 4234 coire
1332 4182 1686 4249 opinabantur

656 4255 899 4308 Veteres.
928 4256 1234 4311 Antoninus
1266 4258 1545 4325 Liberalis,
1572 4258 1621 4311 d.
1650 4260 1682 4312 l.

656 4344 923 4413 suplantet(
953 4340 1042 4413 γὰρ
1073 4342 1153 4392 διὰ
1175 4350 1266 4393 τῶν
1293 4345 1434 4394 ὤτων·
1469 4348 1611 4394 τίκτει
1641 4339 1685 4393 ο*

2715 2346 2818 2398 33υ

1792 2526 2075 2601 ιἰναφίῥουσα
2094 2529 2145 2581 rei
2160 2528 2398 2594 κυούμενον
2416 2528 2461 2579 c'x
2477 2534 2557 2580 τοῦ
2569 2528 2815 2600 τραχῆλου.

1856 2604 2094 2675 324-393
2148 2607 2376 2674 Dryope,
2407 2603 2531 2658 Iole
2551 2621 2730 2667 soror,
2757 2602 2815 2653 in

1789 2688 1928 2738 loton
1942 2684 2203 2737 arborem.
2224 2682 2428 2737 Confer
2449 2682 2708 2736 Antonin.
2725 2681 2817 2734 Li-

1789 2761 2023 2814 beralem
2042 2801 2056 2827 ‚
2083 2782 2193 2832 rap.
2210 2763 2271 2815 32
2292 2801 2307 2828 ,
2335 2762 2423 2830 qui
2443 2771 2621 2814 tamen
2637 2780 2698 2813 ex
2718 2760 2818 2813 Ni-

1788 2840 1987 2893 candro
2014 2861 2130 2894 rem
2165 2843 2318 2911 longe
2352 2840 2502 2894 aliter
2530 2841 2694 2893 refert
2714 2879 2729 2904 ,
2760 2850 2814 2892 et

1790 2918 2037 2973 Servium
2052 2920 2117 2973 ad
2138 2920 2487 2991 Virg.Georg.
2509 2920 2562 2973 ΙΙ
2576 2958 2591 2984 ,
2612 2921 2691 2987 84.
2710 2920 2817 2972 Fa-

1787 2997 1909 3051 bula
1942 2998 2051 3052 hoec
2083 3001 2299 3052 affectus
2335 2999 2608 3052 tenerrimi
2641 2999 2813 3067 plena.

1786 3078 2150 3131 -Admoneri
2175 3078 2401 3131 dicimur
2433 3080 2593 3132 etiam
2625 3097 2809 3131 earum

1786 3174 1967 3208 rerum
1987 3195 2002 3223 ,
2031 3175 2148 3225 quae
2173 3176 2283 3209 non
2314 3158 2426 3211 sine
2452 3156 2632 3210 dolore
2660 3156 2812 3208 nobis

1786 3236 1841 3287 in
1861 3237 2099 3290 animum
2118 3237 2346 3291 redeunt
2367 3260 2380 3301 ς
2411 3237 2519 3292 Vll
2533 3278 2548 3305 ,
2577 3240 2701 3304 480,
2721 3240 2811 3288 ad·

1785 3321 2001 3370 monitus
2020 3325 2193 3386 patrii
2209 3323 2410 3384 luctum
2443 3318 2683 3372 Tibullus
2701 3359 2716 3386 ,
2747 3317 2771 3370 I
2791 3358 2808 3383 ,

1788 3394 1932 3465 Eleg.
1948 3413 2003 3463 V,
2024 3399 2088 3464 4ο
2100 3437 2113 3464 ,
2131 3402 2394 3451 admonui!
2403 3402 2615 3451 domine
2625 3400 2680 3451 V
2669 3416 2807 3451 enus.

1784 3475 2142 3527 —Gementem
2161 3495 2256 3544 pro
2272 3479 2519 3528 dolentem
2534 3495 2563 3528 e
2582 3474 2807 3528 solemni

1786 3550 1965 3604 Ovidii
1990 3552 2303 3621 repetitione
2329 3552 2487 3608 habet
2509 3573 2646 3607 unus
2671 3553 2806 3605 Me·-

1785 3627 1962 3683 diceus
1983 3653 1995 3693 ;
2037 3631 2325 3686 Mitscherl.
2362 3634 2586 3687 servavit
2612 3632 2807 3701 vulga·-

1784 3719 1892 3762 tam
1913 3731 1926 3773 ;
1955 3710 2037 3762 alii
2058 3711 2219 3765 MSS.
2238 3716 2511 3781 loquentem
2525 3722 2808 3778 autpaeen·

1781 3786 2170 3842 teum—Codex
2197 3791 2393 3860 Regius
2421 3791 2466 3844 A
2484 3833 2496 3852 ‚
2526 3794 2807 3855 dolentem,-

1788 3864 1971 3919 Codex
1997 3869 2041 3921 B
2058 3908 2072 3936 ,
2089 3880 2367 3937 paventem.
2417 3873 2608 3923 Tamen
2642 3870 2808 3923 nectit

1783 3954 1912 3998 orat.
1941 3965 2063 3999 cum
2088 3966 2260 4016 super.
2282 3947 2545 4018 habetque
2569 3949 2678 4001 vim
2702 3948 2809 4000 mi·-

1782 4023 1983 4077 nuendi
1997 4067 2008 4084 .
2030 4026 2184 4095 plane
2206 4036 2263 4079 ut
2279 4047 2411 4080 vers.
2428 4029 2508 4099 98.
2523 4055 2592 4066 —
2609 4030 2808 4093 Rapere

1782 4102 1848 4156 de
1865 4105 2326 4158 transformatione
2341 4105 2501 4158 etiam
2522 4106 2628 4159 vll
2649 4145 2664 4172 ,
2695 4106 2804 4177 239.

1846 4183 1959 4254 ³²9·
1993 4185 2187 4241 [Iaera.
2210 4202 2353 4236 nunc
2375 4203 2471 4254 pro
2488 4224 2505 4249 ,
2530 4203 2652 4236 una.
2667 4184 2803 4234 Vide

1783 4261 2065 4315 Heinsium
2082 4261 2145 4315 ad
2163 4262 2274 4329 111,
2293 4267 2679 4331 454.—Patrcm
2697 4264 2807 4315 Eu-

1781 4351 1988 4411 rytum,
2014 4342 2134 4397 vide
2158 4344 2223 4397 ad
2247 4363 2379 4399 vers.
2410 4345 2517 4399 136.
2540 4343 2805 4399 Nicander
