3185 5138
653 585 1673 654 META'MORPHOSEON
1720 589 1914 654 LIB.
1968 589 2103 657 XI.

2344 591 2475 684 267

346 722 785 799 Adscendunt
813 722 1008 811 illuc,
1049 742 1423 827 stratosque
1453 725 1523 799 in
1551 725 1746 800 litore
1774 742 2000 801 tauros

351 845 521 918 Cum
557 842 805 938 gemitu
841 842 1254 942 adspiciunt,
1289 836 1811 943 vastatoremque
1842 859 2116 916 cruento

2382 864 2481 936 395

354 964 490 1035 Ore
522 959 736 1033 ferum
756 1013 776 1046 ‚
813 957 1053 1053 longos
1083 957 1399 1031 infectum
1432 956 1752 1053 sanguine
1785 954 2003 1029 villos.

353 1074 516 1147 Inde
550 1097 785 1145 manns
823 1069 1099 1144 tendens
1130 1071 1200 1143 in
1237 1072 1447 1172 aperti
1481 1071 1676 1146 litora
1709 1071 1939 1173 ponti,

357 1186 715 1264 Caeruleam
747 1186 985 1261 Peleus
1025 1187 1421 1263 Psamathen
1440 1244 1459 1277 ‚
1493 1206 1572 1262 ut
1598 1188 1789 1263 finiat
1821 1188 2021 1276 iram,

358 1308 529 1380 Orat
551 1359 571 1392 ‚
607 1330 936 1405 opemque
970 1303 1138 1377 ferat
1164 1333 1181 1376 ε
1207 1332 1338 1377 ¹nec
1368 1305 1648 1379 vocibus
1676 1303 1789 1377 illa
1819 1302 2118 1400 rogantis

353 1420 676 1494 Flectitur
709 1418 1014 1493 AEacidae.
1051 1419 1288 1494 Thetis
1321 1421 1491 1495 hanc
1524 1449 1653 1521 pro
1688 1420 1969 1519 conjuge
2007 1418 2290 1522 supplex
2390 1439 2490 1508 400

354 1535 634 1635 Accepit
665 1535 922 1610 veniam
949 1565 967 1609 z
1003 1535 1122 1610 sed
1154 1535 1330 1611 enim
1362 1553 1709 1610 revocatus
1740 1536 1823 1610 ab
1851 1535 1985 1610 acri

359 1650 553 1725 Caede
588 1650 791 1751 lupus
824 1670 1114 1753 perstat,
1153 1652 1498 1727 dulcedine
1535 1652 1877 1748 sang-uinis
1908 1679 2140 1752 asper3

357 1768 593 1842 Donec
624 1767 1051 1842 inhaerentem
1085 1766 1313 1844 lacerae
1346 1768 1590 1844 cervice
1622 1769 1916 1869 juvencae

355 1883 691 1957 Marmore
723 1883 1003 1957 mutavit
1031 1912 1048 1956 ε
1078 1912 1358 1985 corpus,
1394 1903 1762 1987 praeterque
1796 1883 2088 1959 colorem

420 2080 531 2152 394.
553 2080 916 2132 'Adscendunt
960 2078 1121 2132 Multi
1156 2081 1377 2135 descen-

358 2159 501 2219 dant,
521 2157 664 2227 quod
682 2158 1022 2211 Burmannus
1035 2177 1096 2211 ex
1107 2161 1383 2212 escendunt

359 2246 536 2289 ortum
576 2247 727 2306 putat
746 2276 760 2302 ‚
803 2254 960 2306 quam
1003 2254 1188 2290 vocem
1224 2237 1377 2290 Livio

359 2331 494 2384 πρε
516 2313 810 2369 reddiderit
829 2314 1215 2369 Gronovius.—
1225 2316 1377 2386 Regii

358 2391 523 2445 nostri
533 2394 889 2445 σκοπείτω.-
898 2393 1184 2460 Orefhrum.
1196 2393 1382 2446 Potest

343 2468 494 2535 seras
511 2469 829 2523 substantive
846 2470 989 2540 capi,
1004 2481 1064 2523 ut
1077 2469 1213 2541 apud
1229 2470 1378 2540 Virg.

358 2557 414 2602 et
430 2546 636 2605 Phaedr.
654 2548 718 2602 de
736 2568 892 2620 equo,
914 2571 1089 2618 cerm,
1108 2550 1259 2605 leone
1279 2560 1377 2606 etc.

359 2625 515 2678 Tunc
525 2637 760 2680 vastator
762 2628 913 2695 see-us
929 2629 1128 2684 dictum
1143 2629 1301 2695 soret,
1318 2640 1379 2684 ut

358 2703 409 2756 X
427 2743 441 2768 ,
470 2706 569 2771 540
589 2744 604 2771 ‚
639 2715 864 2773 raptores
890 2709 1011 2775 lupi.
1036 2735 1102 2747 -
1123 2708 1377 2776 Aper-tus,

356 2787 507 2857 cujus
521 2798 827 2857 conspectus·
844 2789 944 2844 late
964 2800 1136 2860 patet,
1165 2799 1222 2843 ut
1238 2809 1382 2858 aper-

356 2873 441 2918 tus
456 2883 667 2933 campus
680 2906 693 2929 ,
726 2885 837 2919 non
861 2868 1056 2922 obsitus
1076 2868 1347 2922 arboribus
1360 2908 1376 2937 ,

311 3011 316 3018 1
355 2940 481 2997 bine
509 2943 664 3014 longe
692 2944 1121 3014 conspiciendus,
1156 2955 1380 3014 apertum

357 3027 531 3078 caelu'm
553 3065 568 3088 ,
620 3033 731 3080 non
780 3018 1070 3081 obductum
1109 3028 1337 3083 nubibus
1363 3067 1380 3095 ,

359 3101 481 3158 hinc
503 3103 665 3159 oculis
682 3104 838 3176 longe
863 3104 1071 3176 lateque
1096 3115 1294 3175 patens.

423 3184 539 3248 400.
571 3183 822 3236 AEace’doe.
860 3181 1047 3236 Codex
1081 3182 1277 3252 Regius
1302 3182 1380 3248 B,

364 3275 527 3326 graeca
563 3259 735 3313 forma
761 3299 777 3326 ‚
815 3263 1074 3314 :Eas-Mas.
1096 3289 1162 3300 —
1184 3262 1383 3314 necti-

363 3342 447 3386 tur
459 3344 556 3387 etc.
579 3335 688 3390 Sed
708 3337 949 3392 Thetidis
975 3339 1214 3408 precibus
1238 3338 1386 3391 miti-

351 3421 483 3480 ⁶gata
521 3422 600 3464 est
622 3453 637 3480 ‚
676 3425 737 3467 nt
773 3417 982 3472 veniam
1021 3415 1169 3470 daret
1206 3415 1384 3470 Peleo.

365 3486 496 3539 Mox
511 3497 720 3543 auctore
738 3491 960 3544 Heinsio
973 3512 1000 3545 e
1019 3492 1385 3548 vetustioribus

365 3566 626 3636 plerisque
652 3568 799 3622 MSS
832 3570 1035 3639 pratuli
1059 3610 1074 3638 ,
1110 3582 1385 3626 revocatus.

363 3644 584 3698 Frustra
608 3645 700 3697 diu
724 3646 1065 3701 revocabatur
1093 3667 1121 3702 a
1156 3641 1383 3703 Nereide

360 3723 516 3794 lupus
540 3764 556 3793 ,
583 3723 755 3779 donec
778 3736 874 3779 etc.
908 3727 987 3780 lta
1010 3728 1145 3781 bene
1169 3737 1388 3781 notatur

362 3803 522 3856 ardor
558 3816 611 3860 et
649 3806 1071 3877 sanguinolentia
1110 3808 1235 3879 lupi.
1272 3808 1387 3877 Qui

360 3886 663 3937 &revocatus
685 3894 933 3952 tuentur,
960 3884 1216 3955 explicant
1241 3886 1389 3956 irre-7

360 3961 915 4017 meabilem—Ambo
942 3963 1092 4034 Regii
1111 3963 1275 4015 nostri
1297 3983 1390 4016 re·-

363 4049 572 4093 ματαίω·
588 4040 1028 4095 habent—Acris
1042 4043 1219 4102 cedes,
1235 4059 1387 4112 saeva,

362 4119 859 4190 plurima—Asper,
884 4119 1073 4173 ardens
1088 4159 1103 4186 ,
1120 4119 1360 4173 incitatus
1371 4125 1390 4186 “,

364 4206 424 4249 ut
449 4198 596 4266 virg.
622 4197 817 4270 Georg.
850 4198 967 4266 111,
1004 4191 1100 4265 434
1124 4236 1141 4264 ,
1178 4195 1392 4265 serpen's

1474 2101 1778 2152 quanquam
1801 2101 1862 2135 ea
1882 2080 2205 2151 potissimum
2221 2120 2236 2147 ,
2261 2098 2383 2132 cum
2402 2098 2497 2130 as-

1466 2166 1684 2228 peritate
1731 2169 2066 2228 comparatur
2101 2197 2117 2223 ,
2176 2156 2266 2210 sed
2323 2157 2496 2210 omnis

1475 2238 1634 2290 etiam
1665 2236 1825 2290 animi
1856 2236 2407 2307 impetum—lahama·
2430 2233 2496 2285 de

1475 2313 1758 2368 mordente
1770 2312 1932 2368 bestia
1948 2313 2108 2366 etiam
2126 2315 2150 2368 1
2170 2352 2185 2378 ‚
2202 2313 2498 2367 535.verbo

1473 2392 1659 2447 herere
1687 2403 1742 2446 et
1782 2391 2082 2461 compositis
2114 2390 2362 2444 ablativus
2403 2388 2495 2442 in·-

1477 2470 1689 2524 terdum
1707 2469 1915 2523 additur
1933 2509 1949 2536 ,
1975 2468 2074 2523 nisi
2098 2466 2245 2521 malis
2266 2466 2497 2520 hocloco

1475 2547 1675 2602 dictum
1700 2567 1797 2618 pro
1817 2588 1832 2615 ,
1862 2550 2121 2601 herentem
2147 2551 2202 2600 ia
2232 2551 2499 2600 carvere.—

1478 2629 1708 2687 lacem,
1741 2645 1899 2695 quam
1916 2625 2145 2679 lacerare
2165 2626 2395 2695 parabat.
2410 2624 2501 2678 ln·

1477 2703 1687 2774 geniose
1715 2713 2031 2766 vastatorem
2063 2703 2120 2756 in
2158 2703 2270 2773 ipso
2306 2701 2501 2755 lacera-

1478 2782 1635 2836 tionis
1663 2795 1781 2838 actu
1804 2782 1956 2855 fingit
1982 2791 2262 2834 mutatum.
2286 2809 2353 2820 -
2380 2781 2503 2832 Cer-

1478 2865 1584 2913 vice
1614 2862 1847 2930 juvence
1860 2903 1872 2914 .
1897 2899 1908 2912 .
1933 2901 1945 2913 .
1972 2901 1984 2913 .
2002 2901 2015 2913 .
2044 2861 2231 2912 Omnia
2267 2862 2501 2912 servavit.

1478 2938 1725 3012 Micyllus
1760 2939 1975 3008 conjicit
2013 2941 2235 2991 Nomina
2270 2941 2499 2990 servavit.

1479 3018 1639 3071 Unus
1657 3018 1929 3073 Mediceus
1951 3022 2140 3072 cervice
2149 3019 2352 3085 gerenti.
2369 3013 2502 3069 Inde

1479 3098 1822 3153 Burmannus
1859 3098 2111 3164 faciebat,
2149 3116 2346 3159 mccc,
2381 3114 2502 3148 cer-

1480 3180 1586 3229 vice
1597 3182 1812 3245 gerenti,
1834 3176 1939 3230 scil.
1956 3176 2157 3246 lupum.
2173 3171 2431 3228 Gronovii
2451 3182 2505 3224 et

1480 3253 1730 3307 Menardi
1753 3255 2164 3322 nebeaejuvencae.
2196 3249 2505 3307 Basileensis

1480 3334 1594 3386 lata
1630 3337 1835 3386 cervice.
1875 3332 2009 3385 Tres
2029 3371 2044 3398 ,
2081 3334 2294 3384 mutari!
2322 3347 2503 3394 corpus

1481 3414 1814 3480 Psamateque
1838 3412 2062 3463 colorem.
2094 3407 2293 3473 Multi,
2328 3424 2507 3473 corpus

1472 3494 1758 3556 pariterque
1782 3491 1992 3539 colorem
2008 3528 2021 3549 ,
2055 3488 2244 3538 Cetera
2265 3487 2503 3543 servam,

1482 3583 1545 3617 ex
1562 3564 1751 3634 quibus
1766 3564 1931 3616 varias
1948 3581 2094 3632 posse
2110 3559 2508 3613 emendationes

1483 3640 1763 3712 excogitari
1787 3681 1803 3708 ,
1843 3642 2185 3694 Burmannus
2218 3650 2418 3693 monet.
2442 3667 2509 3679 ·-—

1484 3720 1682 3789 Regius
1705 3729 1887 3773 noster
1919 3720 1964 3772 B
1986 3719 2123 3772 solus
2155 3718 2353 3771 variam
2390 3717 2509 3771 lec-

1485 3800 1686 3856 tionem
1710 3798 1865 3852 affert
1885 3822 1898 3863 ;
1924 3799 2084 3852 habet
2106 3800 2509 3876 Marmora-‹ma-

1482 3886 1615 3933 tave't
1631 3880 1873 3940 Psamete,
1878 3885 2150 3947 preterque
2164 3880 2375 3930 colorem
2392 3877 2509 3927 Om-

1483 3963 1573 4010 nia
1586 3957 2146 4017 senaria—Marmore,
2173 3956 2230 4007 in
2248 3971 2508 4015 marmot-3

1486 4034 1604 4090 vide
1631 4034 1694 4087 ad
1722 4034 1800 4087 lx
1816 4073 1831 4100 ‚
1857 4035 1936 4088 8¹.
1960 4032 2203 4086 Mutatus
2225 4043 2402 4085 autem
2420 4031 2510 4085 ille

1487 4137 1598 4170 non
1626 4117 1681 4169 in
1710 4134 1947 4170 marmor
1970 4113 2201 4167 informe
2228 4154 2243 4180 ,
2277 4111 2370 4166 sed
2396 4110 2512 4167 cor-

1477 4214 1595 4264 pus,
1609 4193 1837 4248 sormam
1856 4193 1994 4263 lupi,
2017 4196 2304 4264 omniaque,
2324 4209 2509 4243 omnes

365 4293 517 4342 asper
533 4281 647 4339 siti,
676 4289 730 4331 et
753 4277 831 4330 lx
846 4317 862 4343 ‚
890 4278 953 4331 62
971 4317 986 4344 ,
1009 4276 1165 4346 lupus
1185 4293 1335 4342 asper
1344 4283 1398 4326 et
1488 4275 1603 4343 ejus
1625 4284 1797 4345 partes
1816 4313 1831 4342 ,
1865 4272 2101 4327 servavit.
2122 4271 2384 4325 Laborare
2419 4280 2508 4323 ta-

364 4358 616 4422 e'mprobus
639 4360 720 4411 ira
743 4358 907 4411 Saem't.
937 4355 1063 4412 Non
1093 4353 1253 4408 modo
1281 4353 1357 4407 ira
1373 4393 1390 4424 ‚

1487 4371 1613 4407 men
1648 4352 1732 4408 hic
1757 4371 1938 4406 sensus
1969 4351 2108 4405 visus
2144 4359 2221 4404 est
2253 4359 2368 4419 post
2398 4346 2510 4400 Mi-
