3185 5138
604 584 1642 678 METAMORPHOSEON
1690 589 1886 658 LIB.
1944 591 2182 661 VIII.

334 722 757 824 Conditaque
788 725 858 797 in
888 724 1140 825 liquida
1174 754 1375 800 corna
1410 726 1817 801 autumnalia
1848 729 2000 804 saece
2023 788 2041 820 ,

2382 597 2467 687 57

2374 756 2475 807 665

331 840 746 941 Intubaque‚
787 857 854 913 et
885 840 1106 927 radix,
1145 858 1215 915 et
1248 841 1437 916 lactis
1470 871 1681 917 massa
1719 847 1927 920 coacti
1950 904 1968 935 ‚

336 956 614 1057 Ovaque
636 1013 655 1043 ‚
693 986 833 1030 non
868 957 1000 1031 acri
1033 955 1265 1031 leviter
1296 975 1551 1032 versata
1581 958 1846 1049 favilla;

341 1073 586 1147 Omnia
619 1072 941 1147 fictilibus
972 1104 986 1146 :
1017 1091 1176 1175 post
1204 1074 1342 1148 haec
1372 1074 1637 1150 caelatus
1665 1077 1891 1150 eadem

337 1188 614 1262 Sistitur
643 1187 872 1286 argilla
906 1208 1152 1279 crater3
1192 1190 1642 1293 fabricataque
1674 1192 1827 1288 fago

336 1313 588 1388 Pocula
608 1370 627 1403 ‚
667 1345 796 1417 qua
831 1344 985 1390 cava
1018 1334 1213 1406 sunt,
1246 1316 1645 1392 flaventibus
1680 1316 1847 1391 illita
1877 1319 2066 1392 ceris.

337 1437 548 1511 Parva
577 1466 762 1512 mora
795 1456 930 1527 est;
970 1438 1333 1541 epulasque
1368 1440 1499 1513 foci
1529 1440 1764 1514 misere
1797 1440 2121 1515 calentes:

336 1562 474 1635 Nec
506 1559 723 1657 longae
756 1590 987 1637 rursus
1019 1562 1397 1637 reseruntur
1424 1564 1578 1639 vina
1609 1581 1922 1653 senectae3

334 1761 490 1826 felici,
511 1761 636 1815 AEn.
652 1763 757 1829 111,
773 1763 891 1837 649,
913 1774 1218 1831 numerata,
1233 1782 1357 1818 con-

335 1838 435 1892 diri
455 1850 631 1894 tamen
650 1841 886 1894 solebant
905 1842 1162 1896 olivarum
1177 1843 1357 1897 instar.

400 1921 515 1973 666.
548 1924 781 1975 Intubum
802 1923 1026 1976 sativum
1041 1963 1056 1990 ‚
1080 1924 1187 1977 sive
1215 1922 1354 1975 hor—

339 2009 487 2052 tense
507 2040 521 2068 ,
570 1999 726 2053 Linn.
768 1998 1077 2054 Cichorium
1114 2001 1355 2054 Endivia.

334 2105 402 2116 —
418 2075 613 2130 Gallice
638 2079 859 2137 Eadiae.
889 2077 1032 2147 quod
1058 2080 1231 2132 forsan
1260 2077 1355 2132 de-

339 2153 561 2207 ductum
589 2156 747 2208 suerit
775 2156 838 2208 ab
860 2158 1031 2209 Inte'ba
1056 2156 1197 2226 quod
1228 2157 1357 2211 dant

341 2234 493 2306 Regii
518 2237 683 2289 nostri
712 2234 951 2291 Codices.
973 2238 1071 2291 Ed.
1099 2236 1231 2291 Inde
1264 2236 1357 2290 di-

338 2333 549 2368 versum
579 2315 827 2369 intubum
856 2316 1138 2370 erraticum
1170 2314 1359 2369 amaris

341 2391 487 2445 fibris
513 2431 528 2456 ‚
577 2392 732 2446 Linn.
762 2391 1071 2447 Cicborium
1099 2393 1322 2447 lntubus
1341 2433 1357 2460 ,

344 2470 643 2540 germanice
681 2471 1006 2539 Wegavart.-
1019 2474 1223 2533 Radix,
1262 2491 1358 2524 ra—

341 2547 548 2620 phat-us.
567 2551 755 2603 —Lac
765 2559 993 2604 coactum
1005 2591 1017 2610 .
1041 2568 1152 2604 uno
1167 2549 1328 2603 verbo
1342 2589 1358 2616 ,

340 2633 604 2697 coagulum
629 2671 643 2690 ‚
685 2630 825 2698 quod
866 2629 1055 2698 legitur
1089 2630 1225 2682 Fast.
1258 2628 1358 2695 IV,

344 2709 473 2776 5433
499 2709 684 2761 confer
703 2709 841 2762 infra
866 2707 975 2762 ΧΠ
995 2747 1010 2774 ,
1038 2707 1231 2775 436-
1249 2709 1362 2760 θνα

342 2787 478 2857 apud
499 2788 769 2841 Romanos
785 2788 894 2840 sere
912 2805 1122 2856 semper
1141 2786 1194 2839 in
1210 2785 1362 2856 prin-

340 2867 475 2936 cipio
498 2884 677 2919 coenae.

402 2943 517 2996 668.
553 2946 686 2997 Post
714 2945 819 2994 hec
855 2946 1063 2995 celatus
1098 2952 1194 2996 etc.
1232 2942 1362 2996 Post

341 3020 561 3074 missum
583 3021 814 3091 primum
839 3021 1008 3090 prima
1029 3021 1151 3074 vina
1174 3031 1360 3074 contra

344 3101 493 3171 prisci
511 3101 606 3154 aevi
625 3119 830 3153 morem
847 3111 1137 3171 ponuntur.
1152 3098 1259 3154 Sed
1276 3098 1361 3153 hic

346 3190 400 3232 et
424 3178 488 3232 de
526 3178 749 3233 lectione
784 3189 838 3232 et
874 3177 940 3231 de
970 3198 1127 3232 sensu
1155 3177 1364 3231 labora·

347 3276 480 3326 mus.
498 3256 648 3311 Olim
664 3258 933 3328 legebatur
945 3297 961 3324 ,
973 3260 1180 3310 celatus
1193 3259 1363 3308 eodem

346 3337 555 3390 Καπίτων
578 3346 783 3403 argento
810 3343 985 3389 crater.
1008 3333 1116 3389 Sed
1139 3334 1364 3387 Heinsio

347 3414 648 3484 displicebat
677 3425 731 3467 et
760 3424 1039 3483 argenteus
1072 3421 1128 3467 et
1156 3412 1365 3466 celatus

346 3505 517 3550 crater
551 3495 607 3547 in
641 3494 771 3548 vasis
799 3492 1138 3548 Philemonis.
1173 3491 1365 3561 Quum

347 3574 506 3645 igitur
530 3573 587 3626 in
612 3591 721 3626 uno
743 3573 983 3626 Palatino
1006 3582 1139 3626 esset
1156 3612 1171 3639 ‚
1195 3576 1364 3624 eodem

346 3655 542 3719 aqillo,
576 3652 633 3704 in
657 3650 837 3704 multis
863 3650 970 3703 aliis
998 3649 1161 3704 MSS.
1187 3661 1365 3703 autem

347 3749 445 3799 pro
464 3729 901 3798 interpretatione
927 3728 1244 3798 adscriptum
1271 3749 1366 3782 es-

345 3821 425 3863 zet
458 3812 524 3861 de
554 3812 768 3877 argilla,
810 3807 911 3861 hoc
937 3808 1136 3877 recepit
1158 3809 1213 3861 in
1237 3827 1369 3861 con-

349 3896 547 3940 textum
563 3924 579 3952 ‚
606 3897 659 3940 et
683 3905 779 3955 pro
803 3888 1009 3939 celatus
1031 3885 1367 3939 scribendum

346 3975 558 4030 censet,
582 3967 773 4017 illatus.
803 3962 1058 4034 Rigaltius
1090 3974 1272 4016 contra
1303 3961 1367 4014 ad

348 4042 662 4096 Tertullian.
687 4041 752 4096 de
775 4041 976 4096 Cultib.
998 4043 1177 4096 semin.
1203 4041 1288 4093 lib.
1308 4040 1364 4102 1,

346 4140 455 4192 oep.
483 4142 513 4174 2
532 4160 549 4189 ,
584 4130 766 4174 tuetur
790 4122 1061 4190 antiquam
1087 4119 1368 4173 lectionem

348 4209 601 4269 putatque
628 4199 801 4268 jocose
822 4199 922 4253 boc
941 4198 1141 4253 dictum
1157 4217 1266 4252 esse
1284 4236 1299 4262 ‚
1317 4208 1370 4251 et

348 4298 378 4330 e
411 4280 772 4350 superioribus
803 4280 949 4334 facile
988 4278 1369 4349 explicandum.

350 4357 548 4429 Fruges
565 4377 755 4413 omnes
776 4357 1179 4430 adponebantur
1201 4358 1257 4412 in
1260 4361 1373 4428 fic-

1451 1767 1630 1818 tz‘libus
1659 1763 1806 1819 vasis.
1847 1763 2040 1818 Crater
2068 1767 2237 1817 eodem
2269 1772 2479 1832 argento

1451 1848 1662 1897 celatus
1691 1862 1818 1914 ergo
1856 1845 1994 1897 soret
2020 1883 2035 1910 ‚
2070 1843 2219 1897 nullo
2257 1854 2477 1913 argento

1454 1921 1661 1975 celatus
1677 1960 1691 1988 ,
1718 1940 1865 1991 eque
1883 1940 1994 1975 non
2013 1930 2291 1990 argenteus
2306 1933 2359 1975 et
2374 1941 2478 1975 cae-

1451 2001 1586 2056 latus
1610 2021 1670 2055 ac
1692 2003 1920 2073 reliqua,
1950 2021 2066 2071 quae
2091 2013 2477 2071 praecesserant.

1457 2081 1520 2133 In
1561 2085 1745 2134 celata
1778 2085 1966 2149 argilla
2002 2082 2193 2134 frustra
2231 2079 2477 2133 haeretur.

1456 2158 1673 2212 Etenim
1689 2158 1871 2212 latiore
1888 2178 2042 2212 sensu
2060 2163 2241 2211 celare
2256 2158 2478 2211 omnino

1453 2238 1811 2291 instrumento
1837 2237 2006 2290 fabrili
2041 2235 2271 2290 incidere
2290 2276 2306 2303 ‚
2337 2236 2478 2290 scal-

1455 2334 1581 2386 pere
1608 2355 1624 2382 ,
1663 2314 1866 2369 radere.
1900 2314 2150 2384 Virgilius
2170 2354 2184 2381 ,
2219 2314 2328 2367 Ecl.
2359 2314 2476 2381 ΙΙΙ,

1455 2392 1541 2461 37,
1557 2390 1797 2461 ligneum
1813 2391 2060 2459 poculum
2087 2401 2237 2444 vocat
2251 2394 2479 2444 celatum

1454 2489 1605 2537 opus,
1631 2472 1686 2523 in
1707 2489 1812 2540 quo
1834 2470 1951 2522 vitis
1967 2482 2108 2522 tomo
2124 2469 2478 2523 effectae-De

1454 2552 1628 2602 eadem
1659 2551 1847 2617 argilla
1877 2546 2019 2601 idem
2051 2546 2193 2617 quod
2223 2546 2479 2617 Rigaltius

1456 2640 1646 2698 putant
1668 2627 1851 2695 multi,
1877 2648 2036 2698 quare
2050 2632 2220 2681 eodem
2241 2638 2476 2696 argenta,

1455 2708 1629 2776 jocose
1646 2707 1844 2761 dictum
1859 2718 2206 2777 anteponunt.
2215 2709 2478 2760 Eae--Fa-

1455 2789 1745 2855 bricataque
1753 2785 1889 2855 sago
1897 2790 2106 2854 ραι-εὼς
2127 2785 2312 2855 Virgil.
2335 2785 2478 2840 dicto

1456 2864 1571 2918 loco
1585 2904 1600 2930 ,
1619 2869 1808 2933 pocula
1818 2866 2011 2934 sagina
2024 2884 2043 2931 ;
2072 2867 2208 2919 Fast.
2224 2864 2274 2918 d.
2289 2865 2323 2918 l.
2340 2863 2480 2934 apud

1458 2945 1661 3018 Hyriea
1678 2987 1690 3006 ,
1719 2948 1873 2998 Terra
1892 2950 2072 2999 rubens
2085 2956 2269 3002 crater.
2288 2948 2480 3013 pocula

1442 3023 1609 3092 sagus
1622 3034 1778 3079 erant.
1798 3024 2057 3091 Tibullus,
2073 3026 2098 3078 1
2114 3066 2128 3092 ,
2147 3041 2168 3077 1
2182 3065 2196 3091 ,
2214 3025 2307 3077 38:
2325 3026 2481 3076 Dona

1457 3122 1550 3156 nec
1568 3123 1599 3154 e
1601 3109 1748 3171 puris
1762 3109 1978 3172 spernite
1974 3107 2246 3174 fictilibus.
2271 3106 2481 3158 Faekte’lia

1454 3188 1693 3251 antz'quus
1722 3187 1938 3251 primum
1973 3185 2080 3235 sIbe'
2095 3181 2237 3249 feci!
2268 3186 2483 3249 agrestes

1455 3262 1654 3313 Pocula
1668 3301 1681 3323 ‚
1708 3260 1948 3328 desace‘li
1963 3266 2333 3329 composuitque
2354 3263 2477 3315 Iulo.

1457 3336 1611 3392 Idem
1637 3339 1663 3392 1
1682 3378 1696 3404 ,
1724 3356 1756 3391 x
1774 3378 1789 3405 ‚
1816 3340 1848 3391 8
1866 3339 1930 3392 de
1952 3338 2313 3394 aureo‘seculo
2328 3378 2344 3405 ,
2370 3341 2480 3391 Fa-

1452 3420 1605 3484 ginus
1627 3417 1874 3470 adstabat
1895 3420 2129 3488 scyphus.
2142 3445 2208 3458 —
2224 3419 2338 3482 Qua
2353 3435 2483 3468 cava

1456 3504 1579 3546 sunt
1601 3503 1698 3549 etc.
1724 3494 1992 3548 Theocrit.
2021 3495 2044 3547 l
2066 3534 2079 3560 ,
2110 3515 2167 3564 ²7
2186 3533 2200 3560 ,
2226 3500 2343 3562 βαθὺ
2362 3518 2479 3548 κισ-
2523 3563 2526 3564 ⁷

1461 3577 1616 3626 σύὸιον
1639 3577 1930 3639 κεκλυσμίναν
1947 3574 2054 3626 cithi
2065 3583 2188 3648 καιρῷ
2204 3611 2219 3638 ,
2244 3573 2479 3641 prosun-

1458 3649 1587 3702 dum
1608 3650 1855 3719 poculum
1873 3649 2010 3703 dulci
2033 3669 2152 3702 cera
2175 3649 2446 3703 collutum.
2503 3689 2506 3692 2

1527 3727 1588 3796 67
1601 3747 1621 3779 ι
1631 3765 1643 3778 .
1658 3729 1825 3780 Parva
1834 3746 1973 3780 mora
1983 3738 2081 3793 πί,-
2092 3737 2190 3781 etc.
2206 3728 2483 3782 Secundus

1459 3805 1981 3866 missum—Calentes,
2003 3823 2198 3875 nempe
2218 3817 2361 3876 terga
2379 3806 2483 3858 suis

1461 3902 1583 3936 cum
1597 3882 1758 3949 olere,
1772 3881 1837 3936 de
1856 3901 1961 3952 quo
1971 3903 2083 3953 sup.
2093 3883 2351 3951 648.Vina
2365 3895 2482 3954 post

1461 3963 1695 4034 primum
1735 3965 1953 4017 missum
1995 3965 2225 4034 apposita
2266 3973 2320 4016 et
2359 3983 2482 4017 mox

1461 4052 1668 4095 remota
1692 4061 1834 4095 nunc
1858 4060 2030 4094 rursus
2054 4042 2355 4109 reseruntur,
2388 4061 2485 4096 se—

1462 4119 1637 4174 cunda
1659 4120 1770 4172 vice
1797 4130 2150 4189 apponuntur.
2188 4119 2358 4174 Erant
2385 4141 2481 4174 au·
2513 4115 2516 4118 ¹

1464 4209 1573 4252 tem
1598 4218 1696 4251 non
1718 4201 1877 4265 longe
1895 4208 2119 4252 senectae.
2143 4196 2347 4252 Contra
2362 4200 2486 4271 Hy-

1462 4279 1636 4345 rieus,
1670 4277 1725 4330 in
1759 4277 1885 4331 cibis
1922 4278 2127 4348 parcior
2152 4318 2167 4345 ‚
2214 4281 2336 4345 Quo
2358 4298 2490 4345 puer

1463 4362 1713 4428 quondam
1748 4364 1931 4428 primis
1974 4358 2255 4430 diffuderat
2290 4362 2442 4412 anm}
2460 4398 2477 4421 ,
