3185 5138
650 576 782 662 324

1188 574 1264 639 P.
1329 572 1697 639 OVIDII
1763 571 2217 641 NASONIS

640 715 828 791 Talia
859 713 1028 787 facta
1060 728 1326 813 potest3
1363 710 1479 784 sed
1504 710 1783 784 vindicis
1818 739 1931 784 ora
1961 713 2289 811 protervis

646 830 1031 932 Insequitur
1061 827 1369 901 manibus
1391 882 1409 914 ,
1449 832 1893 927 generosaque
1929 847 2201 928 pectora
2234 829 2473 935 pulsat.

646 952 843 1023 Forte
875 947 1001 1019 suit
1031 946 1245 1045 juxta,
1285 943 1492 1039 signis
1524 943 1936 1017 exstantibus
1969 973 2197 1047 asper,

2673 968 2770 1020 235

648 1065 986 1164 Antiquos
1017 1077 1264 1147 crater3
1300 1086 1495 1160 quem
1531 1076 1787 1133 vastum
1818 1062 2064 1135 vastior
2100 1063 2243 1162 ipse

647 1179 933 1256 Sustulit
963 1177 1237 1271 AEgides
1259 1233 1278 1264 ‚
1313 1175 1710 1275 adversaque
1742 1175 1924 1249 misit
1956 1177 2027 1249 in
2063 1205 2198 1250 ora.

646 1296 1003 1392 Sanguinis
1035 1294 1146 1368 ille
1183 1291 1418 1389 globos
1450 1291 1731 1393 pariter,
1772 1292 2281 1392 cerebrumque,
2316 1318 2733 1392 merumque,

643 1414 933 1489 Vulnere
965 1431 1033 1486 et
1070 1438 1179 1484 ore
1213 1436 1481 1482 vomens
1502 1463 1521 1495 ‚
1556 1406 1820 1481 madida
1851 1408 2202 1506 resupinus
2235 1434 2464 1494 arena,

647 1530 963 1606 Calcitrat
990 1559 1006 1601 :
1039 1527 1389 1601 ardescunt
1417 1525 1709 1620 germani
1739 1522 1912 1598 caede
1944 1523 2343 1597 bimembres
2363 1578 2381 1609 ‚

2674 1545 2774 1612 240

596 1731 616 1749 ·
645 1645 1092 1744 Certatimque
1126 1669 1353 1715 omnes
1385 1669 1523 1713 uno
1557 1667 1672 1713 ore
1692 1694 1710 1725 ‚
1744 1641 1946 1712 Arma
1970 1695 1988 1725 ‚
2024 1668 2237 1725 arma,
2273 1639 2658 1738 loquuntur.

641 1862 764 1897 roso
784 1842 962 1894 animo
986 1839 1230 1909 preditus
1246 1877 1262 1903 ,
1284 1837 1377 1891 sed
1396 1838 1544 1890 sortis
1561 1876 1577 1904 ,
1599 1847 1661 1890 nt

643 1923 915 1989 μεγέθυμσς.
1427 1987 1435 1995 .

711 1999 821 2050 233.
856 1997 1123 2057 Vehdt'crssu
1163 1991 1356 2047 Thesei
1377 2030 1391 2057 ,
1428 1992 1516 2060 qui
1545 2009 1660 2043 no·-

641 2092 763 2128 vam
786 2082 1006 2142 nuptam
1042 2069 1437 2124 Centaurorum
1467 2067 1661 2138 injuria

643 2151 844 2204 liberat.
860 2152 960 2202 Ed.
973 2178 1037 2189 -
1052 2151 1335 2217 Insequitur
1350 2167 1440 2199 ora
1451 2188 1463 2207 ‚
1487 2147 1662 2200 conti-

643 2247 755 2281 nuo
776 2226 972 2281 involat
990 2226 1230 2279 manibus
1254 2224 1406 2277 in'os.

709 2308 823 2360 235.
849 2309 994 2359 Forte
1001 2306 1115 2374 fuit
1122 2306 1285 2373 jutta
1308 2313 1404 2356 etc.
1438 2299 1657 2355 Cratere

643 2385 806 2439 instar
844 2384 934 2437 teli
970 2385 1130 2437 etiam
1156 2384 1410 2446 Perseus,
1437 2378 1490 2429 V
1510 2420 1526 2448 ,
1557 2381 1619 2433 82
1643 2419 1660 2446 ,

644 2463 810 2517 utitur
826 2483 840 2525 ς
863 2462 998 2532 apud
1019 2461 1300 2532 Virgilium
1315 2499 1329 2525 ‚
1347 2458 1540 2529 Georg.
1558 2458 1609 2512 d.
1625 2459 1659 2512 l.

644 2542 863 2615 Hyleus
872 2539 915 2595 C
924 2550 1171 2595 entaurus
1179 2548 1557 2607 magnac-tatere
1568 2536 1660 2590 La·

644 2620 800 2691 pithis
822 2620 1068 2673 minatur.
1085 2619 1326 2684 -Szgmis
1346 2617 1661 2668 exstantibus

643 2716 818 2765 asper,
847 2696 1025 2766 figuris
1046 2694 1398 2748 eminentibus
1423 2692 1657 2757 celatus,

647 2776 984 2847 anaglyptum
1015 2793 1027 2826 ε
1061 2792 1290 2842 namque
1336 2790 1563 2839 asperum
1608 2778 1662 2823 et

646 2862 791 2931 τραχὺ
803 2874 924 2923 opp.
941 2859 1087 2917 Iaeae‘5
1118 2851 1438 2905 Claudianus
1451 2891 1467 2917 ‚
1485 2850 1626 2904 VIII
1643 2888 1659 2916 ,

648 2933 742 2984 585
763 2970 778 2997 ,
801 2938 1002 2997 asperat
1015 2931 1172 2982 Indus
1193 2932 1483 2982 Velamenta
1492 2932 1660 2994 Ιαριίςς

641 3019 701 3064 et
728 3009 921 3061 Noster
945 3008 1051 3075 jam
1088 3006 1141 3057 in
1175 3005 1259 3058 lib.
1288 3006 1341 3054 V
1358 3045 1373 3071 ,
1400 3008 1496 3070 80,
1536 3009 1661 3057 alte&

645 3090 944 3140 Exstantem
962 3089 1122 3152 signis
1140 3124 1152 3144 ‚
1184 3079 1437 3150 multoque
1459 3088 1513 3134 in
1527 3102 1665 3148 pon-

645 3168 759 3218 dere
782 3181 967 3215 massa·
991 3164 1243 3229 Ingentem
1273 3162 1500 3212 manibus
1530 3163 1668 3213 tollit

645 3253 841 3297 cratera
860 3244 1065 3293 duobus.
1087 3239 1369 3292 Praeiverat
1384 3236 1463 3290 his
1482 3237 1664 3307 Virgi-

648 3320 744 3372 lius
761 3358 776 3384 ,
801 3319 906 3383 lx,
931 3317 1026 3382 264
1043 3356 1057 3382 ,
1084 3316 1171 3368 ubi
1193 3334 1374 3381 aspera
1393 3321 1664 3382 srjqnt'spo-

645 3399 787 3458 culm
820 3395 908 3447 ubi
930 3395 1086 3447 etiam
1107 3400 1340 3460 antiquus
1360 3403 1543 3454 crater,
1574 3411 1665 3444 an·

651 3474 796 3542 tiquo
811 3492 967 3542 opere
982 3513 996 3538 ‚
1014 3471 1249 3540 adeoque
1266 3471 1480 3539 majoris
1492 3471 1661 3540 pretii.

649 3552 978 3619 Frequenter
1018 3550 1080 3603 ab
1122 3548 1426 3618 antiquitate
1466 3548 1661 3617 hujus-

650 3628 796 3682 modi
825 3647 981 3697 opera
1004 3628 1310 3690 laudantur;
1338 3625 1471 3680 infra
1487 3627 1626 3681 XIII
1640 3666 1660 3695 ,

650 3724 747 3773 7⁰⁰
766 3744 781 3771 ,
808 3712 1013 3772 antr‘quo
1039 3710 1200 3772 signe]-
1210 3703 1527 3772 fulgentibus
1552 3723 1662 3755 ere.

651 3789 877 3851 —Quetn
891 3796 1086 3839 vastum
1099 3790 1319 3850 vastior,-
1336 3784 1453 3836 vide
1466 3783 1528 3836 ad
1547 3784 1628 3837 111
1643 3822 1660 3850 ,

648 3863 731 3914 60.
745 3864 928 3916 —Pro
949 3869 1055 3931 lpse
1076 3861 1258 3932 (quod
1278 3861 1472 3914 habent
1496 3862 1665 3914 nostri

651 3940 838 4010 Regii)
865 3941 1016 4010 vulgo
1044 3941 1230 4009 legitur
1251 3945 1376 4007 ipso.

729 4020 840 4091 ²39·
903 4021 1120 4071 Madt'da
1164 4023 1424 4085 resupinus
1467 4037 1625 4069 arena
1646 4038 1663 4069 .·

648 4097 810 4150 Multi
844 4096 868 4165 (
894 4108 947 4149 et
971 4106 1148 4150 noster
1166 4095 1361 4165 Regius
1382 4095 1465 4159 B)
1496 4100 1666 4148 made·-

647 4179 763 4226 dam
784 4193 987 4226 arenam
1009 4214 1021 4227 .
1064 4174 1205 4243 quod
1231 4172 1489 4242 improbat
1513 4173 1664 4225 Bur-

649 4270 874 4304 mannus
888 4289 902 4316 ,
922 4253 1041 4320 quia
1063 4256 1325 4304 calcitrare
1349 4252 1428 4303 vix
1451 4252 1663 4320 ponitur

649 4347 769 4381 cum
788 4328 1438 4381 accusativae—Calcare&
1460 4327 1527 4379 de
1554 4338 1665 4380 tre·-

1757 1836 2022 1890 mentibus
2043 1836 2384 1890 morientium
2409 1837 2658 1891 membris
2673 1877 2688 1902 ,
2713 1849 2772 1891 ut

1754 1918 2003 1983 Impietas-e
2031 1916 2109 1978 V,
2138 1918 2234 1981 4o;
2258 1915 2339 1968 vl
2357 1954 2372 1981 ,
2398 1915 2495 1968 560
2518 1936 2531 1979 ς
2570 1924 2624 1968 et
2640 1920 2772 1982 pul-

1755 2011 1872 2045 sare
1894 1993 1994 2057 IV,
2030 1993 2138 2046 133.
2153 2018 2219 2033 ·-—
2237 1992 2321 2045 De
2346 1990 2444 2045 hoc
2468 1988 2628 2045 verbo
2651 1993 2769 2045 vide

1758 2087 1875 2137 quae
1897 2069 2179 2122 dixerimus
2200 2067 2264 2121 ad
2285 2070 2354 2135 V,
2382 2072 2462 2136 40.
2485 2071 2658 2122 Εῶ-
2677 2070 2774 2123 Ei-

1758 2145 1880 2199 dem
1920 2146 2233 2200 Burmanno
2271 2145 2504 2217 displicet
2532 2167 2772 2215 germana

1756 2224 1895 2294 quod
1924 2224 2174 2278 Heinsius
2200 2243 2262 2277 ex
2284 2243 2394 2276 uno
2414 2243 2511 2277 suo
2531 2241 2628 2293 pro
2648 2244 2772 2292 ger-

1755 2305 1903 2353 mani
1922 2300 2148 2369 recepit,
2175 2300 2295 2368 quia
2314 2300 2533 2353 dubium
2557 2321 2775 2354 sensum

1754 2378 1911 2443 sacit3
1941 2387 2110 2448 posset
2134 2379 2277 2432 enim
2300 2379 2456 2431 etiam
2481 2380 2769 2449 significare

1755 2477 1935 2512 veram
1945 2457 2155 2512 caedem.
2169 2456 2358 2525 Quum
2373 2459 2424 2510 in
2437 2477 2546 2511 uno
2558 2458 2771 2511 Thuani

1755 2537 1821 2590 sit
1843 2540 2128 2604 germania.
2168 2535 2226 2589 id
2259 2535 2605 2607 separandum
2629 2537 2773 2605 judi-

1756 2623 1866 2679 cat,
1889 2619 2194 2682 germania,
2226 2624 2474 2683 propter,
2501 2617 2654 2674 cede,
2688 2614 2773 2666 id·-

1758 2710 1859 2760 que
1881 2691 2089 2762 proesert
2108 2691 2344 2762 vulgatae.
2367 2695 2620 2745 Germana
2641 2696 2775 2745 cede

1756 2788 1855 2840 pro
1872 2809 1887 2836 ‚
1913 2770 2053 2823 cede
2079 2770 2346 2840 germani,
2382 2781 2441 2823 ut
2473 2771 2626 2838 paulo
2651 2781 2770 2823 ante

1756 2869 1910 2903 versu
1940 2870 1992 2903 ιι
2007 2870 2025 2902 ι
2047 2889 2063 2917 ,
2078 2852 2318 2917 populari
2333 2852 2467 2903 caede
2481 2890 2493 2908 .
2520 2849 2659 2902 coede
2681 2869 2773 2918 po-

1757 2929 2421 2998 pularium.—-Brnrernbres‚
2447 2928 2742 2996 bicorpores
2754 2966 2768 2993 ,

1757 3006 1875 3060 alibi
1913 3005 2147 3074 biformes
2182 3015 2236 3058 et
2260 3011 2472 3072 gemini,
2516 3003 2770 3058 Centauri

1758 3082 1825 3134 ob
1861 3081 2123 3152 duplicem
2156 3083 2278 3150 equi
2314 3092 2367 3135 et
2401 3081 2630 3135 bominis
2648 3080 2771 3133 sor-

1757 3163 2278 3228 πωπω-Ζαρκαῖον
2287 3158 2352 3213 de
2368 3178 2562 3229 magno
2578 3170 2629 3212 et
2650 3179 2773 3229 pro-

1757 3240 1956 3293 miscuo
1972 3240 2214 3293 clamore.
2230 3239 2584 3308 Exspectasses
2595 3239 2731 3293 sorte
2749 3280 2766 3307 ,

1742 3316 2180 3384 fremunt—Hac
2201 3318 2359 3388 igitur
2381 3317 2545 3371 coedes
2562 3319 2772 3388 signum

1758 3395 1916 3448 veluti
1941 3394 2038 3448 suit
2067 3401 2279 3465 pugnae,
2308 3414 2464 3464 quarn
2490 3397 2684 3450 Noster
2706 3397 2769 3450 ad

1758 3476 2106 3528 imitationem
2123 3469 2344 3528 Homeri
2357 3486 2409 3528 et
2423 3475 2624 3545 Virgilii
2639 3516 2654 3540 ,
2670 3496 2716 3527 v.
2727 3496 2769 3528 c.

1758 3552 1973 3605 AEneid.
1989 3553 2097 3607 XII
2117 3593 2131 3620 ,
2156 3573 2248 3622 277
2270 3572 2364 3620 sqq
2386 3591 2400 3617 ‚
2425 3553 2769 3623 copiosissime

1758 3631 2115 3701 persequitur,
2140 3648 2455 3700 quamquam
2486 3631 2592 3698 jam
2614 3647 2768 3700 supra

1758 3709 1840 3776 V,
1877 3710 1979 3763 sab.
2005 3726 2027 3762 1
2054 3750 2068 3774 ,
2110 3709 2501 3763 tumultuariam
2541 3730 2769 3779 pugnam

1758 3785 2109 3855 descripserat.
2132 3788 2307 3840 Tanto
2335 3789 2497 3857 magis
2525 3786 2770 3841 admirari

1759 3864 1878 3917 licet
1905 3865 2097 3934 ingenii
2124 3862 2373 3918 Ovidiani
2404 3866 2575 3934 copias
2598 3905 2614 3931 ,
2655 3885 2772 3935 quae

1757 3943 1931 3995 multis
1943 3943 2038 3995 illis
2047 3942 2270 3996 ooedibus
2282 3942 2632 3996 describendis
2642 3962 2771 3995 non·

1759 4019 1886 4072 dum
1924 4020 2180 4075 exhauste
2223 4031 2389 4074 erant.
2437 4022 2650 4074 Etenim
2690 4022 2771 4076 hic

1758 4118 1967 4168 quoque
2007 4099 2115 4153 aliis
2154 4100 2371 4169 quisque
2412 4100 2569 4152 armis
2601 4139 2614 4164 ,
2663 4099 2769 4152 aliis

1758 4177 2057 4230 vulneribus
2080 4180 2319 4230 moritur.
2342 4177 2477 4230 Vide
2512 4176 2586 4230 ad¹
2602 4178 2652 4225 V
2672 4216 2685 4241 ,
2727 4197 2767 4226 ι.

1754 4252 2012 4330 ’Nonnulli
2045 4273 2229 4307 eorum
2256 4295 2269 4320 ,
2302 4256 2391 4323 qui
2417 4254 2500 4308 hic
2520 4271 2765 4307 comme—

1758 4340 2034 4381 morantur
2055 4368 2072 4397 ,
2114 4331 2469 4388 interfuerunt
2504 4327 2767 4384 venationi
