3185 5138
653 617 789 705 404

1216 611 1295 677 P.
1361 607 1712 676 OVIDII
1769 600 2215 668 NASONIS

643 766 1010 837 Innumerae
1031 812 1050 844 ‚
1087 752 1337 854 quibus
1366 766 1469 824 est
1503 746 1729 822 eadem
1765 742 2002 816 natalis
2042 741 2275 836 origo;

647 880 911 977 Terque
944 899 1185 967 rogum
1216 866 1504 943 lustrant
1535 895 1550 937 ε
1579 880 1649 936 et
1685 886 2017 933 consonus
2052 856 2185 930 exit
2219 856 2290 928 in
2319 884 2511 930 auras

2696 876 2795 926 διο

648 999 783 1070 Ter
813 992 1089 1084 clangor
1121 1015 1137 1058 ε
1175 998 1413 1084 quarto
1452 977 1780 1052 seducunt
1814 990 2027 1046 castra
2060 969 2304 1043 volatu.

648 1117 824 1188 Tum
854 1108 989 1182 duo
1026 1103 1282 1176 diversa
1318 1094 1551 1198 populi
1592 1094 1672 1168 de
1708 1109 1895 1194 parte
1924 1090 2179 1164 seroces

650 1226 835 1303 Bella
872 1238 1111 1320 gerunt
1133 1275 1151 1306 ‚
1188 1213 1556 1313 rostrisque
1590 1227 1659 1284 et
1688 1208 1963 1282 aduncis
2002 1204 2343 1301 unguibus
2376 1204 2505 1277 iras

651 1351 1019 1428 Exercent,
1057 1335 1323 1436 alasque
1357 1331 1756 1429 adversaque
1789 1343 2057 1428 pectora
2095 1323 2380 1397 lassant:

654 1463 1044 1561 Inferiaeque
1084 1454 1329 1533 cadunt
1362 1448 1567 1524 cineri
1604 1461 1884 1541 cognata
1921 1440 2187 1543 sepulto

658 1583 1003 1679 Corpora3
1042 1598 1243 1669 seque
1281 1567 1424 1639 viro
1462 1562 1622 1636 sorti
1653 1557 2009 1635 meminere
2038 1573 2307 1630 creatas.

609 1743 617 1750 ·
655 1688 1072 1795 Praepetibus
1107 1683 1350 1759 subitis
1382 1707 1626 1754 nomen
1657 1677 1814 1751 facit
1845 1692 2114 1760 auctor3
2147 1673 2231 1746 ab
2268 1671 2385 1745 illo

659 1801 1124 1884 Memnonides
1162 1797 1390 1883 dictae,
1427 1821 1635 1894 quum
1672 1789 1773 1866 sol
1809 1788 2115 1864 duodena
2149 1787 2404 1887 peregit

661 1932 861 2026 Signa
884 1984 902 2016 ,
941 1919 1261 2027 parentali
1294 1917 1603 2020 periturae
1638 1915 1856 1988 Marte
1892 1909 2233 1986 rebellant.

664 2105 800 2163 Satis
823 2102 1000 2155 suisset
1018 2097 1044 2165 ,’
1068 2098 1243 2152 eadem
1264 2099 1439 2161 orig&
1467 2090 1557 2145 sed
1592 2088 1684 2144 ad-

660 2186 793 2242 didit
810 2184 1031 2239 natales,
1059 2176 1181 2246 quia
1208 2176 1401 2227 nalale's
1422 2173 1556 2233 dies,
1582 2189 1684 2223 aa·

654 2271 759 2323 tale
781 2265 942 2316 solum
966 2255 1170 2310 dicitur.

724 2344 838 2395 διο.
868 2340 1160 2394 Consonus,
1196 2328 1317 2398 quia
1351 2324 1679 2394 coniunctim

664 2428 867 2476 sonant.
894 2413 1120 2468 Ciosano
1147 2408 1279 2462 male
1306 2407 1473 2476 placet
1488 2424 1550 2456 ex
1569 2420 1681 2454 uno

659 2509 711 2553 et
737 2507 816 2551 ter
841 2511 1008 2547 sonus.
1024 2517 1089 2530 --
1112 2491 1239 2540 Exi!
1255 2490 1309 2537 in
1334 2501 1510 2543 auras,
1542 2480 1601 2532 fit
1626 2480 1680 2531 in

663 2597 800 2633 aere.
828 2604 892 2615 —
916 2574 1164 2625 Seducunt
1188 2575 1363 2620 casffm
1385 2563 1521 2616 bene
1553 2577 1702 2629 pro„

662 2653 976 2715 discedunt,
1011 2649 1063 2701 in
1093 2646 1295 2698 diversa
1329 2641 1439 2693 loca
1471 2639 1682 2699 volant;

661 2734 795 2790 bella
835 2729 984 2783 enim
1028 2733 1233 2794 gerunt.
1282 2717 1510 2771 Minime
1557 2733 1685 2784 ergo

666 2812 939 2885 prael‘eram
957 2805 1173 2858 alteram
1188 2798 1467 2853 lectionem
1482 2834 1496 2861 ,
1509 2814 1686 2847 succe-

663 2898 789 2947 dunt
803 2896 947 2942 astra
962 2925 975 2946 ,
996 2900 1111 2951 quae
1132 2879 1352 2933 Heinsio
1370 2895 1482 2928 non
1507 2872 1691 2943 displi-

667 2961 1097 3029 cebat.—Regius
1117 2959 1162 3010 Α
1182 2955 1339 3009 babet
1354 2953 1689 3022 quartosece-

663 3054 778 3102 runt
801 3049 972 3097 castra
997 3040 1172 3090 volatu
1190 3075 1201 3092 ‚
1244 3032 1309 3085 de
1335 3050 1436 3099 qua
1464 3030 1685 3082 lectione

665 3123 824 3179 silent
837 3133 1039 3170 omnes.
1054 3109 1442 3176 Eeb—Populus
1452 3146 1465 3168 ‚
1492 3116 1550 3158 ut
1564 3122 1690 3172 gens

669 3212 722 3255 et
745 3194 883 3269 apud
905 3194 1116 3247 Graecos
1147 3196 1288 3253 ῒθνος,
1313 3204 1447 3255 saepe
1470 3183 1535 3236 de
1561 3184 1690 3236 ani-

670 3275 949 3333 mantibus.
971 3299 1038 3311 —
1053 3270 1272 3321 Diversa
1293 3268 1356 3317 de
1364 3273 1513 3330 parte
1528 3302 1540 3322 .
1567 3281 1694 3330 par-

672 3359 809 3412 tibus
824 3353 982 3407 sactis.
995 3377 1062 3390 -
1074 3350 1188 3401 lms
1200 3353 1432 3399 exercent
1449 3358 1466 3407 ‚·
1492 3340 1609 3393 vide
1626 3338 1692 3393 ad

678 3436 783 3489 ΧΠ
800 3474 814 3499 ,
842 3433 954 3485 581.

726 3515 760 3567 6
770 3533 786 3564 ι
797 3516 842 3565 5.
855 3505 1352 3576 Inseriaequecadunt
1362 3508 1459 3553 etc.
1470 3497 1690 3562 Plinius,

673 3591 724 3644 Χ
743 3629 757 3656 ,
784 3589 882 3641 26:
913 3608 939 3632 α
974 3586 1228 3637 Auctores
1252 3589 1407 3641 sunt,
1446 3574 1692 3628 omuibus

678 3694 706 3717 ιο
735 3667 886 3722 annis
909 3664 1147 3718 advolare
1167 3661 1326 3715 Ilium
1343 3678 1404 3713 ex
1424 3655 1694 3725 AEthiopia

674 3770 704 3796 υ
736 3763 853 3798 aves
872 3783 887 3810 ,
913 3753 968 3795 et
990 3738 1272 3808 confligere
1301 3734 1366 3789 ad
1388 3733 1697 3787 Memnonis

681 3848 709 3873 ιι
738 3822 1033 3885 tumulum,
1066 3826 1193 3886 quas
1215 3816 1283 3867 ob
1309 3812 1362 3865 id
1381 3809 1699 3865 Memnoni-

679 3926 707 3951 »
735 3901 824 3955 das
845 3908 1047 3953 vocant.
1065 3897 1185 3949 Hoc
1199 3893 1343 3947 idem
1359 3891 1545 3961 quinto
1557 3908 1702 3960 quo-

682 4005 710 4029 »
740 3999 841 4051 que
873 3994 1013 4031 anno
1043 3973 1213 4027 {acere
1240 3991 1325 4026 eas
1354 3971 1410 4024 in
1428 3969 1700 4039 AEthiopia

612 4081 614 4083 ·
682 4083 711 4107 n
740 4059 875 4112 circa
891 4056 1089 4125 regiam
1109 4050 1415 4105 Memnonis
1430 4088 1446 4115 ‚
1465 4048 1702 4119 explora·

683 4160 711 4185 a
740 4145 854 4189 tum
870 4134 966 4187 sibi
984 4130 1291 4185 Cremutius
1306 4128 1478 4183 tradit.
1502 4150 1528 4175 υ
1550 4126 1704 4180 Con-

675 4213 762 4268 fer
779 4212 1047 4265 AElianum
1060 4250 1076 4275 ‚
1097 4211 1216 4266 Nat.
1235 4210 1339 4262 An.
1355 4208 1424 4272 V,
1448 4228 1465 4260 1
1478 4245 1489 4256 .
1507 4205 1704 4259 Helles·

680 4288 849 4361 pontii
890 4289 1164 4342 tradebant
1180 4326 1196 4353 ‚
1222 4306 1308 4341 eas
1331 4283 1612 4355 quotannis
1636 4281 1704 4335 ad

683 4368 995 4425 Memnonis
1051 4366 1349 4436 sepulcrum
1403 4360 1705 4416 advolantes

1784 2085 2010 2141 humum
2054 2102 2295 2139 everrere
2332 2121 2347 2148 ,
2398 2098 2619 2149 eamque
2665 2099 2799 2149 aqua
2820 2103 2825 2108 ·

1782 2166 1970 2238 pennis
1993 2164 2204 2219 collecta
2231 2162 2568 2231 adspergere;
2604 2161 2802 2214 Pausa-

1782 2245 1896 2298 nias
1914 2283 1928 2308 ‚
1962 2244 2010 2296 X
2029 2282 2044 2308 ‚
2076 2263 2124 2311 p.
2151 2243 2263 2310 875.
2287 2241 2483 2295 Graecis
2518 2239 2615 2292 illae
2644 2258 2761 2291 aves
2779 2279 2797 2300 .

1780 2334 2033 2379 monente
2070 2323 2383 2376 Burmanno
2416 2361 2431 2386 ,
2479 2319 2627 2373 dicte
2677 2328 2802 2371 sunt

1780 2406 2028 2470 ἀντίψυχα
2046 2442 2061 2467 ,
2082 2401 2203 2470 quia
2228 2418 2324 2469 pro
2349 2398 2523 2452 anima
2550 2398 2803 2450 Memno·

1781 2483 1864 2536 nis
1892 2501 2041 2536 suam
2076 2479 2324 2550 perdunt.
2355 2477 2509 2549 Apud
2539 2477 2611 2546 Q.
2642 2475 2799 2530 Cala-

1780 2564 1935 2616 brum
1956 2602 1969 2625 ‚
1995 2561 2049 2614 ll
2069 2599 2082 2624 ,
2105 2580 2175 2613 vs.
2201 2562 2298 2613 550
2321 2578 2415 2627 sqq
2434 2597 2449 2623 ,
2475 2556 2618 2611 venti
2644 2555 2802 2608 aufe-

1782 2652 1908 2693 runt
1932 2639 2242 2693 Memnonis
2267 2658 2454 2707 corpus
2475 2677 2489 2702 ‚
2516 2647 2570 2691 et
2593 2656 2622 2690 e
2647 2636 2803 2706 guttis

1784 2717 2143 2772 decidentibus
2165 2717 2333 2770 oritur
2357 2716 2548 2770 fluvius
2567 2715 2804 2785 Paphla-

1788 2797 1972 2867 gonius
1991 2835 2005 2859 ,
2035 2796 2124 2865 qui
2141 2835 2156 2860 ‚
2183 2795 2386 2862 quoties
2409 2792 2614 2847 funesta
2630 2793 2804 2846 Mem·

1785 2873 1941 2926 nonis
1957 2872 2066 2925 dies
2081 2871 2327 2925 illucescit
2342 2910 2355 2935 ,
2376 2870 2805 2939 sanguinolentus

1787 2951 1992 3005 labitur.
2029 2949 2240 3020 Corpus
2273 2969 2302 3002 a
2329 2949 2497 3004 ventis
2524 2948 2807 3018 deponitur

1786 3033 1843 3086 in
1880 3029 2061 3098 AEsepi
2098 3029 2210 3098 ripa
2231 3067 2246 3093 ‚
2285 3028 2459 3097 ibique
2494 3046 2525 3080 a
2551 3026 2806 3099 Nymphis

1788 3108 2074 3165 exstruitur
2124 3117 2551 3160 monumentum.
2610 3104 2806 3159 Milites

1790 3185 2101 3239 Memnonis
2122 3224 2135 3245 ‚
2177 3182 2306 3236 dum
2352 3182 2533 3252 lugent
2576 3181 2763 3236 ducem
2788 3221 2804 3246 ‚

1790 3263 1854 3317 ab
1885 3264 2090 3315 Aurora
2114 3271 2388 3314 mutantur
2411 3261 2465 3313 in
2488 3278 2635 3325 aves,
2662 3279 2806 3328 que,

1791 3339 2020 3409 partibus
2039 3336 2226 3403 saetis,
2270 3338 2548 3407 quotannis
2572 3348 2809 3406 pugnant

1793 3417 1855 3470 ad
1879 3426 2294 3469 monumentum
2320 3414 2446 3468 illud
2467 3453 2481 3480 ,
2511 3414 2688 3469 ‚donec
2718 3427 2809 3469 aut

1793 3495 1954 3548 altera
1979 3492 2198 3547 alteram
2223 3492 2465 3547 conficiat
2480 3532 2501 3560 ‚
2530 3503 2621 3546 aut
2641 3493 2809 3548 amboe

1792 3594 1984 3646 perean
1993 3584 2095 3627 t.—-
2103 3575 2371 3626 Pae-eatuli
2383 3574 2573 3635 Marte,
2600 3592 2773 3642 pugna
2791 3612 2808 3638 ,

1794 3670 1898 3720 qua
1931 3660 2266 3721 parentatur,
2301 3648 2350 3701 b.
2379 3668 2424 3703 e.
2449 3649 2649 3707 inserite
2674 3649 2813 3716 fiunt

1794 3731 1850 3785 in
1878 3729 2140 3782 bonorem
2177 3726 2525 3791 Memnoni-⁸3
2567 3728 2591 3781 1
2626 3728 2812 3781 Amor.

1796 3824 1900 3861 xm
1918 3847 1933 3873 ‚
1948 3808 1980 3860 3
1992 3846 2006 3873 ,
2033 3812 2111 3859 sic
2128 3808 2411 3859 Memnonis
2425 3808 2613 3858 umbris
2628 3808 2816 3858 Annua

1794 3889 2028 3940 sollemni
2032 3888 2398 3952 caedeparente!
2407 3888 2532 3938 ank.
2548 3884 2817 3937 Promorte

1801 3964 2051 4018 Heinsius
2067 3983 2129 4029 ex
2145 3962 2357 4031 ingenio
2375 3960 2519 4015 dedit
2533 3962 2703 4013 Marte
2718 4003 2732 4023 ‚
2756 3972 2816 4015 ut

1799 4042 2058 4097 alludatur
2071 4040 2456 4112 adgladiatores
2470 4041 2525 4093 in
2544 4040 2814 4095 funeribus

1798 4124 2022 4194 patriciis
2046 4121 2277 4176 exbiberi
2299 4121 2491 4175 solitos.
2514 4118 2620 4172 Sed
2646 4118 2810 4173 recla-

1799 4214 1948 4257 mant
1967 4222 2151 4256 omnes
2170 4201 2316 4255 MSS
2332 4240 2348 4267 ‚
2373 4220 2472 4254 nec
2487 4200 2628 4252 locus
2644 4199 2725 4252 ille
2752 4219 2815 4252 ex

1804 4281 1988 4333 Amor.
2023 4279 2262 4333 laudatus
2297 4277 2418 4332 huic
2455 4275 2816 4331 emendationi

1794 4359 1974 4422 favet,
2011 4376 2334 4428 quamquam
2370 4356 2621 4411 Heinsius
2655 4364 2707 4407 et
2742 4353 2817 4405 ibi
