3185 5138
580 556 1650 626 METAMORPHOSEON
1697 561 1898 627 LIB.
1953 563 2126 632 XV.

2293 562 2416 648 541

287 694 482 770 Scitis
519 696 726 783 enim,
762 725 885 772 nec
918 721 1040 771 vos
1075 695 1250 771 fallit
1283 698 1574 799 spatiosa
1609 716 1942 789 vetustata,

286 811 484 886 Unde
521 812 902 887 Coroniden
939 813 1319 890 circumflua
1349 813 1719 917 Thybridis
1748 813 1936 888 alveo

284 930 514 1005 Insula
547 928 892 1005 Romuleae
929 930 1132 1004 sacris
1166 929 1515 1005 adsciverit
1547 931 1758 1004 urbis.

2320 955 2423 1007 625

383 1048 549 1122 Dira
580 1046 723 1122 lues
759 1046 1098 1149 quondam
1132 1047 1354 1121 Latias
1384 1047 1731 1120 vitiaverat
1762 1073 1991 1134 auras,

283 1161 680 1262 Pallidaque
715 1163 1035 1258 exsangui
1069 1161 1468 1263 squalebant
1502 1190 1784 1264 corpora
1821 1161 1979 1234 tabo
2010 1190 2026 1234 :

284 1279 665 1355 Funeribus
698 1279 859 1354 fessi
894 1297 1248 1380 postquam
1280 1277 1589 1353 mortalia
1623 1294 1903 1352 cernunt

288 1397 727 1471 Tentamenta
758 1394 928 1469 nihil
948 1451 970 1485 ,
1004 1394 1176 1470 nihil
1212 1414 1384 1469 artes
1417 1422 1616 1495 posse
1642 1395 2024 1469 medentum
2044 1450 2063 1483 ,

289 1511 639 1589 Auxilium
675 1507 933 1586 c'aeleste
966 1528 1208 1612 petunt
1237 1541 1252 1585 :
1281 1512 1699 1613 mediamque
1735 1529 2033 1585 tenentes

2339 1532 2443 1585 630

290 1629 504 1703 Orbis
538 1628 820 1702 humum
854 1625 1160 1728 Delphos
1193 1626 1441 1702 adeunt
1465 1685 1485 1718 ,
1523 1627 1789 1703 oracula
1827 1628 2107 1717 Phoebi;

287 1749 516 1848 thue
554 1745 893 1821 salutifera
922 1744 1183 1820 miseris
1217 1757 1604 1820 succurrere
1636 1743 1839 1818 rebus

290 1865 486 1937 Sorte
523 1862 719 1952 velit,
759 1879 1088 1964 tantaeque
1122 1861 1310 1936 urbis
1341 1858 1513 1936 mala
1545 1860 1772 1951 finiat,
1812 1879 2028 1936 orant.

292 1978 384 2051 Et
413 1976 638 2067 locus,
672 1995 742 2052 et
775 1975 1001 2051 laurus
1022 2033 1042 2065 ,
1078 1993 1184 2068 et,
1221 2005 1387 2077 quas
1419 1975 1626 2052 habet
1661 1975 1773 2049 illa
1794 2031 1813 2065 ,
1852 1976 2213 2077 pharetrae,

292 2135 463 2189 Bruto
476 2135 658 2189 Scaeva
677 2154 805 2189 coss.
824 2134 1118 2205 pestilentia
1137 2144 1320 2187 vasta·
1420 2134 1475 2188 11
1491 2173 1505 2199 ,
1529 2133 1629 2187 628
1651 2133 2280 2203 sqq.—Tl1ybridisalveo.
2302 2133 2452 2207 Thy-

291 2214 367 2266 vit
389 2214 575 2267 urbem
603 2233 874 2282 agrosque.
899 2214 1043 2266 Libri
1077 2211 1320 2283 Sibyllini
1416 2208 1565 2262 bride
1594 2208 1714 2261 :sed
1740 2212 1912 2265 aleco,
1952 2228 2048 2276 pro
2076 2211 2285 2279 vulgato
2310 2215 2440 2271 alli,

291 2291 417 2346 aditi
434 2330 449 2357 ,
462 2291 732 2361 quodnam
747 2291 1045 2344 remedium
1061 2291 1175 2356 eius
1191 2290 1316 2343 mali

1419 2284 1484 2338 de
1503 2303 1601 2338 suo
1620 2282 1765 2338 dedit
1782 2285 2049 2338 Heinsius.
2061 2285 2219 2339 Forte
2240 2297 2448 2356 prestat

293 2390 323 2423 a
344 2369 463 2424 Diis
478 2369 714 2434 daretur,
740 2367 1099 2437 AEsculapium
1118 2367 1182 2420 ab
1199 2366 1321 2437 Epi·
1414 2365 1590 2425 tendes,
1613 2361 1754 2431 quod
1770 2361 2018 2416 exhibent
2034 2384 2110 2432 pr.
2128 2365 2413 2418 Vaticanus
2427 2404 2442 2431 ,

293 2447 462 2501 dauro
485 2446 669 2500 arcessi
701 2447 986 2516 jusserunt.
1017 2445 1197 2516 Legati
1222 2464 1321 2499 an-

294 2544 455 2597 guem
472 2565 488 2593 ,
515 2525 607 2595 qui
628 2544 682 2580 se
702 2524 758 2579 in
777 2542 967 2578 navem
986 2542 1172 2578 eorum
1188 2543 1322 2579 con·

293 2607 488 2660 tulerat
506 2645 521 2673 ,
548 2606 606 2659 in
634 2625 741 2675 quo
768 2604 876 2674 ipse
912 2605 1062 2658 Deus
1092 2604 1284 2659 latebat
1302 2645 1319 2671 ,

293 2684 639 2755 deportavere
666 2703 679 2737 :
701 2702 872 2752 eoque
895 2683 952 2736 in
979 2683 1203 2737 insulam
1229 2683 1326 2736 Ti·-

1417 2465 1497 2514 pr.
1517 2445 1899 2498 Ambrosianus
1914 2485 1929 2512 ,
1956 2446 2120 2517 Neap.
2139 2459 2193 2501 et
2212 2448 2319 2501 duo
2337 2449 2455 2501 Me·

1423 2523 1587 2579 dicei:
1614 2523 1957 2579 Burmannus
1970 2525 2179 2593 mallet,
2203 2529 2454 2599 Thybride

1402 2607 1563 2674 flavo.
1579 2630 1646 2644 -
1666 2604 1843 2657 Ambo
1866 2604 2019 2674 Regii
2039 2604 2238 2659 habent
2258 2605 2453 2676 vulga-

1419 2693 1537 2736 tum
1562 2687 1676 2737 alti.
1699 2711 1767 2724 —
1794 2684 1872 2737 Ea
1907 2682 2075 2737 insula
2109 2684 2246 2737 dicta
2280 2688 2457 2738 insula

293 2763 433 2817 beris
477 2781 687 2834 egresso
716 2801 731 2828 ,
784 2759 974 2815 eodem
1021 2761 1137 2815 loco
1175 2761 1326 2815 sedes
1419 2765 1743 2829 AEculap12‘5
1782 2762 2070 2817 Suetonius
2097 2802 2113 2829 ,
2152 2762 2340 2817 Claud.
2373 2767 2456 2817 25.

297 2841 603 2911 AEsculapio
628 2850 928 2895 consecrata
961 2849 1075 2903 est;
1114 2838 1290 2893 Livius
1308 2877 1323 2904 ,

298 2922 383 2989 X,
419 2924 515 2989 473
546 2921 792 2990 Epitome
820 2920 1022 2973 Livian-
1049 2918 1185 2972 libro
1215 2919 1326 2983 X1;

301 3001 479 3056 Valer.
504 2998 803 3067 Maximus,
848 3000 874 3053 1
900 3040 915 3067 ,
955 3002 1026 3064 ὃς
1067 2997 1325 3064 Orosius,

298 3080 420 3148 111,
446 3100 542 3143 υς
567 3079 896 3144 Lactantius,
926 3078 1054 3131 lust.
1081 3077 1135 3131 11
1162 3116 1178 3146 ,
1205 3094 1291 3130 vu
1309 3117 1327 3145 ,

308 3159 397 3221 13;
421 3157 735 3213 Plutarchus
754 3197 769 3224 ,
794 3156 999 3225 Quaest.
1019 3156 1176 3209 Rom.
1201 3165 1330 3210 tom.

302 3236 413 3289 vll
433 3275 449 3302 ,
477 3235 619 3306 opp.
637 3256 687 3305 p.
707 3238 798 3289 153
818 3234 943 3290 edit.
962 3233 1173 3288 Reiskii.
1191 3233 1330 3287 Tota

303 3314 329 3365 s
329 3313 479 3368 abula
496 3333 525 3367 a
545 3315 743 3368 Nostro
761 3334 952 3384 magna
970 3334 1098 3369 rum
1115 3312 1331 3385 diligen·

304 3393 375 3445 tia
394 3431 409 3459 ,
437 3390 709 3460 multoque
730 3393 945 3461 ingenio
970 3402 1203 3446 tractata.

371 3470 487 3524 623.
525 3469 796 3524 Invocatio
828 3470 1073 3523 Deorum
1096 3470 1153 3522 in
1177 3470 1334 3524 rebus

306 3567 337 3600 a
358 3552 614 3616 spatiosa,
647 3556 851 3600 remota
869 3566 898 3600 a
918 3547 1109 3600 nostris
1129 3556 1335 3616 tempo-

307 3626 453 3679 ribus
473 3665 488 3693 ,
513 3634 765 3679 ναίω-[ατε
791 3624 1023 3694 repetitis
1041 3664 1055 3692 ,
1072 3623 1134 3676 ad
1154 3643 1337 3678 exem-

308 3704 458 3776 plum
482 3703 711 3759 Homeri
730 3742 746 3770 ,
780 3702 842 3757 ll.
864 3712 899 3756 B
918 3742 934 3772 ,
965 3703 1062 3769 484
1080 3742 1096 3767 ,
1129 3712 1185 3757 et
1210 3704 1339 3755 Vir-

310 3780 449 3853 gilii,
488 3782 616 3835 AEn.
639 3781 747 3835 vll
769 3820 785 3847 ,
819 3781 911 3845 641
939 3819 954 3846 ,
984 3780 1235 3835 instituta.
1266 3780 1340 3834 Et

310 3864 382 3915 ita
416 3880 558 3916 novo
589 3858 754 3914 modo
789 3880 819 3913 a
855 3859 1032 3912 fabula
1066 3860 1338 3929 superiore

315 3943 504 3997 transit
527 3942 591 3995 ad
616 3951 943 4010 sequentem.
983 3964 989 3975 *

379 4022 494 4088 624.
516 4023 663 4074 Unde
680 4061 691 4073 .
710 4060 724 4073 .
744 4060 755 4072 .
769 4023 905 4073 urbis
918 4058 933 4081 ,
964 4037 1122 4088 quam
1133 4019 1201 4071 ob
1215 4032 1344 4071 cau-

314 4119 428 4156 sam
444 4098 772 4168 lEsculapius
790 4138 805 4163 ,
825 4097 973 4151 Deus
992 4096 1306 4167 Epidaurius
1325 4135 1342 4162 ,

322 4197 353 4233 a
394 4178 650 4232 Romanis
693 4178 748 4230 in
792 4175 961 4230 insula
999 4175 1205 4229 Tiberis
1244 4175 1345 4229 coli

322 4268 522 4329 coeptus
542 4257 986 4313 sit.—Comm'des.
1018 4253 1345 4323 AEsculapius

328 4336 560 4406 Apollini
575 4355 603 4390 e
618 4333 899 4391 Coronidis
922 4343 1073 4388 utero
1087 4343 1316 4388 exsectus
1323 4353 1342 4400 ς

1423 2844 1507 2896 De
1530 2844 1648 2911 ejus
1668 2844 1876 2914 origine
1897 2844 2015 2897 vide
2033 2843 2242 2898 Livium
2257 2886 2273 2912 ,
2301 2846 2356 2899 II
2372 2886 2387 2912 ,
2409 2850 2455 2900 5.

1423 2922 1554 2974 Mox
1577 2933 1720 2976 recte
1741 2925 2018 2976 adsciverit
2027 2940 2045 2988 ,·
2074 2923 2191 2977 Diis
2211 2925 2356 2979 enim
2373 2926 2452 2978 in·

1424 2999 1627 3070 digenis
1645 3039 1660 3067 ,
1691 3000 1987 3054 domesticis
2013 3040 2028 3068 ,
2071 3002 2249 3071 patriis
2286 3023 2455 3073 oppo—

1425 3088 1632 3131 nuntur
1644 3082 1840 3131 adsciti
1853 3077 2083 3144 (Graecis
2100 3083 2290 3136 Ixion-u
2309 3080 2354 3150 ),
2373 3101 2455 3135 eo-

1426 3175 1654 3226 rumque
1676 3177 1819 3212 sacra
1840 3162 2076 3225 adscita,·
2098 3159 2201 3212 vid.
2221 3160 2408 3214 Heius.

1491 3234 1606 3287 626.
1632 3236 1795 3299 Dim,
1830 3255 1984 3304 grave
2011 3235 2282 3305 epitheton
2301 3276 2316 3303 ,
2346 3256 2455 3306 quo

1426 3312 1526 3365 tria
1549 3312 1704 3366 simul
1726 3313 2090 3383 significantur
2107 3354 2123 3381 ,
2153 3334 2182 3367 a
2211 3314 2325 3368 Diis
2349 3317 2458 3370 ira-

1426 3389 1495 3443 tis
1518 3391 1777 3457 immissa,
1806 3392 1931 3444 mali
1964 3391 2156 3446 ominis
2180 3403 2234 3447 et
2264 3405 2456 3462 praeter

1428 3467 1652 3521 modum
1667 3469 1844 3522 omnia
1865 3479 2066 3523 vastans
2079 3508 2094 3535 ,
2117 3480 2173 3522 ut
2186 3474 2298 3525 dita
2306 3492 2456 3539 gran·

1428 3549 1499 3598 do
1521 3543 1659 3613 apud
1691 3546 1975 3598 Horatium
1995 3587 2011 3614 ,
2042 3547 2102 3613 1,
2128 3547 2236 3601 Od.
2272 3566 2316 3601 11
2336 3589 2351 3616 ,
2389 3572 2452 3614 ας

1430 3622 1610 3676 Livius
1626 3662 1641 3689 ,
1658 3621 1708 3676 d.
1723 3623 1756 3675 l.
1769 3645 1794 3668 α
1812 3624 2107 3693 pestilentia
2127 3645 2288 3679 urens
2300 3628 2456 3682 simul

1432 3722 1463 3749 ν
1489 3703 1679 3755 urbem
1709 3712 1865 3771 atque
1894 3722 2044 3772 agros
2064 3725 2078 3767 ;
2102 3715 2456 3775 portentoque

1435 3802 1463 3827 υ
1490 3781 1598 3849 jam
1616 3779 1798 3835 similis
1811 3792 1925 3834 erat
1938 3782 2124 3836 clades.
2143 3806 2170 3831 »υ
2190 3782 2459 3855 Copiosio-

1432 3877 1550 3912 rem
1560 3860 1871 3929 pestilentia
1881 3859 2286 3933 descriptionem
2298 3864 2457 3919 habes

1434 3956 1591 4006 supra
1604 3938 1713 3992 vll
1731 3978 1747 4005 ,
1765 3939 1863 3991 523
1876 3957 1970 4007 sqq
1987 3960 2001 4003 ;
2024 3940 2199 4009 itaque
2210 3941 2260 3995 b.
2278 3941 2311 3994 l.
2326 3964 2459 4013 pau-

1433 4015 1509 4068 cis
1530 4035 1592 4068 ea
1613 4015 1937 4085 defungitur.
1951 4021 2294 4087 —Eaesangui
2305 4028 2451 4086 tabo,

1436 4094 1690 4162 sanguine
1704 4094 1758 4147 in
1769 4095 1970 4162 tabum,
1982 4096 2183 4149 saniem
2194 4113 2461 4169 corrupto.

1504 4172 1621 4226 630.
1637 4173 1862 4225 Affediam
1879 4180 2116 4228 tenentes.
2129 4174 2248 4228 Vid.
2263 4177 2330 4243 X,
2354 4182 2461 4250 167.

1439 4275 1505 4290 --
1535 4251 1689 4303 Orbelr
1712 4253 1918 4315 humus,
1953 4251 2093 4305 orbis
2115 4262 2390 4312 terrarum.

1503 4330 1619 4399 634„
1639 4333 1877 4399 Ellocus,
1903 4342 1956 4387 et
1971 4336 2163 4399 laurus,
2183 4346 2279 4390 etc.
2297 4338 2469 4392 Locus
