3185 5138
709 534 1743 605 METAMORPHOSEON
1795 539 1990 607 LlB.
2045 541 2140 610 X.

2385 567 2508 640 ι77

248 714 257 720 ’
356 683 486 759 Vel
516 709 717 769 nece;
756 679 859 755 vel
892 680 948 755 si
983 680 1151 781 quid.
1180 680 1472 755 medium
1509 681 1878 784 mortisque
1915 684 2221 787 fugaeque
2250 718 2267 778 ;

355 800 573 901 quue
611 797 774 899 quid
810 795 951 871 esse
984 813 1212 896 potest
1233 852 1251 883 ,
1286 796 1416 870 nisi
1451 826 1652 871 versae
1681 827 1876 899 poena
1908 800 2192 896 figurae?
2223 837 2259 869 »

343 919 545 991 Dum
580 915 883 1002 dubitat,
925 944 1061 1015 quo
1096 931 1310 987 mutet
1345 943 1500 1001 εοε,
1536 915 1621 988 ad
1657 944 1905 990 cornua
1943 917 2202 993 vultum

2414 946 2517 999 235

360 1032 581 1108 Flexit
611 1064 626 1105 ε
664 1048 732 1106 et
766 1030 1104 1106 admonita
1138 1029 1411 1103 estfhaec
1444 1029 1577 1105 illis
1615 1061 1815 1133 posse
1848 1033 2175 1136 relinqui3

368 1150 796 1251 Grandiaque
832 1149 902 1223 in
946 1166 1171 1221 torvos
1209 1147 1639 1222 transformat
1674 1150 1971 1225 membra
2003 1153 2339 1250 juvencos.

366 1268 540 1341 Sunt
577 1283 794 1339 tamen
833 1263 1138 1339 obscenae
1170 1265 1492 1336 Venerem
1525 1264 1944 1365 Propoetides
1978 1261 2166 1342 ausae*

361 1386 532 1458 Esse
569 1412 808 1479 negare
844 1383 1052 1454 Deam
1088 1410 1102 1454 ε
1137 1408 1262 1480 pro
1301 1408 1435 1480 quo
1468 1409 1586 1454 sua
1623 1382 1917 1456 numinis
1952 1384 2052 1458 ira

367 1501 673 1601 Corpora
710 1526 861 1571 cum
893 1495 1105 1570 forma
1138 1495 1366 1596 primae
1401 1495 1706 1591 vulgasse
1739 1496 2085 1587 feruntur;

2413 1526 2515 1596 240

365 1621 595 1719 thue
629 1616 854 1717 pudor
869 1614 1115 1701 cessit,
1155 1613 1560 1713 sanguisque
1589 1613 1895 1688 induruit
1933 1615 2107 1704 oris,

366 1738 448 1809 In
481 1733 772 1829 rigidum
803 1759 1010 1832 parvo
1048 1728 1300 1803 silicem
1333 1728 1714 1803 discrimine
1743 1758 1964 1803 versae.

466 1852 585 1923 Vl.
626 1851 818 1947 Quas
857 1847 1013 1949 quia
1050 1843 1441 1947 Pygmalion
1469 1874 1679 1920 aevum
1712 1874 1835 1948 per
1872 1845 2120 1920 crimen
2154 1868 2425 1946 agentes

371 2033 618 2099 arbitror,
635 2041 913 2101 poetarum
936 2030 1048 2084 loca
1073 2027 1138 2082 ad
1168 2028 1293 2083 tales
1315 2027 1397 2082 le-

371 2133 459 2185 ges
486 2112 709 2182 exigere.

439 2193 552 2246 233.
568 2193 734 2259 Fuga,
761 2188 998 2244 exsilium
1015 2209 1028 2242 ε
1044 2191 1258 2242 medium
1274 2206 1397 2240 mor*

372 2275 712 2343 tttrsugaeque,
737 2270 854 2324 vide
882 2270 947 2322 ad
971 2288 1103 2322 vers.
1132 2270 1240 2337 174.

445 2352 556 2405 238.
578 2353 853 2410 Obscena,
882 2348 1000 2416 quia
1024 2357 1203 2415 postea
1218 2363 1398 2414 corpo·

374 2451 435 2485 ra
453 2430 751 2499 vulgarunt.
776 2426 957 2479 Barth.
986 2425 1200 2478 Advers.
1222 2424 1396 2491 VIII,

380 2533 400 2564 ι
413 2532 438 2584 7
453 2549 467 2577 ,
491 2508 709 2579 explicat
725 2547 741 2575 ‚
769 2505 1274 2576 impias—Manlius
1286 2507 1367 2554 ira
1381 2542 1395 2565 ,

372 2591 508 2645 irata
527 2589 711 2642 Venus
732 2585 965 2639 incitavit
987 2584 1040 2635 in
1064 2592 1262 2636 tantam
1281 2581 1399 2634 libi-

376 2668 560 2722 dinem
580 2706 595 2733 ,
622 2676 680 2718 ut
705 2675 800 2718 etc.
827 2693 892 2703 -
920 2664 1137 2728 Corpora
1161 2662 1395 2727 vulgant,

378 2765 495 2817 quae
522 2744 765 2797 omnium
791 2740 994 2795 libidini
1029 2748 1210 2810 patent
1234 2759 1246 2801 ;
1265 2737 1400 2806 sor-

375 2844 511 2878 mam
535 2827 747 2889 vulgant
759 2861 771 2882 ‚
799 2837 916 2888 quae
931 2820 1140 2880 sormae,
1160 2814 1264 2869 scil.
1282 2813 1403 2884 pul-

375 2900 690 2957 chritudinis
727 2917 833 2951 suae
876 2898 1108 2950 fructum
1154 2894 1401 2947 omnibus

374 2979 671 3051 promiscue
687 2974 1003 3030 concedunt.
1019 2974 1124 3027 Sed
1142 2974 1402 3043 Burman·
1420 2998 1426 3003 ·

377 3079 479 3113 nus
494 3057 642 3111 malit
658 3097 672 3123 ,
686 3074 895 3121 corpora
909 3049 1193 3118 cumsama,
1213 3062 1272 3103 ut
1288 3069 1401 3102 non

377 3138 512 3192 clam
529 3157 614 3190 eas
629 3135 808 3188 coiisse
823 3172 837 3198 ,
855 3151 1029 3201 neque
1047 3134 1237 3184 famam
1257 3129 1404 3199 pudi-

379 3235 562 3271 carum
592 3213 872 3267 adfectasse
896 3210 1233 3280 significetur.
1261 3208 1406 3262 Om-

378 3298 512 3351 nino
545 3294 757 3368 Cypriae
789 3292 1034 3345 mulieres
1068 3290 1318 3360 proclives
1348 3290 1402 3342 in

380 3376 655 3429 Venerem
683 3372 835 3425 fuisse
862 3370 1138 3435 videntur,
1165 3380 1218 3422 et
1243 3388 1404 3438 quaes-

382 3464 500 3508 tum
523 3451 756 3523 corporis
780 3450 955 3503 secisse
973 3468 985 3502 :
1004 3448 1105 3501 vid.
1129 3448 1371 3501 Justinus
1387 3486 1402 3515 ‚

285 3546 290 3553 ⁴
381 3532 468 3586 lib.
500 3530 694 3585 XVIII
716 3569 730 3597 ,
762 3548 870 3597 cap.
899 3530 945 3579 5.

452 3615 513 3676 24
524 3631 540 3663 1
551 3652 562 3662 .
585 3610 747 3678 thue
753 3609 922 3674 pudor
933 3608 1102 3658 cessit.
1117 3602 1408 3672 Impuden-

383 3689 555 3755 tibus,
592 3688 716 3758 quia
748 3704 1024 3755 nunquam
1059 3676 1406 3748 erubescunt,

383 3767 517 3820 dura
536 3806 550 3834 ,
579 3765 852 3835 exsanguis
872 3805 886 3831 ,
913 3765 1083 3816 ferrea
1107 3765 1254 3815 srons
1277 3801 1291 3826 ,
1318 3780 1411 3813 ex·-

382 3866 583 3916 sangue
622 3865 679 3899 os
715 3856 814 3898 etc.
849 3844 1132 3905 tribuitur;
1177 3843 1376 3895 Plinius
1392 3879 1410 3907 ,

386 3943 577 3997 paneg.
602 3925 683 3976 35.
711 3925 854 3977 Hinc
878 3923 1025 3976 facile
1057 3922 1157 3975 suit
1181 3921 1413 3991 sigmen-

385 4016 507 4058 tum
525 4042 540 4068 ‚
573 4003 818 4057 mulieres
841 4002 1127 4073 impudicas
1151 4000 1410 4054 transiisse

383 4084 444 4138 in
469 4083 650 4138 silices.
671 4110 737 4122 —
751 4087 913 4136 Parvo
936 4088 1224 4137 discrimine
1244 4100 1412 4133 verse.

386 4164 564 4233 Supra
589 4162 632 4211 V
640 4163 663 4215 1
680 4203 694 4229 ,
714 4162 777 4215 52
791 4203 807 4229 ,
816 4167 1286 4230 parve'delscrimims
1306 4182 1414 4213 um-

388 4245 809 4297 bra—Indural!
821 4244 892 4297 sic
909 4242 1068 4298 etiam
1083 4252 1160 4298 est
1177 4241 1275 4309 IV,
1299 4245 1411 4314 749,

388 4333 444 4400 et
466 4321 738 4376 multoties
761 4321 896 4377 alibi.

601 4424 747 4496 JV.

1562 2028 1816 2100 243-297.
1862 2031 2212 2101 Pygmalmnis
2232 2041 2407 2087 slatua
2431 2034 2524 2087 vi-

1495 2115 1603 2160 tam
1645 2107 1842 2175 accipit.
1883 2107 1929 2159 E
1968 2109 2360 2179 Philostephani
2404 2111 2526 2186 Cy-

1494 2186 1682 2257 priacis
1716 2187 1945 2239 fabulam
1989 2190 2230 2244 referunt
2270 2190 2524 2248 Clemens

1494 2266 1642 2319 Alex.
1666 2266 1932 2335 Protrept.
1964 2287 2012 2335 p.
2053 2273 2117 2322 50
2134 2308 2148 2335 ‚
2176 2279 2229 2321 et
2254 2270 2525 2326 Arnobius

1493 2343 1609 2397 adv.
1635 2342 1833 2416 Gentes
1856 2344 1942 2396 lib.
1968 2346 2048 2398 v1
2070 2383 2085 2412 ‚
2113 2366 2225 2416 pag.
2262 2349 2359 2400 205
2377 2390 2390 2412 ,
2428 2349 2523 2403 sed

1493 2420 1636 2474 haud
1663 2421 1818 2492 paulo
1842 2422 1992 2476 aliter
2016 2442 2072 2480 ac
2100 2425 2293 2478 Noster
2312 2466 2327 2492 ‚
2367 2427 2524 2481 fuisse

1498 2499 1903 2572 Pygmalionem
1924 2521 2104 2571 regem
2127 2500 2321 2575 Cypri,
2347 2505 2435 2574 qui
2452 2505 2527 2558 si-

1495 2582 1789 2634 mulacrum
1809 2583 2035 2635 Veneris
2054 2623 2068 2649 ‚
2097 2584 2237 2652 quod
2258 2585 2524 2655 religionis

1496 2659 1634 2731 apud
1662 2658 1889 2731 Cyprios
1916 2660 2153 2716 habitum
2172 2662 2238 2717 sit
2262 2666 2493 2735 antiquae
2509 2704 2524 2732 ‚

1495 2740 1566 2792 ita
1585 2737 1906 2791 adamaverit
1926 2779 1941 2805 ‚
1969 2750 2028 2792 ut
2045 2759 2168 2792 cum
2192 2761 2256 2795 eo
2273 2762 2528 2797 concum-

1496 2817 1661 2870 beret.
1679 2816 1864 2885 Neque
1889 2816 2039 2870 aliter
2055 2818 2314 2873 Gnidiam
2332 2841 2525 2890 quem-

1498 2893 1620 2945 dam
1641 2892 2090 2947 adolescentulum
2110 2896 2163 2949 in
2180 2898 2281 2949 alio
2297 2893 2527 2953 Veneris

1496 2975 1777 3027 simulacro
1807 2975 1984 3028 arsisse
2003 3016 2017 3042 ,
2055 2978 2369 3049 Posidippus
2406 2992 2525 3034 tra-
2553 3030 2563 3038 .

1499 3052 1719 3108 diderat.
1754 3054 1862 3106 Sed
1896 3055 2088 3109 Noster
2119 3059 2526 3129 Pygmalionem

1498 3132 1622 3184 facit
1651 3131 1963 3185 statuarium
2001 3132 2263 3206 Cyprium
2304 3135 2329 3206 (
2364 3147 2417 3189 et
2454 3138 2530 3192 sic

1500 3211 1661 3263 etiam
1690 3210 1933 3264 Philostr.
1963 3212 2068 3266 Vit.
2091 3214 2335 3282 Apollon.
2353 3214 2527 3286 Tyan.

1500 3291 1573 3355 V,
1603 3287 1702 3359 5),
1726 3290 1873 3357 cujus
1892 3290 2125 3343 eburnea
2150 3302 2320 3344 statua
2342 3293 2533 3346 Vene-

1499 3369 1570 3421 ris
1591 3388 1814 3421 munere
1839 3370 1998 3421 vitam
2017 3371 2287 3439 acceperit.
2307 3368 2529 3427 Confer.
2614 3366 2621 3373 ⁵

1504 3450 1566 3501 M
1572 3450 1772 3502 eursius
1788 3451 1839 3502 in
1855 3448 2039 3521 Cypro
2056 3450 2295 3503 IL--Per
2307 3458 2494 3505 crimen
2505 3494 2521 3516 ,

1503 3529 1661 3598 vulgo
1686 3548 1782 3597 per
1808 3536 2036 3582 crimina.
2062 3558 2127 3569 —-
2154 3530 2305 3600 Regii
2329 3533 2525 3595 nostri,

1505 3620 1764 3679 quantum
1809 3609 2038 3677 judicare
2080 3610 2199 3663 licet
2224 3651 2238 3676 ,
2275 3612 2534 3682 scriptura

1505 3710 1656 3760 poene
1682 3710 1826 3742 erasa
1846 3729 1860 3753 ,
1897 3688 2093 3742 habent
2119 3710 2277 3743 oevum
2296 3711 2392 3759 per
2418 3698 2533 3745 cri-

1506 3776 1647 3823 mina
1657 3774 1822 3837 gentis
1836 3785 1853 3831 ‚⁸
1880 3766 2062 3821 Codex
2075 3770 2121 3822 B
2142 3769 2356 3839 insuper
2372 3771 2533 3826 habet

1507 3849 1644 3902 hanc
1691 3848 1909 3918 glossam
1946 3869 2042 3915 per
2079 3855 2264 3903 crimea
2311 3863 2536 3920 agentes.

1507 3929 1736 3995 Vulgata
1767 3926 1920 3979 lectio
1948 3947 2131 3996 parum
2159 3930 2361 3997 poetica
2384 3930 2537 3983 vide-

1510 4016 1627 4070 tur,
1654 4014 1707 4056 et
1724 4005 1864 4056 locus
1882 4004 2097 4058 mutilus
2114 4005 2227 4059 sine
2245 4006 2407 4059 dubio
2425 4019 2501 4061 est
2521 4029 2536 4075 3

1510 4083 1601 4137 sed
1625 4084 1738 4152 quis
1761 4082 1882 4136 huic
1907 4083 2169 4137 medelam
2191 4085 2380 4140 asserre
2403 4098 2538 4140 ten-

1513 4239 1841 4309 turpitudine
1867 4253 2021 4310 atque
2049 4242 2278 4295 infamia.
2302 4242 2504 4296 Seneca
2522 4283 2539 4309 ,

1515 4318 1681 4389 Epist.
1711 4320 1775 4391 93
1793 4358 1809 4389 ,
1835 4338 1933 4389 per
1955 4324 2185 4377 tenebras
2207 4342 2361 4375 eoum
2384 4327 2541 4390 Igno-

2192 4443 2266 4487 12
