3185 5138
632 542 1653 613 METAMORPHOSEON
1718 544 1917 609 LIB.
1977 544 2222 610 XIII.

2365 540 2492 610 363

357 683 672 758 Proditus
705 714 743 758 a
779 684 963 758 socio
999 701 1100 757 est
1132 714 1147 756 ε
1183 713 1323 757 non
1356 683 1496 759 haec
1532 683 1699 758 mihi
1731 681 2000 759 crimina
2036 681 2238 776 fingi,

358 801 496 874 Scit
527 801 696 875 bene
728 800 1055 901 Tydides3
1087 799 1200 902 qui
1236 801 1503 877 nomine
1538 829 1709 901 saepe
1741 818 2047 874 vocatum

359 916 738 1016 Corripuit3
774 917 1165 1018 trepidoque
1201 916 1427 1012 sugam
1456 915 1887 1017 exprobravit
1920 914 2152 990 amict).

301 1114 308 1141 ‚
357 1031 759 1133 Adspiciunt
799 1030 1008 1105 oculis
1045 1032 1286 1134 Superi
1317 1032 1617 1106 mortalia
1646 1032 1863 1131 justis.
2431 1066 2495 1121 7⁰

354 1152 461 1222 En
497 1168 644 1243 eget
676 1149 961 1238 auxilio,
1002 1151 1117 1251 qui
1152 1180 1292 1224 non
1333 1151 1487 1225 tulit
1520 1181 1534 1224 ε
1566 1169 1772 1251 utque
1797 1147 2107 1250 reliquit,

357 1264 467 1337 Sic
505 1264 907 1367 linquendus
943 1282 1117 1351 erat;
1152 1262 1361 1358 legem
1394 1265 1522 1339 sibi
1561 1264 1813 1339 dixerat
1845 1262 2008 1363 ipse.

357 1377 741 1451 Conclamat
778 1379 993 1452 socios
1024 1408 1040 1452 ε
1077 1378 1346 1466 adsum,
1384 1378 1708 1479 videoque
1744 1392 2128 1451 trementem

355 1491 850 1594 Pallentemque
882 1510 1059 1566 metu
1082 1550 1101 1582 ,
1141 1522 1214 1566 ac
1257 1492 1695 1593 trepidantem
1734 1510 1948 1566 morte
1980 1490 2223 1564 futura.

358 1610 667 1710 Opposui
704 1610 948 1684 molem
982 1609 1237 1711 clypei3
1280 1611 1541 1712 texique
1572 1612 1935 1710 jacentem3
2430 1629 2495 1698 75

356 1728 751 1830 Servavique
786 1723 1064 1804 animam
1088 1785 1107 1815 ‚
1147 1729 1495 1803 minimum
1524 1748 1626 1804 est
1656 1729 1785 1803 hoc
1815 1727 2030 1803 laudis
2048 1783 2067 1816 ‚
2096 1727 2391 1800 inertem.

356 1841 427 1914 Si
456 1860 711 1942 perstas
747 1860 1030 1929 certare,
1069 1842 1289 1916 locum
1319 1843 1662 1917 redeamus
1694 1843 1761 1915 in
1798 1841 2020 1916 illum:

357 1954 589 2029 Redde
620 1944 875 2030 hostem
901 2014 920 2045 ‚
954 1956 1328 2060 vulnusque
1367 1976 1591 2047 tuum,
1628 1956 2035 2056 solitumque
2073 1957 2369 2029 timorem
2398 1982 2414 2041 ς

352 2074 521 2146 Post
557 2073 991 2176 clypeumque
1024 2074 1154 2150 late
1184 2107 1199 2148 ε
1232 2093 1300 2150 et
1326 2104 1581 2149 mecum
1616 2073 1938 2149 contende
1970 2074 2096 2175 sub
2130 2071 2266 2147 illo.

354 2193 450 2266 At
484 2210 839 2294 postquam
875 2193 1123 2292 eripui,
1162 2193 1269 2266 cui
1306 2193 1522 2266 standi
1557 2192 1826 2266 vulnera
1853 2192 2032 2265 vires
2426 2211 2495 2262 ευ

354 2313 508 2385 Non
540 2311 856 2385 dederant
875 2367 892 2399 ‚
933 2309 1120 2384 nullo
1159 2310 1456 2384 tardatus
1487 2309 1758 2385 vulnere
1789 2308 1979 2404 fugit.

355 2428 608 2500 Hector
638 2425 853 2513 adest,
892 2453 1246 2525 secumque
1277 2427 1461 2499 Deos
1490 2425 1560 2497 in
1596 2422 1820 2524 praelia
1847 2421 2067 2509 ducit;

356 2599 414 2652 Il.
437 2609 506 2663 θ,
537 2600 618 2650 80.
634 2625 700 2636 -—
723 2599 959 2649 Proditus
984 2596 1186 2664 gravius
1214 2616 1372 2665 quam

353 2677 672 2730 desertus.—
683 2676 917 2740 Trepido,
943 2691 1049 2742 prae
1067 2684 1215 2726 metu
1239 2674 1375 2727 cele-

351 2754 483 2807 riter
495 2751 1136 2821 fugienti—Exprobrant?
1149 2770 1166 2817 ‚·
1194 2751 1374 2805 alludit

354 2832 417 2885 ad
443 2832 602 2885 verba
635 2850 751 2900 quae
778 2832 1051 2884 Homerus
1072 2870 1087 2897 ‚
1120 2850 1251 2883 vers.
1272 2834 1336 2903 94
1354 2870 1369 2896 ,

355 2910 605 2963 Diomedi
627 2910 863 2964 attribuit
888 2930 901 2963 :
926 2919 997 2963 ns
1022 2914 1225 2979 φιὺγιις,
1253 2912 1373 2977 μετὰ

354 2998 477 3043 νῶτα
506 2995 661 3057 βαλὼν
679 3029 694 3056 ,
720 2994 852 3049 κακᾶς
874 2992 957 3054 ὣς,
992 2992 1148 3060 {fulqu-

425 3084 501 3134 7⁰·
523 3067 838 3134 Adsptkiun!
861 3067 1040 3133 Superi
1055 3077 1152 3119 etc.
1187 3063 1373 3117 Gravis

355 3142 465 3195 haec
500 3146 760 3197 sententia
807 3164 870 3197 eo
914 3144 1144 3213 pertinet
1173 3182 1187 3208 ‚
1230 3141 1373 3212 quod

357 3221 546 3273 auxilio
581 3242 701 3274 mox
738 3223 845 3292 ipse
881 3221 1099 3290 egebat,
1138 3222 1225 3290 qui
1262 3239 1372 3273 non

356 3298 633 3352 tulerat.—-
649 3302 894 3352 Mortalia
919 3299 1149 3352 absolute
1173 3310 1226 3353 et
1248 3301 1376 3353 sub-

352 3378 575 3430 stantive
590 3378 804 3444 ponitur
820 3417 835 3443 ‚
860 3398 941 3430 res
955 3377 1202 3430 humana:
1222 3400 1236 3441 ς
1252 3377 1372 3431 vide

354 3453 656 3507 Bentleium
679 3453 742 3506 ad
768 3456 956 3508 Horat.
975 3456 1095 3510 Art.
1119 3457 1267 3510 Poet.
1291 3458 1372 3510 68.

352 3561 419 3572 —
430 3533 563 3598 Ege!
572 3535 769 3584 auxilio
784 3551 800 3583 .·
815 3533 1001 3600 egebat
1020 3543 1195 3585 autem
1216 3534 1375 3606 Ulys-

351 3630 459 3676 ses,
488 3628 653 3678 quum
670 3612 1031 3678 Troianorum
1052 3611 1294 3666 cohortes
1316 3615 1371 3666 in

353 3706 478 3741 eum
498 3727 513 3754 ,
552 3687 673 3741 Soci
708 3687 853 3740 hasta
881 3688 1213 3742 vulneratum
1234 3730 1248 3755 ,
1287 3691 1371 3742 ir—

353 3778 602 3830 ruerent;
634 3778 749 3820 tum
777 3767 944 3820 terita
959 3770 1243 3829 clamabat,
1273 3772 1373 3822 ἔσαν

350 3871 417 3917 ’⁸⁸5
437 3854 518 3908 ιλὴ
543 3847 660 3913 χάδε
682 3850 838 3915 furis·
865 3845 924 3898 Il.
947 3855 990 3899 Δ
1009 3885 1024 3910 ‚
1057 3846 1168 3911 461.
1195 3847 1370 3915 Alque

352 3924 463 3977 haec
479 3924 823 3993 ignominiose
847 3923 1135 3976 admodum
1152 3923 1236 3979 hic
1255 3944 1371 3977 nar·

353 4012 570 4067 rantur,
608 4002 958 4073 Ulyssemque
994 4001 1193 4072 faciunt
1224 4003 1372 4072 igna-

353 4097 470 4131 vam
487 4078 703 4132 muliere
710 4080 1030 4146 m.-Legem
1039 4081 1360 4141 sibide'xetal,

352 4156 711 4210 conditionem
728 4156 834 4225 ipse
852 4156 1251 4226 praescripserat,
1267 4176 1368 4225 qua

355 4233 653 4288 tractandus
672 4237 1085 4288 esset—Adsum
1105 4254 1227 4287 cum
1251 4235 1370 4287 Me-

356 4315 799 4370 nestam—Molem
818 4319 987 4387 clypei
996 4331 1016 4381 ,⁶
1049 4315 1213 4370 Hom.
1237 4333 1365 4368 vers.

1471 2600 1566 2664 485
1589 2637 1605 2662 ,
1642 2602 1782 2673 griponi·
1809 2598 1957 2656 σᾶκως
1988 2602 2094 2657 {abre
2123 2599 2296 2668 πύργον.
2337 2592 2493 2646 Idem

1469 2673 1791 2727 beneficium
1818 2674 2025 2744 ingrato
2048 2673 2324 2741 exprobrat
2352 2670 2501 2742 apud'

1474 2751 1665 2820 Quint.
1691 2751 1804 2804 Cal.
1830 2770 1920 2804 ποι
1948 2770 2044 2820 sqq
2063 2791 2077 2816 ,
2114 2749 2206 2804 sed
2238 2769 2346 2802 non
2383 2760 2505 2801 tam.

1471 2831 1714 2900 graphice
1735 2843 1790 2884 et
1805 2831 2182 2893 contumeliose
2201 2870 2216 2896 ,
2241 2840 2301 2881 ut
2318 2827 2491 2897 hicja·

1466 2919 1673 2961 centem.
1701 2907 1859 2978 Apud
1886 2910 2185 2961 Homerum
2208 2908 2367 2960 etiam
2382 2906 2494 2959 vul-

1468 2996 1682 3039 neratus
1713 2985 1921 3040 sortiter
1955 2997 2189 3056 pugnat,
2231 2996 2285 3038 et
2316 2996 2494 3055 postea

1468 3063 1749 3118 Menelaus
1775 3083 1899 3117 eum
1926 3084 2088 3117 manu
2118 3065 2259 3118 ducit
2292 3084 2321 3116 e
2350 3083 2490 3131 prae-

1469 3142 1556 3195 lio.
1580 3144 1689 3197 Pro
1696 3143 1957 3210 jacenlem
1984 3155 2087 3197 tres
2110 3142 2308 3196 habent
2331 3147 2493 3194 lulen-

1468 3231 1566 3274 tem
1580 3220 1722 3290 quod
1735 3240 1841 3274 non
1857 3222 2116 3292 improbat
2132 3222 2492 3283 Burmannus,

1469 3300 1592 3368 quia
1619 3302 1840 3370 repetit,
1870 3311 1993 3366 post
2020 3304 2340 3370 clypeumque
2373 3301 2492 3349 late.

1467 3378 1608 3430 —Et
1624 3379 1744 3446 quia
1760 3378 1950 3447 repetit
1967 3382 2082 3437 lale,
2102 3374 2491 3446 praeferendum

1468 3454 1553 3508 hic
1570 3457 1833 3522 jacentem
1858 3496 1871 3517 ‚
1916 3455 2052 3523 quod
2096 3454 2288 3506 babent
2325 3454 2492 3506 nostri

1467 3531 1702 3595 codices;
1725 3534 1947 3585 alterum
1973 3550 2083 3583 non
2106 3531 2368 3584 convenit.
2390 3534 2492 3584 Ed.

1464 3608 1663 3661 ——Mox
1680 3627 1777 3677 pro
1792 3612 2067 3676 vulnusque
2080 3618 2217 3660 tuum
2231 3608 2491 3678 Scheppe·

1467 3705 1556 3738 rus
1577 3686 1790 3754 corrigit
1812 3689 2099 3754 vultumque
2118 3696 2281 3750 tuum,
2307 3686 2444 3739 male
2472 3708 2489 3752 ς

1467 3766 1586 3819 vide
1614 3768 2004 3820 Bnrmannum.

1534 3844 1614 3896 82.
1640 3844 1815 3895 Secum
1847 3844 1988 3895 Deos
2023 3847 2077 3894 in
2110 3846 2297 3909 prelia
2333 3844 2493 3894 ducit.

1468 3922 1658 3991 Apollo
1685 3924 1868 3976 missus
1883 3943 1910 3976 a
1925 3923 2057 3976 Jove
2079 3923 2309 3975 anteibat
2334 3923 2495 3975 Hec-

1468 4011 1639 4053 torem
1662 4040 1677 4065 ,
1702 4002 1842 4054 nube
1862 4011 2025 4054 tectus
2039 4001 2304 4071 aegideque
2321 4019 2490 4053 arma·

1467 4088 1550 4131 tus
1572 4118 1587 4144 ‚
1616 4079 1947 4147 terrebatque
1973 4079 2184 4133 Graecos
2204 4118 2219 4145 ,
2248 4091 2305 4132 ut
2326 4079 2487 4149 suge-

1466 4170 1617 4220 rent;
1647 4159 1766 4213 vide
1790 4160 2014 4213 Homer.
2041 4161 2097 4213 ll.
2131 4171 2174 4214 Ο
2196 4200 2210 4226 ,
2236 4179 2332 4212 220
2353 4180 2449 4230 sqq
2469 4200 2487 4226 ,

1465 4238 1561 4308 307
1582 4278 1597 4304 ,
1619 4237 1732 4292 326.
1754 4240 1957 4292 Verum
1980 4257 2088 4291 non
2114 4250 2226 4292 tum
2241 4242 2480 4308 pondere,

1463 4315 1517 4369 id
1542 4325 1654 4383 est,
1696 4335 1845 4384 saxu,
1869 4316 2151 4385 fundebat,
2195 4318 2259 4371 ad
2289 4328 2487 4372 terram
