3185 5138
738 522 1797 592 METAMORPHOSEON
1843 527 2034 593 LIB.
2086 527 2179 594 X.

2409 528 2531 594 183

379 662 760 751 Attollens,
794 664 1046 765 pariter
1073 693 1225 737 cum
1254 663 1414 738 caelo
1447 664 1615 738 vidit
1645 682 1990 740 amantem.

385 780 757 878 conjugio,
795 780 982 881 quod
1014 778 1207 867 fecit,
1237 780 1425 855 adest
1459 782 1643 854 Dea:
1678 782 1944 883 jamque
1982 784 2224 857 coactis

2435 807 2536 879 29⁵

385 898 724 971 Cornibus
759 898 833 971 in
862 896 1133 999 plenum
1169 897 1399 972 novies
1432 896 1782 973 lunaribus
1820 900 2049 973 orbem
2070 957 2090 988 ‚

379 1013 507 1089 Illa
540 1014 823 1116 Paphon
862 1015 1128 1112 genuit,
1169 1015 1249 1089 de
1286 1044 1421 1117 quo
1462 1033 1643 1091 tenet
1675 1016 1893 1091 insula
1925 1044 2193 1092 nomen.

480 1134 633 1204 Vll.
677 1133 919 1207 Editus
955 1133 1076 1206 hac
1105 1131 1218 1206 ille
1251 1151 1391 1219 est,
1431 1134 1546 1234 qui
1568 1190 1587 1220 ‚
1627 1134 1685 1207 si
1721 1135 1864 1208 sine
1901 1132 2096 1235 prole
2128 1133 2401 1226 suisset,

382 1250 569 1321 Inter
597 1248 818 1324 felices
854 1251 1135 1351 Cinyras
1167 1251 1497 1353 potuisset
1530 1250 1785 1325 haberi.

384 1365 548 1439 Dira
582 1393 808 1441 canam
840 1396 855 1440 :
887 1385 1056 1441 natae
1086 1366 1324 1468 procul
1357 1366 1514 1441 hinc
1535 1423 1554 1455 ,
1595 1367 1828 1470 procul
1865 1386 1999 1443 este
2033 1369 2378 1470 parentes!
2433 1389 2534 1440 300

379 1564 720 1632 stupefactam
740 1564 999 1633 virginem
1024 1563 1324 1617 induxisset.
1337 1591 1404 1603 —-

383 1641 556 1693 Nemo
573 1641 672 1693 hoc
689 1641 883 1694 credet.
900 1643 1164 1694 Ede-Ad
1174 1646 1402 1709 Iumina5

381 1739 521 1773 unus
546 1721 743 1774 More-ti
777 1733 832 1774 et
857 1740 994 1774 unus
1021 1722 1399 1788 Bononiensis,

379 1801 457 1850 ad
470 1803 665 1851 le'me'na.
683 1801 777 1851 Ad
786 1805 979 1853 lumina
994 1840 1007 1859 ,
1039 1800 1231 1854 scilicet
1252 1800 1399 1857 solis:

379 1895 507 1929 nam
530 1879 772 1946 sequitur
789 1898 902 1932 cum
924 1883 1054 1933 celo
1073 1882 1203 1933 vidit
1219 1899 1405 1932 aman—

380 1965 493 2011 tem.
529 1958 620 2011 Sic
656 1969 797 2013 recte
836 1960 1181 2014 Burmannus
1217 1971 1403 2013 eontra

386 2036 668 2089 Heinsium
689 2077 705 2104 ‚
743 2038 832 2106 qui
859 2058 954 2106 per
981 2042 1176 2091 lumina
1206 2038 1405 2092 intelli-

382 2114 534 2182 gehat
558 2116 907 2170 fenestras.—-
931 2117 1082 2185 Regii
1106 2117 1268 2170 nostri
1289 2115 1404 2169 Co·-

382 2192 523 2248 dices
538 2232 552 2259 ,
567 2198 868 2258 adlmm’na,
888 2196 1031 2265 quod
1048 2215 1147 2264 ego
1162 2198 1301 2249 ultro
1318 2196 1404 2249 in-

385 2273 731 2343 terpreter‚ad
746 2274 1402 2346 oculosPygmalionis.AEd.

449 2357 564 2425 29⁵·
586 2356 756 2407 Adest
771 2396 784 2417 ‚
811 2355 933 2423 quia
949 2355 1034 2408 illa
1052 2374 1173 2407 mox
1190 2366 1404 2430 uterum

378 2432 789 2487 ferte-Cornua
810 2435 950 2488 lunae
964 2446 1234 2502 cognatur.
1258 2453 1406 2487 eres-

379 2523 510 2565 cunt
540 2512 594 2564 in
630 2512 849 2581 plenum
886 2513 1087 2566 orbem.
1110 2540 1177 2552 —-
1201 2515 1405 2581 Paphos

381 2609 491 2643 non
512 2591 609 2645 nisi
634 2592 757 2644 urbs
773 2591 967 2664 Cypri,
987 2610 1146 2660 quam
1167 2590 1405 2644 condidit

379 2671 461 2723 vel
480 2670 564 2724 hic
582 2671 822 2741 Paphus,
845 2671 925 2725 vel
945 2670 1241 2725 secundum
1262 2673 1405 2725 Pau-

378 2750 579 2804 saniam
615 2750 804 2806 Arcad.
832 2769 881 2821 p.
915 2750 1048 2820 607,
1086 2749 1400 2819 Agapenor‚

337 2873 342 2878 .
379 2851 549 2901 quum
563 2869 577 2896 ,
606 2832 703 2885 Ilio
719 2851 929 2898 everso,
947 2831 1117 2885 classis
1135 2831 1402 2885 Arcadum

378 2910 451 2963 ibi
463 2911 742 2980 appulisset
756 2934 769 2974 ς
786 2911 867 2963 vel
880 2912 1021 2979 juxta
1035 2909 1400 2980 Apollod.111‚

383 3006 500 3056 xlv,
519 2991 579 3057 3,
606 2988 862 3061 Cinyras,
888 2989 1169 3062 Syriarum
1189 3008 1295 3043 rex.
1324 2988 1401 3041 lbi

379 3067 638 3138 templum
657 3066 884 3120 Veneris
906 3068 1400 3130 celebratissimum3

382 3147 550 3202 Tacit.
576 3148 713 3202 Hist.
742 3147 795 3201 Π
814 3188 829 3215 ,
857 3146 903 3199 3.

449 3229 708 3301 298-502.
740 3229 980 3296 Myrrha,
1015 3224 1233 3298 Cinyra
1260 3224 1365 3279 lilia
1383 3262 1400 3291 ‚

378 3329 568 3380 eorpus
584 3306 758 3376 jungit
773 3324 896 3359 cum
910 3317 1055 3375 patre
1081 3305 1258 3359 inscio.
1278 3304 1404 3358 Stu-

379 3409 480 3460 pro
497 3387 727 3443 nefando
747 3385 959 3456 cognito
979 3403 1144 3453 quum
1171 3393 1319 3453 pater
1335 3382 1405 3435 fi-

382 3470 503 3522 liam
547 3476 985 3538 persequeretur,
1027 3464 1112 3517 illa
1139 3463 1195 3516 in
1218 3462 1402 3516 silvam

378 3548 513 3614 sugit
531 3586 548 3612 ‚
588 3547 676 3599 ubi
708 3555 949 3598 mutatur
972 3545 1029 3597 in
1052 3544 1298 3596 arborem
1321 3541 1401 3596 sui

378 3627 629 3680 nominis.
670 3624 754 3679 Cf.
780 3624 980 3695 Hygin.
1012 3623 1113 3675 sab.
1147 3623 1245 3684 58;
1272 3622 1403 3675 An-

380 3715 493 3758 ton.
515 3704 630 3757 Lib.
649 3722 760 3773 cap.
778 3704 843 3770 34
863 3725 876 3766 ς
898 3700 1142 3770 Apollod.
1162 3701 1261 3756 111.
1283 3717 1400 3768 xlv,

379 3785 411 3848 4
429 3804 442 3844 ς
465 3783 682 3837 Tzetzes
698 3783 754 3834 in
774 3780 1032 3853 Lycophr.
1049 3800 1098 3850 p.
1111 3781 1179 3833 60
1196 3801 1210 3842 ς
1225 3779 1402 3833 Schol.

379 3860 650 3914 Theocrit.
675 3860 742 3913 ad
765 3861 843 3914 ld.
872 3862 895 3915 1
922 3899 936 3926 ,
981 3879 1072 3930 ¹⁰7
1099 3882 1111 3922 3
1151 3859 1299 3912 Serv.
1335 3857 1402 3911 ad

380 3938 568 4007 Virgit.
593 3939 702 3992 Ect.
730 3941 780 3992 X
800 3978 815 4004 ,
852 3941 911 3991 18
932 3977 946 4004 ‚
972 3949 1024 3991 et
1051 3938 1175 3990 AEn.
1205 3938 1274 4004 V,
1301 3957 1361 4008 72
1383 3957 1400 4002 ς

380 4015 626 4083 Fulgent.
667 4017 893 4090 Mythot.
922 4019 1003 4071 111
1030 4056 1044 4083 ,
1089 4017 1135 4070 8.

447 4092 626 4146 Dubia
642 4097 818 4149 omnia
831 4106 1022 4150 suntet
1036 4096 1235 4147 incerta
1249 4131 1264 4158 ‚
1284 4110 1402 4162 que

379 4172 609 4226 Veteres
635 4183 690 4226 et
711 4173 776 4226 de
800 4174 1105 4244 parentibus
1132 4183 1185 4226 et
1214 4172 1279 4224 de
1304 4191 1398 4241 pa-

377 4252 480 4306 tria
507 4249 725 4324 Cinyra
750 4254 967 4306 tradunt
995 4273 1007 4305 z
1034 4252 1138 4305 vid.
1167 4250 1406 4304 Munke-

375 4350 469 4386 rm
481 4329 548 4385 ad
564 4331 649 4386 An
658 4342 767 4388 ton.
783 4333 1008 4388 Liberal.
1020 4331 1071 4388 d.
1091 4332 1124 4387 Ι.
1140 4343 1196 4387 et
1209 4332 1403 4386 Meur-

1501 1565 1606 1618 sius
1629 1563 1696 1617 de
1716 1562 1921 1637 Cypro,
1941 1565 2015 1629 11,
2032 1562 2323 1637 &Thiante
2339 1574 2527 1617 natum

1501 1661 1625 1696 eum
1666 1641 1942 1712 perhibent
1985 1642 2137 1695 multi
2163 1663 2176 1703 ;
2211 1642 2439 1695 Sandoci
2462 1643 2532 1696 fi-

1502 1720 1634 1774 lium
1671 1722 1791 1774 sacit
1830 1721 2069 1791 Apollod.
2114 1722 2298 1791 Neque
2337 1741 2398 1773 ex
2429 1721 2531 1775 hoc

1502 1801 1620 1856 loco
1648 1801 1843 1871 aliquid
1865 1801 2075 1855 definiri
2097 1812 2282 1870 potest.
2298 1829 2363 1840 —
2382 1801 2528 1855 MSS

1502 1898 1710 1947 omnes,
1729 1883 1915 1933 Editus
1927 1887 1979 1932 e!
1989 1884 2078 1932 ille
2091 1891 2183 1933 est.
2207 1878 2347 1948 quod
2364 1878 2533 1933 Cons-

1502 1969 1635 2013 tant.
1656 1961 1783 2016 Fan.
1804 1959 2026 2013 mutavit
2044 1960 2095 2012 in
2122 1962 2305 2012 Editus
2324 1961 2425 2011 bac
2441 1964 2532 2012 ille

1500 2050 1606 2100 est,
1641 2049 1702 2092 ut
1724 2048 1909 2091 statuae
1927 2039 2171 2090 animatae
2206 2048 2261 2090 et
2286 2038 2530 2109 Pygma-

1502 2116 1656 2170 lionis
1671 2118 1807 2170 lilius
1821 2118 1974 2170 fuisse
1993 2117 2210 2170 dicatur.
2231 2117 2337 2170 Sed
2362 2118 2529 2169 Hein-

1501 2197 1607 2250 sius
1639 2195 1901 2261 malebat,
1938 2199 2126 2248 Eddus
2168 2199 2264 2249 hoc
2303 2197 2531 2261 (scilicet

1502 2276 1729 2346 Papho)
1755 2282 1845 2330 ille
1857 2286 1949 2330 esl.
1977 2278 2047 2330 Et
2074 2281 2245 2343 Paphi
2243 2281 2397 2346 filius
2422 2297 2530 2329 vo·-

1500 2368 1651 2410 eatur
1680 2359 1744 2409 ab
1771 2358 1991 2429 Hygino
2012 2396 2027 2422 ,
2066 2357 2166 2408 sab.
2194 2360 2288 2422 242
2315 2367 2367 2409 et
2397 2377 2527 2424 ²703

1504 2436 1842 2506 Assyriorum
1859 2453 2040 2503 regem
2054 2453 2178 2486 eum
2199 2435 2396 2487 faciunt
2414 2437 2532 2507 Hy-

1501 2511 1653 2582 ginus
1668 2552 1681 2571 ,
1709 2511 1809 2563 sab.
1829 2514 1892 2564 58
1908 2521 1963 2563 et
1983 2513 2075 2578 ²4²
2100 2531 2113 2575 ς
2142 2510 2523 2580 Apollodorus,

1501 2589 1551 2643 d.
1575 2589 1608 2642 Ι.
1632 2589 1893 2662 Cyprium
1911 2610 2036 2643 eum
2059 2611 2241 2659 regem
2260 2592 2413 2643 fuisse
2433 2591 2529 2657 (sic

1500 2670 1662 2723 etiam
1693 2671 1963 2722 Homerus
1983 2709 1998 2735 ,
2027 2669 2172 2724 Iliad.
2196 2681 2238 2723 A
2259 2709 2274 2735 ‚
2307 2690 2361 2722 αι
2390 2709 2404 2734 ,
2434 2670 2524 2723 ubi

1502 2748 1965 2818 Agamemnonem
1984 2748 2194 2802 thorace
2209 2749 2417 2813 donat),
2433 2749 2527 2818 qui

1499 2827 1720 2881 ditatam
1769 2828 2159 2881 meretriculam
2187 2866 2202 2894 ,
2253 2830 2526 2881 Venerem

1499 2910 1719 2962 nomine
1740 2948 1755 2976 ‚
1783 2909 1923 2962 inter
1946 2908 2092 2962 Deos
2115 2909 2385 2974 retulerit,
2406 2909 2528 2960 Ve-

1500 2989 1723 3056 nerique
1755 2986 1965 3060 Cypria:
1992 3006 2180 3041 arcana
2203 3008 2345 3041 sacra
2373 2987 2529 3039 insti-

1501 3070 1701 3134 tuerit,
1734 3070 1924 3138 quibus
1961 3069 2156 3122 multos
2197 3067 2526 3132 initiaverit,

1499 3148 1718 3202 tradunt
1760 3147 2013 3201 Clemens
2052 3148 2333 3201 Alexandr.
2377 3149 2525 3200 Pro-

1500 3239 1656 3298 trept.
1672 3248 1721 3296 p.
1744 3233 1773 3282 5
1793 3249 1808 3290 ς
1837 3229 2040 3282 Arnob.
2066 3228 2265 3280 advers.
2283 3226 2486 3278 Gentes
2510 3264 2526 3290 ,

1500 3309 1589 3362 lib.
1617 3309 1728 3375 lV,
1752 3328 1801 3379 p.
1843 3310 1967 3375 143,
2011 3318 2065 3361 et
2092 3309 2177 3361 lib.
2202 3309 2280 3372 V,
2316 3326 2366 3374 ρ.
2397 3306 2526 3377 1693

1501 3386 1762 3440 Firmicns
1780 3425 1795 3452 ‚
1826 3386 1893 3439 de
1923 3386 2119 3438 Errore
2145 3384 2348 3454 profan.
2378 3383 2526 3453 relig.

1501 3485 1550 3534 p.
1575 3466 1655 3531 34.
1693 3463 1800 3518 Sed
1821 3465 1861 3518 εἰ
1890 3463 2114 3535 Cinyras
2140 3473 2377 3530 tempore
2402 3461 2526 3514 belli

1502 3545 1725 3613 Troiani
1753 3545 1906 3609 vixit,
1946 3555 2006 3596 ut
2035 3543 2263 3596 Homeri
2295 3544 2528 3596 auctori—

1503 3634 1608 3677 tate
1635 3634 1871 3688 constat,
1898 3641 2007 3675 non
2026 3622 2161 3675 bene
2190 3621 2414 3691 Orpheo
2435 3622 2527 3675 di-

1500 3701 1724 3757 cendam
1747 3700 1881 3755 hanc
1898 3699 2126 3754 fabulam
2148 3701 2344 3753 Noster
2363 3700 2525 3753 dedit.

1566 3781 1684 3833 300.
1709 3781 1844 3831 Dira
1865 3797 2063 3831 canam.
2089 3778 2391 3831 Exardescit
2411 3778 2529 3831 ani-

1499 3878 1620 3912 mus
1635 3856 1841 3927 Orphei
1856 3856 2127 3911 atrocitate
2145 3858 2242 3918 rei;
2259 3856 2380 3910 hinc
2398 3876 2527 3925 prae·

1498 3937 1663 3990 mittit
1687 3928 2049 4005 prefationem
2068 3935 2133 3988 de
2159 3935 2394 3988 nefando
2417 3935 2529 3988 fla·-

1500 4016 1660 4085 gieio,
1697 4014 1836 4084 quod
1874 4024 2183 4068 narraturus
2217 4026 2311 4067 est.
2358 4013 2525 4077 Dian
2556 4076 2577 4087 ,

1498 4111 1740 4146 amorem
1766 4114 1794 4146 a
1824 4093 1937 4146 Diis
1970 4093 2112 4146 iratis
2140 4093 2433 4147 immissum
2454 4134 2468 4160 ‚
2496 4113 2528 4147 a

1497 4172 1647 4225 furiis
1670 4171 1924 4239 injectum
1943 4193 1956 4236 ;
1982 4172 2167 4226 confer
2183 4191 2395 4226 versum
2411 4173 2527 4226 313.

1497 4280 1565 4293 —
1604 4256 1795 4307 Procul
1814 4256 1936 4306 binc
1957 4292 1972 4315 ,
2016 4264 2113 4308 etc.
2153 4273 2215 4307 ex
2240 4264 2370 4306 noto
2396 4254 2484 4306 illo
2509 4292 2526 4321 ,

1499 4338 1605 4396 ἱκᾶς
1623 4373 1639 4402 ,
1684 4338 1783 4396 ἑκὰς
1811 4339 1908 4392 ‘'ct-c*
1930 4339 2146 4405 βίὸηλη,
2183 4355 2290 4407 quo
2316 4333 2524 4406 profani
