3185 5138
657 521 1741 589 METAMORPHOSEON
1809 524 2005 589 LIB.
2068 525 2300 590 XIII.

2431 524 2564 614 389

416 661 576 739 Non
605 660 1020 761 profecturas
1055 661 1366 736 tendebat
1401 661 1485 736 ad
1515 661 1755 736 aethera
1787 659 2059 761 palmas.

398 775 833 851 ¹Dardanidas
866 796 1105 851 matres
1138 777 1507 879 patriorum
1540 779 1732 875 signa
1764 780 2099 866 Deorum,

418 893 599 967 Dum
637 892 831 982 licet,
870 894 1238 995 amplean,
1276 922 1723 997 succensaque
1758 894 2002 996 templa
2034 914 2330 972 tenentes

418 1009 754 1083 Invidiosa
793 1011 1064 1084 trahunt
1095 1012 1376 1086 victores
1409 1011 1674 1111 praemia
1715 1012 1922 1086 Graii.

421 1124 725 1200 Mittitur
759 1128 1094 1228 Astyanax
1127 1126 1261 1201 illis
1289 1128 1368 1202 de
1406 1129 1703 1202 turribus
1727 1185 1746 1216 ,
1785 1128 1960 1203 unde

2462 1149 2560 1218 415

421 1241 838 1338 Pugnantem
868 1274 996 1346 pro
1030 1273 1099 1320 se
1121 1301 1140 1331 ‚
1172 1246 1604 1347 proavitaque
1637 1274 1835 1340 regna
1873 1262 2167 1319 tuentem

422 1356 609 1458 Saepe
645 1359 864 1433 videre
905 1379 1154 1462 patrem
1185 1377 1630 1434 monstratum
1663 1391 1699 1435 a
1734 1378 1936 1435 matre
1970 1361 2248 1435 solebat.

420 1475 704 1576 Jamque
736 1477 907 1550 viam
945 1476 1178 1552 suadet
1207 1479 1496 1562 Boreas;
1533 1476 1827 1577 flatuque
1865 1476 2154 1550 secundo

424 1590 714 1666 Carbasa
751 1609 926 1667 mota
962 1610 1204 1667 sonant
1235 1618 1249 1662 ε
1276 1591 1462 1692 jubet
1496 1591 1597 1666 uti
1634 1592 1849 1666 navita
1883 1590 2117 1665 ventis.

422 1780 675 1851 Exempla
690 1800 719 1834 e
736 1781 930 1835 Pacuv.
955 1783 1164 1836 Lucret.
1186 1793 1240 1836 et
1266 1783 1444 1837 Ennio

421 1859 582 1913 babet
615 1858 881 1914 Heinsius.
908 1889 974 1901 —
1002 1862 1176 1914 Etiam
1210 1866 1446 1916 antistita

423 1938 639 2006 antique
665 1958 760 2008 pro
779 1979 796 2006 ‚
822 1940 1033 1994 antistes
1051 1980 1066 2004 ‚
1098 1940 1336 1994 sacerdos
1363 1940 1446 1994 fe-

422 2017 568 2071 mina
583 2039 597 2082 ;
615 2029 664 2072 et
688 2021 909 2074 miratur
920 2020 1143 2087 Gellius,
1164 2023 1314 2076 Noct.
1334 2024 1445 2075 Att.

426 2094 598 2163 xlll,
631 2116 727 2163 ao,
756 2098 927 2167 ipsum
960 2089 1278 2152 Ciceronem
1298 2139 1312 2165 ‚
1352 2101 1442 2167 qui

421 2174 726 2231 insolentias
744 2179 1026 2231 verborum
1047 2198 1075 2231 a
1097 2180 1358 2232 veteribus
1371 2178 1444 2231 di-

423 2249 631 2306 ctorum
656 2255 838 2309 sedulo
861 2258 1148 2326 respuerit,
1179 2256 1335 2325 hujus
1362 2268 1443 2309 ta·-

424 2352 551 2385 men
593 2334 734 2386 verbi
769 2334 944 2387 sonitu
982 2331 1297 2386 delectatum
1335 2354 1443 2387 esse

428 2409 584 2462 Verr.
602 2410 798 2478 1V,45.
820 2411 1138 2479 Intelligitur
1152 2421 1327 2463 autem
1343 2411 1393 2463 b.
1412 2412 1444 2464 l.

428 2485 724 2540 Cassandra
753 2488 817 2540 ab
845 2488 1007 2555 Aiace
1027 2525 1042 2553 ,
1070 2486 1215 2540 Oilei
1241 2485 1379 2552 filio,
1414 2507 1443 2540 e

423 2565 687 2620 Minervae
704 2565 899 2636 templo
913 2566 1163 2619 abstracta
1181 2587 1193 2629 ;
1210 2564 1325 2618 vide
1343 2566 1446 2619 Eu·

422 2642 577 2713 ripid.
593 2642 789 2696 Troad.
800 2644 868 2715 69
881 2662 999 2712 sqq3
1019 2643 1202 2713 Virgil.
1212 2642 1341 2696 AEn.
1360 2644 1443 2709 11,

385 2766 398 2772 ,
424 2726 526 2792 403
543 2764 559 2791 ,
600 2743 762 2793 quem
785 2724 979 2777 Noster
1001 2734 1121 2776 ante
1150 2722 1326 2776 oculos
1351 2724 1448 2776 ha-

421 2803 538 2858 buit
557 2822 569 2856 :
588 2824 613 2848 «ι
638 2803 772 2857 Ecce
797 2800 1101 2856 trahebatur
1121 2801 1277 2871 passis
1294 2802 1449 2855 Pria·

428 2903 458 2929 ιο
486 2882 622 2935 meia
639 2881 784 2953 virgo
799 2879 1050 2934 Crinibus
1061 2900 1088 2932 a
1103 2878 1304 2949 templo.
1315 2878 1448 2934 Cas-

426 2980 457 3008 »
484 2959 674 3014 sandra
695 2999 709 3027 ‚
746 2958 1019 3031 adytisque
1046 2959 1333 3027 Minerva,
1361 2958 1448 3012 Ad

429 3059 458 3086 κ
487 3039 673 3093 caelum
714 3037 936 3092 tendens
974 3036 1212 3090 ardentia
1248 3036 1449 3090 lumina

435 3139 465 3166 >v
488 3117 682 3173 frustra
712 3139 723 3172 :
762 3118 988 3172 Lumina
1017 3140 1031 3183 ς
1070 3137 1196 3171 nam
1242 3128 1451 3172 teneras

432 3219 462 3245 »ο
493 3199 739 3251 arcebant
775 3196 978 3251 vincula
1016 3196 1226 3267 palmas.
1261 3219 1288 3243 ²·
1320 3198 1451 3251 Erat

431 3287 609 3330 autem
636 3276 925 3330 secundum
959 3276 1163 3331 Arctin.
1190 3276 1450 3330 Minervae

433 3356 659 3408 antistita
678 3393 693 3419 ‚
728 3353 819 3408 sed
851 3373 880 3407 a
910 3355 1101 3408 Phoebo
1133 3353 1450 3408 vaticinandi

434 3442 603 3484 artem
627 3431 826 3484 edocta.

499 3513 531 3577 4
539 3532 557 3567 ι
569 3531 611 3563 2.
626 3513 962 3564 Dardanidas
973 3522 1158 3565 matres
1166 3522 1263 3565 etc.
1275 3510 1320 3565 C
1328 3511 1452 3583 apti·

432 3608 521 3641 vas
543 3587 792 3644 mulieres
806 3587 869 3640 ad
888 3588 1275 3643 Scamandrum
1295 3589 1453 3644 duce·

433 3667 564 3721 bant
580 3706 595 3732 ,
621 3667 691 3721 ibi
712 3666 1092 3722 distribuendas
1107 3686 1119 3719 :
1134 3666 1455 3721 desiderium

435 3746 615 3817 patriae
635 3744 869 3815 religiose
884 3744 1240 3810 declarabant,
1263 3745 1454 3815 ample-

436 3823 639 3880 ctendis
667 3844 730 3878 ex
752 3842 901 3876 more
930 3834 1170 3877 veterum
1201 3822 1288 3876 tali
1317 3835 1456 3878 tem-

439 3924 566 3975 pore
591 3903 750 3973 signis
767 3903 1007 3960 Deorum
1030 3906 1462 3971 etc.·-Diae·patn'ae‘

440 3982 523 4036 vel
540 3983 765 4036 Penates
781 4021 796 4047 ,
824 3980 905 4035 vel
925 3981 1017 4035 Dii
1039 3984 1270 4058 ι’γχῶριθι.
1285 4009 1352 4022 ·—
1365 3985 1459 4035 In·-

440 4065 640 4118 m'diosa
658 4061 798 4117 varie
823 4060 979 4130 accipi
1004 4071 1202 4131 potest,
1226 4059 1308 4113 vel
1323 4080 1457 4129 quo-

443 4162 564 4197 rum
580 4142 775 4211 species
796 4140 999 4210 ingrata
1024 4150 1078 4192 et
1100 4139 1285 4206 tristis,
1308 4142 1455 4207 utV,

442 4219 538 4287 573
559 4240 572 4283 ς
601 4216 684 4271 vel
705 4235 819 4287 quae
841 4216 1090 4271 invidiam
1105 4215 1360 4270 faciebant
1376 4216 1456 4269 in-

440 4306 525 4351 ter
548 4314 664 4364 eos,
693 4314 722 4350 a
746 4294 932 4366 quibus
955 4293 1332 4365 expetebantur
1348 4334 1364 4361 ‚
1399 4304 1460 4348 ut

1543 1784 1622 1837 lx
1645 1783 1760 1837 init.
1781 1802 1896 1852 spes
1914 1785 2197 1847 enoidt’osas
2227 1779 2309 1835 vel
2331 1778 2558 1849 denique

1542 1881 1659 1933 quae
1677 1862 1800 1917 odio
1821 1863 2273 1933 prosequebantur
2293 1861 2528 1913 victores.

1618 1945 1731 2008 415.
1777 1946 2051 2014 Astyanax
2081 1982 2094 2002 ,
2144 1939 2389 2010 parvulus
2426 1938 2562 1991 fitius

1547 2019 1793 2072 Hectoris
1814 2058 1828 2085 ‚
1861 2020 2073 2073 consilio
2102 2029 2154 2071 et
2177 2037 2340 2070 manu
2362 2015 2563 2086 Ulyssis

1539 2105 1775 2160 mittitur,
1812 2100 2194 2170 precipitatur,
2234 2099 2301 2150 de
2331 2097 2562 2150 turribus

1542 2179 1789 2245 Troianis
1809 2216 1824 2242 ,
1863 2180 1982 2246 quia
2022 2178 2328 2229 metuebant
2353 2175 2522 2229 Graeci
2545 2214 2560 2238 ‚

1540 2273 1609 2307 ne
1629 2255 1842 2322 quando
1858 2274 2081 2324 regnum
2103 2254 2397 2321 Troianum
2417 2252 2562 2304 resti·

1539 2341 1745 2394 tueret;
1775 2331 1975 2383 Arctin.
1997 2351 2043 2400 p.
2060 2332 2155 2393 38;
2185 2330 2404 2383 Lescbes
2422 2328 2560 2398 apud

1540 2410 1855 2464 Pausaniam
1868 2448 1883 2474 ‚
1899 2431 1948 2479 p.
1964 2411 2053 2462 861
2075 2430 2088 2472 ;
2110 2407 2345 2477 Euripid.
2363 2407 2558 2462 Troad.

1543 2507 1640 2559 7²0
1659 2528 1673 2554 ‚
1697 2498 1750 2541 et
1778 2489 1891 2541 Act.
1911 2489 1974 2541 V.
1991 2516 2058 2528 —
2085 2489 2229 2539 Unde
2249 2491 2415 2539 videte
2431 2490 2560 2539 sole-

1540 2572 1633 2621 bat
1655 2578 1750 2621 etc.
1774 2566 1891 2620 vide
1918 2565 1982 2619 ad
2008 2565 2179 2630 VIII,
2210 2585 2286 2617 αι.
2316 2563 2563 2618 Consue-

1542 2643 1672 2699 tudo
1688 2645 1759 2697 ibi
1782 2655 1963 2698 notata
1974 2645 2223 2714 suggessit
2240 2663 2336 2713 poe
2344 2655 2407 2699 tae
2420 2662 2560 2698 com·

1541 2721 1757 2775 modam
1769 2722 1904 2775 banc
1916 2721 2452 2775 circumlocutionem.
2463 2722 2564 2775 Ex·

1541 2801 1726 2872 pressit
1749 2801 2007 2855 Nostrum
2021 2800 2223 2855 Seneca
2241 2841 2255 2867 ‚
2276 2800 2471 2854 Troad.
2487 2820 2561 2854 vs.

1549 2881 2032 2950 1065-1072.—Pe0
2045 2900 2101 2934 se
2120 2890 2176 2935 et
2192 2880 2255 2933 ad
2271 2881 2561 2935 Hectorem

1542 2970 1602 3013 et
1630 2958 1701 3011 ad
1730 2960 2039 3032 Astyanacta
2072 2959 2259 3013 referri
2297 2970 2562 3029 potest.—

1542 3040 1785 3094 Proam'ta
1812 3080 1825 3102 ,
1865 3059 1981 3109 quae
2022 3039 2111 3093 diu
2130 3040 2241 3093 ·sub
2278 3040 2565 3107 majoribus

1543 3118 1649 3172 suis
1677 3117 1968 3172 floruerant
1992 3157 2007 3183 ,
2043 3117 2275 3188 adeoque
2303 3118 2565 3171 carissima

1544 3216 1653 3251 esse
1679 3195 1942 3250 debebant
1964 3196 2185 3249 Hectori
2210 3215 2223 3249 z
2245 3196 2379 3248 bene
2403 3197 2564 3248 etiam

1544 3275 1613 3328 ad
1630 3274 1884 3348 ‘affectum
1909 3314 1923 3340 ‚
1944 3280 2282 3327 ‘monstratam
2305 3294 2340 3325 a
2372 3285 2527 3327 mam·
2547 3291 2567 3337 ,·

1544 3358 1663 3412 talia
1707 3376 1817 3410 non
1863 3355 2007 3409 facile
2044 3355 2258 3424 negligit
2292 3355 2565 3422 ingenium

1548 3434 1730 3489 Ovidii
1756 3454 1769 3487 ε
1800 3432 2209 3488 Andromachen
2240 3442 2416 3484 autem
2442 3450 2565 3485 cum

1550 3514 1867 3585 Astyanacte
1911 3519 2162 3580 spectasse
2200 3520 2495 3579 pugnantes
2536 3529 2567 3563 e

1549 3593 1681 3646 turri
1698 3631 1713 3657 ‚
1737 3600 1959 3645 testatur
1978 3590 2246 3641 Homerus
2264 3628 2279 3654 ,
2306 3589 2365 3643 lt.
2384 3600 2418 3643 Z
2432 3629 2447 3653 ,
2468 3589 2565 3658 37²

1548 3669 1730 3727 et386.
1744 3695 1809 3709 —
1819 3668 1927 3721 Pro
1938 3685 2092 3734 mgna
2104 3676 2334 3729 tuentem,
2353 3666 2476 3735 quid
2482 3686 2568 3719 am

1547 3767 1700 3814 regna
1719 3754 1978 3799 tenentem.

1617 3824 1731 3889 418.
1762 3825 1937 3886 Viam,
1969 3822 2574 3892 navigationem.—Saa-

1550 3902 1661 3964 det,
1701 3910 1885 3953 monet
1908 3938 1924 3965 ,
1950 3910 2010 3953 ut
2042 3919 2201 3954 naves
2228 3899 2468 3967 solvant:
2503 3899 2573 3952 sic

1553 3981 1804 4050 Virgilius
1818 4020 1832 4047 ,
1851 3980 1975 4034 AEn.
1991 3982 2073 4046 11,
2089 4001 2124 4052 9
2136 4021 2149 4045 ‚
2167 3984 2476 4047 suadentque
2489 3999 2572 4032 ca·

1552 4062 1727 4112 dentia
1738 4061 1908 4111 sidera
1921 4078 2123 4112 somnos
2133 4079 2148 4111 .·
2159 4058 2248 4113 sed
2262 4059 2341 4111 Bu
2349 4077 2574 4111 rmanno

1555 4136 1848 4207 elegantior
1868 4139 2026 4191 etiam
2056 4138 2265 4191 videtur
2287 4139 2443 4192 unius
2459 4137 2573 4192 cod.

1554 4213 1826 4269 Leidensis
1847 4216 2001 4271 lectio
2016 4254 2031 4282 ,
2052 4224 2186 4270 viam
2203 4219 2436 4285 spondet,
2461 4235 2576 4286 pro·

1556 4294 1718 4349 mittit
1744 4308 2054 4365 prosperum
2073 4297 2581 4351 minume-Navita
