3185 5138
685 502 809 594 176

1227 505 1305 568 P.
1375 498 1730 572 OVIDII
1785 503 2235 575 NASONIS

671 643 783 715 An
817 642 1115 738 genuisse
1150 640 1307 715 velit
1341 643 1798 745 Propoetidas;
1830 646 2079 720 abnuat
2110 649 2295 745 aeque
2319 704 2339 735 ,

672 759 897 857 Atque
929 755 1079 830 illos
1102 813 1120 844 ,
1158 758 1420 853 gemino
1460 760 1789 861 quondam
1831 762 2074 863 quibus
2108 792 2339 863 aspera
2371 793 2584 840 cornu

670 874 881 947 Frons
912 891 1089 962 erat;
1123 874 1297 948 unde
1333 875 1528 948 etiam
1562 905 1801 953 nomen
1838 896 2087 951 traxere
2125 881 2429 955 Cerastae.

669 991 847 1063 Ante
882 989 1056 1064 sores
1091 990 1330 1063 horum
1367 992 1586 1065 stabat
1620 993 1809 1066 Jovis
1847 994 2150 1094 Hospitis
2181 1025 2326 1084 ara,

669 1106 1004 1202 Lugubris
1038 1105 1297 1181 sceleris
1327 1136 1342 1180 ε
1374 1136 1569 1207 quam
1604 1108 1659 1181 si
1698 1109 1845 1210 quis
1882 1110 2199 1204 sanguine
2235 1112 2505 1186 tinctam

2694 1135 2798 1186 225

672 1222 945 1294 Advcna
982 1220 1292 1310 vidisset,
1328 1240 1647 1296 mactatos
1678 1223 1970 1297 crederet
2001 1224 2139 1297 illic

672 1339 1020 1411 Lactentes
1056 1336 1334 1427 vitulos,
1367 1339 1944 1415 Amathusiacasve
1979 1341 2327 1417 bidentes:

671 1455 940 1554 Hospes
976 1441 1113 1527 erat
1146 1482 1349 1527 caesus
1385 1484 1400 1527 ε
1437 1456 1637 1529 sacris
1674 1456 1928 1530 offensa
1961 1456 2262 1531 nefandis
2291 1514 2309 1546 ‚

674 1570 827 1670 Ipsa
863 1598 1013 1643 suas
1046 1570 1247 1643 urbes
1270 1627 1289 1658 ,
1331 1571 1792 1672 Ophiusiaque
1828 1602 1978 1646 arva
2012 1574 2288 1672 parabat

673 1688 988 1760 Deserere
1025 1686 1191 1761 alma
1227 1690 1454 1761 Venus
1489 1719 1504 1760 ε
1544 1722 1577 1753 «
1614 1689 1743 1761 Sed
1782 1689 1939 1789 quid
1972 1688 2114 1763 loca
2152 1707 2367 1786 grata,
2399 1688 2558 1791 quid
2594 1688 2798 1762 urbes

675 1804 1031 1877 Peccavere
1068 1805 1274 1876 meae?
1307 1802 1488 1903 quod
1525 1804 1769 1878 crimen
1791 1860 1809 1891 ,
1848 1805 2051 1892 dixit,
2082 1805 2152 1877 in
2182 1804 2365 1878 illis?

2699 1825 2790 1877 231

674 1920 929 1994 Exsilio
965 1948 1226 2021 poenam
1260 1919 1488 2019 potius
1528 1947 1690 2014 gens
1721 1920 1925 2021 impia
1958 1921 2242 2024 pendat,

675 2090 904 2144 delectus
918 2109 979 2144 ex
991 2089 1327 2159 sequentibus
1343 2112 1356 2155 ;
1381 2093 1598 2142 abnuere
1613 2101 1690 2145 est

676 2170 895 2222 verbum
919 2168 982 2221 ad
1007 2187 1137 2221 rem.
1165 2170 1264 2220 Ed.

745 2269 855 2300 222.
897 2250 1088 2314 Quibus
1120 2266 1301 2312 aspera
1329 2266 1483 2299 cornu
1502 2245 1655 2312 frons
1668 2287 1681 2308 ‚

679 2325 768 2394 qui
785 2345 981 2378 cornua
999 2325 1051 2376 in
1071 2325 1244 2378 fronte
1260 2324 1692 2393 gerebant—As-

667 2423 864 2470 perum,
903 2401 1157 2472 quidquid
1184 2401 1496 2455 eminentias
1521 2400 1691 2454 habet.

677 2482 792 2534 —A
810 2485 935 2550 κέρας
950 2480 1204 2533 dictisunt
1221 2487 1453 2554 repas-roei,
1467 2479 1691 2532 cornuti.

678 2560 977 2630 lpsainsula
996 2558 1130 2612 dicta
1146 2556 1372 2611 Cerastis
1386 2597 1400 2623 ‚
1414 2558 1559 2626 quia,
1578 2577 1692 2609 auc·

681 2649 792 2691 tore
815 2639 1093 2703 Xenagora
1116 2676 1130 2701 ‚
1173 2640 1311 2689 πολλὰ
1342 2639 1507 2710 κέρατα
1529 2674 1543 2700 ,
1574 2632 1693 2688 τοῦτ’

680 2720 778 2768 ἴστε
793 2719 953 2773 κὸλλᾶς
971 2717 1132 2780 ἕξθχᾶς
1148 2752 1162 2778 ,
1196 2719 1294 2779 ’ἔχει
1312 2751 1327 2777 ,
1359 2712 1478 2780 quia
1504 2711 1693 2763 multas

680 2793 992 2845 eminentias
1013 2830 1027 2857 ‚
1064 2791 1114 2843 id
1139 2803 1214 2845 est
1235 2832 1250 2858 ‚
1291 2791 1652 2860 promontoria
1675 2828 1689 2853 ‚

680 2872 918 2924 habebat.
944 2870 1092 2923 Adde
1112 2870 1363 2939 Stephan.
1382 2870 1438 2922 in
1455 2869 1554 2922 hoe
1570 2888 1695 2921 ver-

680 2953 824 3004 bum.
851 2952 994 3004 Hinc
1017 2961 1136 3002 nata
1158 2950 1342 3002 sabula.

750 3034 860 3096 224.
897 3032 1095 3095 Hospes
1118 3069 1130 3089 ,
1179 3027 1440 3096 hospitalis
1460 3066 1474 3092 ,
1518 3032 1673 3095 ξένιος,

679 3108 829 3177 cujus
851 3107 905 3160 in
932 3105 1093 3160 tutela
1112 3105 1339 3174 hospites
1361 3115 1537 3166 erant;
1568 3104 1693 3158 Vir-

682 3187 830 3257 gilius
855 3186 977 3237 AEn.
1005 3186 1028 3239 1
1049 3225 1063 3251 ‚
1091 3184 1201 3254 73¹-
1222 3211 1288 3223 —
1314 3185 1558 3251 Lugubres
1581 3201 1696 3236 sce-

682 3273 799 3320 leris
822 3266 1096 3336 plerosque
1122 3263 1342 3317 offendit
1371 3264 1692 3333 interpretes.

682 3345 842 3399 Multi
868 3343 1063 3397 habent
1082 3345 1359 3408 e'nlugubre's
1378 3383 1389 3403 ‚
1411 3353 1499 3395 aut
1513 3346 1692 3410 illaqu-

683 3430 786 3478 bris
804 3465 816 3484 ‚
844 3434 898 3477 et
913 3441 1008 3491 pro
1024 3425 1226 3474 sceleris
1240 3462 1252 3482 ,
1280 3424 1455 3473 celeris
1467 3461 1478 3481 ‚
1513 3424 1689 3482 celeri,

681 3499 1121 3557 sceleri—Codex
1146 3498 1341 3568 Regius
1364 3500 1429 3566 A,
1446 3501 1697 3567 lugubris

683 3585 887 3638 sceleris
921 3590 973 3632 et
1003 3578 1065 3632 ad
1100 3577 1454 3646 marginem-av
1467 3577 1696 3630 secunda

683 3679 846 3713 manu
862 3661 929 3715 ΙΙ,
954 3667 1012 3709 ut
1025 3644 1115 3709 fia’t
1135 3659 1416 3723 Illagubre's.
1433 3653 1613 3708 Codex
1629 3656 1693 3721 B,

683 3741 954 3806 Illugubres
970 3740 1205 3798 sceler13·‚·
1224 3733 1314 3788 sed
1329 3734 1477 3786 male.
1498 3733 1602 3786 Hic
1618 3733 1698 3784 lo-

682 3838 773 3872 cus
790 3815 1070 3870 mendosus
1087 3853 1102 3880 ‚
1121 3822 1172 3865 et
1189 3812 1339 3865 variis
1352 3821 1560 3864 vexatus
1576 3830 1697 3864 con·

681 3896 908 3968 jecturis.
925 3897 1030 3947 Ed.
1053 3922 1118 3933 —
1142 3893 1388 3945 Heinsius
1413 3890 1688 3957 emendat,

680 3977 885 4028 e'lekibas
901 3975 1141 4033 celebris‚·
1165 3968 1492 4038 Schepperus
1508 4008 1522 4034 ,
1547 3969 1698 4021 cedi-

683 4057 776 4104 bus
797 4055 1044 4113 illustres5
1076 4050 1412 4102 Burmannus
1435 4086 1449 4112 ,
1474 4049 1696 4113 lugubres

696 4131 899 4190 Veneri,
945 4127 1066 4196 quia
1099 4126 1184 4179 illa
1217 4125 1462 4178 abhorret
1500 4144 1527 4175 a
1562 4142 1695 4176 san—

688 4204 842 4273 guine
861 4202 914 4257 et
929 4205 1081 4257 sacris
1095 4202 1346 4256 nefandis.
1367 4201 1696 4255 Schiraehius

688 4291 865 4334 autem
879 4282 1138 4350 vulgatam
1160 4291 1364 4347 tuetur,
1384 4298 1604 4348 eamque
1626 4279 1695 4331 ita

1785 2090 1921 2159 capit
1948 2109 1959 2143 t
1984 2100 2035 2143 at
2059 2089 2142 2143 illa
2166 2101 2277 2144 erat
2303 2109 2390 2144 ara
2414 2090 2645 2160 lugubris
2664 2131 2678 2156 ,
2710 2110 2796 2143 ara

1785 2169 2004 2222 sceleris.
2019 2170 2203 2239 Neque
2222 2171 2369 2223 aliter
2386 2170 2496 2224 hoec
2511 2170 2668 2241 accipi
2687 2190 2799 2240 pos-

1784 2257 1907 2299 sunt
1928 2287 1943 2313 ,
1971 2246 2011 2299 si
2038 2246 2190 2301 lectio
2213 2266 2429 2301 sana.—
2451 2249 2797 2302 Amathusia-

1785 2325 2106 2378 caseaUnus
2117 2325 2798 2381 LeidensisAmalhusiades·

1786 2419 1909 2470 quc-5
1929 2401 2180 2456 Heinsius
2190 2402 2314 2472 legit
2327 2404 2798 2457 Amathusiadasve.

1786 2507 1851 2520 --
1876 2479 2026 2552 Regii
2063 2480 2230 2533 nostri
2274 2482 2759 2552 Amathusiacasque
2780 2502 2795 2534 .·

1788 2579 1886 2612 nec
1912 2557 2129 2612 dubium
2154 2559 2281 2628 quin
2311 2558 2598 2630 copulativa
2627 2581 2719 2630 que
2742 2562 2797 2614 in

1788 2635 1888 2690 hoc
1916 2655 2067 2690 versu
2087 2677 2102 2703 ‚
2134 2637 2266 2691 sicut
2300 2647 2353 2691 et
2381 2658 2537 2707 supra
2562 2640 2615 2691 in
2648 2659 2800 2694 versu

1790 2733 1884 2767 202
1901 2754 1915 2781 ,
1935 2715 2105 2784 recepi
2129 2725 2301 2784 queat.
2319 2718 2717 2769 Amathuseiacas
2731 2721 2801 2769 bi·

1788 2795 1962 2845 denies
1982 2813 1998 2844 :
2026 2790 2245 2865 Cyprias
2268 2812 2416 2856 oves;
2443 2813 2567 2847 nam
2592 2791 2802 2866 Cyprus

1789 2868 2100 2923 Amathusia
2117 2869 2275 2922 etiam
2296 2870 2395 2923 suit
2418 2871 2683 2940 appellata.
2697 2873 2798 2923 Ed.

1856 2966 1966 3018 229.
1991 2949 2112 3012 Ipsa
2148 2965 2273 3000 suas
2303 2951 2459 3001 urbes.
2494 2949 2676 3000 Venus
2704 2966 2799 3016 per

1790 3046 1975 3080 omnes
1998 3026 2163 3099 Cypri
2179 3032 2323 3081 urbes
2339 3027 2529 3096 templa
2546 3026 2768 3080 habebat
2780 3067 2797 3092 ,

1788 3106 1962 3175 ibique
1982 3105 2219 3175 inprimis
2235 3106 2513 3159 colebatur.
2550 3105 2691 3158 Hinc
2704 3107 2799 3158 Di-

1790 3192 2039 3250 eapotens
2060 3187 2107 3237 C
2094 3185 2452 3255 ypre'Horatd
2468 3222 2483 3250 ,
2507 3181 2614 3235 Od.
2631 3199 2699 3235 111
2715 3222 2731 3248 ,
2756 3204 2800 3236 ι.

1797 3263 2044 3328 Opht‘use'a
2064 3262 2189 3315 olim
2212 3263 2345 3316 dicta
2367 3260 2575 3334 Cyprus
2597 3262 2664 3315 ob
2686 3281 2802 3315 ser-

1791 3339 2027 3408 pentium
2054 3340 2465 3394 multitudinem.
2486 3340 2606 3393 Vid.
2626 3341 2806 3410 Span-

1791 3416 1932 3471 hem.
1951 3420 2014 3472 ad
2037 3419 2300 3489 Aristoph.
2320 3421 2457 3474 Plut.
2475 3440 2524 3490 p.
2544 3441 2651 3491 7¹7·
2666 3421 2804 3473 Bur-

1792 3517 1991 3552 manno
2017 3508 2191 3552 autem
2211 3518 2396 3568 parum
2414 3500 2579 3569 placet
2598 3499 2801 3569 vulgata

1793 3577 1944 3631 lectio
1970 3578 2046 3631 :is
2082 3578 2240 3647 igitur
2277 3578 2357 3631 vel
2401 3598 2524 3632 cum
2558 3598 2666 3632 uno
2697 3578 2800 3631 MS

1791 3656 1915 3725 legit
1935 3695 1948 3722 ,
1984 3658 2104 3722 Ipsa
2135 3674 2261 3708 suas
2286 3660 2433 3709 sedes
2463 3657 2489 3728 (
2514 3675 2637 3710 nam
2660 3660 2804 3709 sedes

1792 3732 2033 3786 Deorum
2058 3744 2180 3786 sunt
2206 3733 2317 3787 loca
2343 3773 2359 3800 ,
2401 3734 2490 3787 nbi
2519 3732 2801 3802 coluntur)

1791 3811 1870 3862 vel
1892 3849 1906 3875 ,
1934 3813 2055 3876 Ipsa
2082 3830 2205 3863 suas
2225 3814 2370 3863 edes.
2406 3810 2579 3864 Causa
2606 3830 2803 3865 emen-

1794 3886 1950 3939 dandi
1978 3889 2073 3940 suit
2096 3887 2207 3942 baec
2226 3926 2240 3953 ,
2273 3888 2394 3957 quia
2418 3907 2539 3941 mox
2561 3909 2668 3958 seq.
2688 3892 2815 3957 qaid

1791 3968 1961 4027 urbes,
1992 3984 2108 4035 quae
2132 3966 2374 4034 repetitio
2394 3965 2442 4018 ei
2470 3985 2578 4018 non
2606 3967 2802 4036 placet,

1794 4044 1912 4111 quia
1937 4053 2061 4097 tunc
2086 4054 2137 4097 et
2158 4063 2281 4096 arra
2301 4043 2588 4113 repetenda
2605 4053 2803 4107 essent,

1795 4140 1956 4189 quum
1973 4140 2114 4175 nunc
2125 4127 2240 4175 loca
2245 4130 2395 4189 grata
2408 4121 2680 4190 dicatque
2696 4131 2800 4172 tam

1793 4199 1985 4269 templa
2005 4240 2020 4266 ‚
2050 4219 2207 4268 quam
2241 4200 2397 4253 urbes
2427 4210 2480 4253 et
2513 4219 2662 4262 arva,
2692 4215 2805 4249 no-

1794 4288 1902 4332 tare
1917 4290 2146 4348 possunt.
2166 4279 2281 4350 Ego
2293 4298 2422 4334 vero
2436 4277 2675 4347 iniquum
2691 4292 2802 4326 esse
