3185 5138
699 519 786 580 80
1254 516 1330 579 P.
1394 513 1753 584 OVIDII
1804 512 2255 583 NASONIS

694 656 909 754 Inque
944 651 1152 726 vicem
1187 651 1381 728 fulvae
1415 672 1598 729 tactu
1629 654 1921 728 flavescit
1953 682 2161 728 arenae
2191 684 2208 728 :

698 770 791 841 Et
814 768 1015 842 modo
1051 768 1363 844 cervicem
1384 826 1405 858 ,
1437 770 1640 843 modo
1670 798 1861 845 crura
1886 770 2192 844 micantia
2226 787 2449 871 captat
2468 826 2489 859 ‚

699 885 839 957 Aut
873 901 1131 985 captare
1165 902 1361 985 putes
1381 941 1402 973 ,
1440 886 1757 986 omnique
1791 914 1828 959 a
1860 903 2045 985 parte
2079 884 2339 960 lacessit
2368 917 2386 960 ε

697 1000 811 1073 Me
842 1029 986 1074 mea
1021 1000 1313 1075 defendit
1345 1002 1630 1097 gravitas
1651 1057 1670 1089 ‚
1701 1001 2074 1103 frustraque
2106 1003 2382 1102 petebat
2420 1031 2436 1074 ε

699 1115 898 1189 Haud
928 1144 1119 1190 secus
1153 1145 1227 1190 ac
1261 1115 1502 1204 mole8‚
1538 1145 1734 1218 quam
1770 1145 2010 1214 magno
2044 1146 2379 1191 murmure
2411 1117 2653 1192 fluctus
2758 1138 2828 1207 4ο

698 1231 1153 1330 Oppugnant;
1190 1249 1412 1306 manet
1442 1231 1551 1310 illa
1573 1289 1591 1322 ,
1630 1260 1885 1333 suoque
1921 1250 2021 1305 est
2053 1233 2347 1333 pondere
2384 1250 2545 1306 tuta.

697 1347 1126 1443 Digredimur
1155 1347 1467 1448 paulum,
1504 1378 1901 1450 rursumque
1937 1349 2020 1423 ad
2052 1348 2229 1424 bella
2263 1349 2559 1437 coimus;

698 1553 858 1609 reret,
874 1562 1042 1613 eoque
1055 1544 1395 1599 induceretur
1408 1545 1539 1598 cutis
1552 1566 1565 1606 ;
1584 1564 1712 1597 narn

697 1622 770 1674 sic
793 1641 857 1675 eo
887 1623 1084 1676 facilius
1106 1623 1427 1678 adversarius
1448 1624 1565 1693 capi
1602 1643 1713 1692 po-

699 1711 848 1753 terat.
865 1701 986 1754 Hoc
998 1701 1112 1755 loco
1128 1701 1270 1754 nulla
1284 1701 1548 1755 unctionis
1567 1720 1713 1753 men-

700 1782 856 1833 tio.—-
864 1781 1121 1831 I¹7aaesci1
1134 1819 1148 1840 ‚
1176 1778 1398 1831 verbum
1414 1777 1675 1831 delectum
1694 1817 1708 1845 ,

700 1860 821 1929 quia
845 1876 1005 1911 arena
1027 1856 1177 1909 flava.
1205 1856 1384 1909 Etiam
1414 1855 1670 1910 Martialis
1693 1896 1709 1923 ,

701 1937 838 2001 VII,
877 1936 1142 2005 Epigram.
1166 1950 1291 1986 vax
1307 1973 1322 1999 ,
1349 1936 1378 1986 5
1404 1972 1419 1999 ,
1438 1936 1715 2001 flavescere

697 2019 874 2083 haphe.
893 2015 1098 2083 Nempe
1115 2015 1307 2080 haphe,
1340 2011 1535 2065 Grecis
1549 2052 1564 2078 ‚
1587 2013 1679 2081 ciffi
1694 2052 1710 2079 ,

702 2106 864 2149 tactus
885 2093 1128 2164 pulveris.
1173 2091 1310 2144 Vide
1334 2090 1665 2144 Gronovium
1695 2130 1709 2157 ,

702 2176 924 2229 Observ.
944 2173 1028 2227 III
1048 2213 1062 2240 ,
1087 2175 1148 2226 18
1161 2212 1175 2239 ,
1203 2172 1293 2241 qui
1309 2172 1467 2225 etiam
1483 2170 1712 2224 hocloco

700 2264 880 2307 tuetur
894 2259 1035 2304 lacta
1046 2271 1062 2303 .·
1076 2250 1219 2319 quod
1234 2249 1377 2303 idem
1394 2248 1713 2302 Hermolaus

701 2332 766 2385 ad
789 2331 1022 2385 Plinium
1045 2369 1061 2397 ‚
1087 2329 1359 2381 Hist.Nat.
1379 2327 1678 2381 XXXVIII
1694 2367 1710 2394 ,

706 2435 798 2481 10,
823 2411 1147 2483 agnoscebat.
1180 2409 1345 2462 Recte
1372 2448 1387 2475 ,
1430 2408 1529 2460 suit
1567 2407 1712 2461 enim

700 2497 791 2561 ἁφὴ
814 2533 829 2560 ,
873 2499 1070 2554 tactas,
1102 2489 1323 2542 verbum
1346 2487 1619 2558 proprium
1646 2486 1711 2539 de

697 2576 793 2627 hac
830 2573 1055 2642 pulveris
1089 2569 1436 2641 adspersione.
1486 2567 1547 2623 Id
1585 2588 1713 2639 ergo

699 2650 951 2704 revocavi.
977 2648 1157 2702 Barth.
1164 2650 1318 2716 jactu
1342 2645 1712 2717 reponendum

698 2728 936 2792 censuit,
979 2725 1118 2794 quod
1160 2735 1213 2777 et
1254 2726 1540 2794 praeserunt
1583 2722 1714 2776 alter

700 2804 993 2873 Hamburg.
1012 2801 1404 2871 Rottendorph.
1415 2811 1470 2853 et
1483 2811 1587 2854 tres
1604 2800 1686 2853 alii
1703 2819 1716 2852 ι

701 2881 824 2934 inde
854 2880 1051 2949 recepit
1074 2879 1355 2943 Heinsius,
1393 2878 1712 2945 approbante

700 2959 1028 3011 Burmanno.
1051 2954 1158 3008 Sed
1182 2955 1235 3007 in
1259 2955 1380 3007 locis
1404 2954 1469 3006 ab
1492 2953 1714 3006 Heinsio

699 3047 755 3091 et
775 3037 1089 3089 But-manno
1114 3033 1302 3098 allatis,
1326 3033 1382 3085 in
1402 3031 1588 3101 quibus
1606 3031 1716 3098 jac-

702 3126 783 3169 tus
799 3112 1025 3183 pulveris
1040 3120 1489 3165 commemoratur
1504 3148 1518 3175 ,
1539 3127 1713 3161 sermo

700 3213 811 3247 non
837 3202 915 3246 est
939 3190 1003 3244 de
1027 3188 1379 3243 luctatoribus.
1403 3187 1552 3255 Regii
1577 3206 1713 3239 nos—

699 3273 766 3325 tri
791 3271 989 3324 habent
1009 3276 1150 3321 tacta
1163 3308 1177 3331 ,
1203 3265 1344 3336 quod
1362 3265 1567 3318 videtur
1587 3285 1713 3319 rec—

701 3351 833 3404 tum.
865 3351 964 3402 Ed.

764 3429 844 3495 37.
873 3428 1031 3479 Crura
1058 3427 1300 3477 micantia
1323 3422 1537 3476 Sasstius
1558 3424 1714 3476 vertit

695 3504 1270 3574 glaeazendeSchenkcl.
1289 3499 1394 3565 Sed
1413 3500 1552 3553 unde
1569 3520 1716 3555 nunc

699 3584 783 3636 ille
797 3582 1073 3653 splendor?
1091 3583 1202 3636 Nec
1216 3581 1454 3634 membra
1465 3580 1544 3634 vel
1557 3581 1713 3633 maxi·

700 3682 788 3719 me
812 3663 930 3715 oleo
946 3672 1104 3717 uncta
1117 3661 1263 3715 facile
1279 3661 1552 3730 quisquam
1569 3659 1715 3712 dixe-

699 3742 768 3794 rit
792 3745 1050 3793 me'canlia.
1091 3738 1275 3808 Itaque
1311 3743 1554 3791 micantia
1589 3748 1715 3791 sunt

700 3818 941 3873 celeriter
971 3826 1114 3869 mota
1134 3838 1147 3879 ς
1187 3815 1302 3869 talis
1351 3816 1495 3868 enim
1538 3827 1714 3869 motus

700 3896 799 3949 suit
814 3896 869 3948 in
887 3894 1082 3947 artibus
1106 3892 1412 3963 palaestricis.
1429 3892 1680 3962 Virgilius
1696 3932 1711 3958 ‚

703 3971 914 4025 AEneid.
941 3972 1009 4038 V,
1037 3971 1168 4038 430,
1196 3971 1250 4023 in
1274 3980 1456 4024 caestus
1473 3969 1714 4039 descrip-

702 4048 844 4101 tione
868 4068 881 4102 :
906 4051 1001 4101 Ille
1021 4052 1204 4116 pedum
1235 4051 1409 4100 melior
1435 4055 1570 4101 motu
1587 4089 1601 4110 ,
1632 4051 1715 4101 Μι-

699 4130 928 4179 membris
948 4135 1000 4179 et
1018 4131 1147 4179 mole
1169 4130 1344 4180 valens
1357 4166 1372 4189 ‚
1406 4145 1509 4195 qua
1533 4137 1585 4180 et
1606 4127 1712 4196 ipse

704 4202 905 4256 valebat
929 4203 1218 4270 Achelous,
1237 4224 1368 4257 vers.
1393 4205 1474 4277 39.
1494 4204 1565 4258 Et
1578 4224 1715 4274 quo-

704 4281 848 4335 niam
891 4282 1150 4337 celeritate
1196 4282 1392 4351 pedum
1434 4285 1716 4357 effugiebat

1810 1546 2130 1614 captationes
2178 1544 2455 1598 adversarii
2486 1584 2502 1611 ‚
2544 1554 2825 1614 propterea

1811 1623 2079 1692 ingeniose
2105 1621 2248 1675 addit
2272 1661 2286 1689 ,
2327 1630 2420 1674 aa!
2439 1631 2643 1689 captare
2657 1632 2826 1688 pates.

1808 1703 2189 1762 —Tremeate‘a,
2220 1700 2362 1770 quod
2386 1699 2581 1753 habent
2598 1709 2827 1769 quatuor

1812 1777 1975 1831 MSS.
1995 1818 2010 1845 ,
2033 1778 2225 1830 scilicet
2243 1818 2259 1845 ,
2304 1776 2639 1829 Lovaniensis
2655 1817 2669 1838 ‚
2708 1775 2826 1827 Ar-

1811 1870 2014 1929 gentor.
2038 1859 2310 1913 Mediceus
2328 1869 2381 1912 et
2396 1859 2643 1924 Strouae,
2662 1856 2827 1926 glossa

1810 1963 1919 1996 esse
1943 1941 2164 1995 videtur.
2200 1945 2423 1995 Tra-mem
2442 1941 2584 1995 enim
2610 1939 2675 1992 de
2697 1957 2827 1991 cre-

1810 2022 1909 2074 bro
1932 2031 1987 2073 et
2022 2020 2174 2074 celeri
2210 2031 2359 2073 motu
2393 2019 2598 2072 dicitur.
2648 2017 2827 2070 Etiam

1820 2099 2113 2163 Homerus,
2146 2097 2253 2151 od.
2276 2108 2315 2152 Θ
2331 2136 2345 2164 ,
2375 2097 2468 2149 265
2486 2137 2501 2163 ,
2526 2096 2828 2149 celerrimos

1816 2186 1992 2229 motus
2021 2175 2320 2228 saltantium
2356 2184 2505 2228 vocat
2527 2175 2831 2249 μαρμαρυγὰς

1809 2260 1958 2307 ποδῶν
1972 2293 1985 2318 ,
2000 2258 2374 2306 coruscationes
2391 2293 2402 2310 .
2425 2256 2718 2304 mt‘cationcs
2733 2269 2832 2319 pe-

1809 2329 1955 2383 dum.
1980 2330 2295 2401 Metaphora
2325 2329 2465 2383 baud
2491 2328 2646 2381 dubie
2674 2347 2702 2380 a
2726 2346 2830 2380 ce-

1810 2408 1905 2462 leri
1930 2408 2061 2479 ignis
2084 2418 2232 2462 motu
2258 2407 2433 2482 petita.
2458 2406 2634 2459 Ambo
2660 2405 2831 2459 nostri

1810 2486 2179 2558 Regii‘habent
2206 2490 2464 2538 'mk-antia.
2484 2513 2551 2526 —
2574 2484 2687 2538 Au!
2700 2503 2830 2551 cap-

1808 2574 2109 2633 amputem
2134 2563 2463 2634 Schepperus
2482 2561 2592 2616 vult
2614 2561 2711 2632 legi
2728 2583 2831 2628 pa-

1808 2643 2253 2706 lat.—Lacess1't,·
2281 2640 2515 2709 quidam,
2537 2641 2675 2693 inter
2696 2658 2828 2708 quos

1810 2738 1947 2772 unus
1971 2719 2175 2772 Heinsii
2193 2758 2208 2784 ,
2237 2737 2350 2771 non
2371 2717 2578 2771 indocte
2589 2717 2797 2785 saliga!
2812 2737 2830 2768 .-

1812 2796 1911 2849 hoe
1924 2797 2069 2855 enim
2087 2797 2307 2850 verbum
2329 2797 2551 2850 omnino
2577 2797 2830 2865 frequen-

1813 2886 1922 2929 tare
1944 2915 1958 2943 ,
1993 2877 2178 2929 crebro
2217 2875 2409 2945 aliquid
2444 2877 2611 2929 facere
2632 2914 2646 2942 ,
2690 2886 2831 2929 trac-

1813 2965 1950 3023 tare,
1980 2974 2193 3009 movere
2218 2954 2486 3026 significat.
2519 2954 2675 3024 Apud
2697 2956 2831 3006 vir-

1811 3034 1989 3103 gilium
2008 3073 2023 3099 ,
2046 3032 2278 3101 satiffare
2296 3037 2456 3087 silvas
2476 3042 2661 3087 mnata
2675 3074 2688 3096 ‚
2715 3053 2828 3086 ει-

1805 3116 1911 3165 lum
1949 3117 2167 3167 clamore
2202 3124 2255 3166 et
2297 3113 2408 3166 alia.
2443 3142 2507 3153 —
2537 3116 2781 3167 Graas‘las
2803 3152 2819 3173 ,

1811 3192 1974 3245 moles
1988 3190 2548 3261 corporis—Defendit
2557 3210 2586 3243 a
2599 3190 2741 3260 lapsu
2749 3220 2827 3242 .—

1811 3272 1984 3323 Petere
2010 3279 2063 3322 et
2087 3268 2152 3322 de
2182 3269 2366 3323 ictibus
2396 3268 2741 3339 gladiatorum
2772 3279 2826 3322 et

1810 3346 1873 3399 de
1897 3346 2275 3415 captationibus
2290 3346 2599 3399 luctantium
2617 3345 2825 3400 dicitur.

1875 3428 1954 3490 4ο.
1980 3426 2142 3477 Hand
2151 3443 2297 3477 secus
2314 3444 2381 3477 ac
2402 3427 2559 3476 moles
2573 3441 2591 3489 ‚⁸
2614 3423 2715 3477 hoc
2730 3442 2828 3476 vo-

1809 3502 2053 3554 cabulum
2074 3542 2089 3567 ,
2114 3505 2269 3555 moles
2285 3544 2298 3565 ,
2324 3522 2430 3570 quo
2453 3502 2640 3572 Virgil.
2664 3522 2787 3556 usus
2807 3543 2824 3568 ,

1810 3579 2013 3649 peperit
2054 3578 2192 3632 haud
2236 3580 2391 3633 dubie
2428 3579 2827 3635 similitudinem

1809 3678 1915 3726 seq.
1935 3657 2042 3711 Nisi
2058 3658 2248 3711 Noster
2266 3659 2489 3728 respexit
2503 3656 2716 3711 AEneid.
2741 3661 2791 3713 X
2809 3698 2826 3724 ,

1810 3736 1942 3807 693,
1979 3735 2066 3788 ubi
2106 3734 2172 3788 de
2201 3736 2472 3790 Mezentio
2508 3747 2776 3807 pugnante
2809 3757 2824 3791 :

1809 3818 1906 3869 Ille
1924 3858 1937 3879 ,
1958 3820 2098 3870 velut
2116 3837 2264 3884 rupes
2275 3858 2288 3880 ,
2320 3827 2518 3870 vastam
2532 3837 2640 3886 que
2654 3820 2833 3884 prodit

1808 3900 1862 3945 ia
1891 3914 2058 3963 equor
2072 3935 2085 3958 ‚
2143 3898 2306 3947 Obvia
2344 3906 2604 3949 tentorum
2621 3896 2787 3964 funis·
2801 3937 2814 3955 ‚

1806 3982 2107 4042 expostaque
2118 3985 2276 4041 ponto
2306 3984 2405 4028 etc.
2430 3975 2613 4027 Manet
2628 4016 2641 4036 ,
2667 3984 2727 4026 ut
2753 3974 2779 4027 I
2807 4013 2824 4040 ‚

1812 4052 1923 4104 288.
1946 4080 2014 4092 —
2050 4053 2357 4120 oppugnant
2370 4071 2392 4119 ,·
2423 4051 2603 4106 Codex
2625 4052 2825 4121 Regius

1812 4131 1858 4183 A
1882 4170 1897 4198 ,
1934 4138 2198 4200 oppugnat.

1874 4210 1955 4274 4²·
1969 4211 2281 4276 Rarsamqae
2292 4210 2370 4261 ad
2378 4228 2398 4275 ,·
2423 4207 2607 4262 Codex
2629 4207 2827 4277 Regius

1810 4286 1857 4339 A
1879 4325 1896 4352 ,
1921 4305 2090 4340 rursus
2110 4289 2187 4339 ad
2198 4302 2217 4350 ,·
2251 4284 2430 4342 Codex
2456 4288 2500 4340 B
2523 4326 2538 4356 ‚
2563 4306 2827 4356 rursusque
