3185 5138
629 576 1711 646 METAMORPHosEoN
1771 579 2260 647 11111111.
2378 580 2511 674 3⁰9

2428 643 2451 674 A

373 720 588 792 Troas
618 717 702 791 ab
736 717 982 791 arsuris
1019 744 1170 790 cum
1203 715 1548 791 defensore
1584 715 1842 789 carinis.

376 834 640 907 Ausum
674 832 875 907 etiam
910 834 1238 906 Hectoreo
1272 831 1491 907 solum
1530 859 1918 906 concurrere
1950 832 2157 906 Marti

2420 854 2519 923 275

379 952 466 1026 Se
494 970 727 1054 putat,
771 948 1026 1025 oblitus
1056 950 1400 1052 regisque,
1435 949 1849 1051 ducumque,
1881 951 2175 1052 meique3

379 1072 618 1144 Nonus
649 1069 720 1141 in
756 1068 1112 1156 officiosa
1142 1067 1453 1169 praelatus
1488 1097 1758 1142 munere
1794 1069 2010 1142 sortis.

382 1186 514 1259 Sed
550 1202 766 1259 tamen
801 1202 1073 1257 eventus
1106 1201 1335 1286 vestrae
1357 1240 1376 1271 ,
1413 1183 1809 1271 fortissime,
1844 1212 2088 1284 puguae

341 1383 342 1386 Ἴ
382 1301 559 1398 Quis
586 1300 765 1374 suit?
796 1301 1053 1374 Hector
1083 1299 1225 1374 abit
1258 1298 1542 1374 violatus
1575 1298 1841 1374 vulnere
1868 1299 2079 1374 nullo,

380 1418 498 1506 Me
535 1416 884 1490 miserum!
925 1433 1177 1517 quanto
1216 1445 1421 1511 cogor
1449 1417 1827 1491 meminisse
1859 1416 2087 1490 dolore
2422 1438 2522 1488 280

380 1535 730 1636 Temporis
761 1533 981 1623 illius,
1016 1563 1152 1636 quo
1172 1590 1190 1623 ,
1234 1535 1507 1609 Graium
1539 1564 1770 1609 murus
1791 1591 1811 1623 ,
1845 1532 2147 1608 Achilles

382 1648 794 1722 Procubuit!
829 1676 952 1722 nec
983 1676 1089 1721 me
1123 1646 1458 1749 lacrymae,
1493 1646 1850 1750 luctusque
1871 1705 1891 1737 ,
1930 1649 2205 1722 timorve

382 1760 760 1835 Tardarunt
786 1816 805 1847 ,
843 1762 1006 1862 quin
1037 1790 1284 1862 corpus
1311 1762 1517 1835 humo
1555 1761 1837 1837 sublime
1871 1763 2198 1836 referrem.

388 1875 515 1948 His
549 1875 843 1949 humeris
863 1931 883 1963 ,
917 1875 1062 1963 his,
1096 1875 1370 1977 inquam
1395 1934 1414 1965 ,
1449 1876 1742 1951 humeris
1776 1905 1901 1972 ego
1938 1905 2183 1978 corpus
2208 1872 2492 1948 Achillis

388 1989 481 2063 Et
514 1985 711 2062 simul
747 2016 924 2063 arma
953 1989 1120 2078 tuli,
1155 2018 1302 2090 quae
1333 2018 1514 2064 nunc
1548 2018 1818 2092 quoque
1851 1990 2020 2065 ferre
2053 1989 2311 2065 laboro.

2427 2008 2525 2062 235

389 2108 565 2180 Sunt
595 2106 802 2196 mihi,
841 2136 986 2209 quae
1022 2103 1281 2183 valeant
1312 2109 1380 2182 in
1415 2108 1570 2183 talia
1602 2108 1902 2211 pondera
1925 2166 1945 2198 ,
1981 2110 2191 2183 vires:

390 2228 518 2299 Est
549 2225 806 2299 animus
838 2243 1092 2300 vestros
1125 2244 1297 2301 certe
1334 2255 1648 2302 sensurus
1681 2227 1987 2302 honores,

395 2340 659 2415 Scilicet
691 2339 938 2413 idcirco
974 2370 1099 2441 pro
1133 2359 1336 2436 gnato
1368 2339 1605 2415 caerula
1632 2357 1841 2414 mater

394 2533 516 2603 quia
543 2533 704 2603 armis
727 2531 941 2588 Achillis
967 2541 1133 2586 tectus
1160 2540 1266 2585 tam
1288 2531 1411 2585 sor-

394 2614 517 2666 titer
550 2614 848 2683 pugnabat,
886 2622 946 2665 ut
979 2614 1028 2665 Τ
1029 2612 1203 2681 rojani
1226 2612 1414 2666 existi-

305 2708 316 2715 ’
394 2702 604 2757 marent
629 2690 886 2744 Achillem
911 2689 1121 2743 rediisse
1161 2690 1216 2742 in
1249 2701 1414 2744 castra

395 2771 707 2825 Graecorum
725 2810 740 2836 ,
759 2770 1038 2840 fugamque
1055 2780 1412 2839 capesserent;

400 2849 461 2903 ll.
491 2859 530 2903 n
550 2888 565 2914 ,
606 2851 703 2903 280
730 2867 840 2917 sqq.
870 2876 938 2888 —
968 2850 1089 2900 Cum
1124 2847 1456 2914 definsare,

397 2927 500 2979 scil.
532 2926 707 2995 Ajace.
722 2954 791 2965 —
806 2928 1078 2979 Hectoreus
1094 2929 1242 2980 Mars
1257 2967 1270 2988 ,
1295 2926 1417 2994 quia

397 3003 608 3057 additur
628 3004 848 3056 verbum
872 3024 1183 3067 concurrere,
1206 3014 1283 3058 est
1308 3005 1415 3073 ipse

401 3083 604 3135 Hector
626 3100 880 3151 pugnans.
906 3082 1127 3136 Facilius
1145 3123 1160 3149 ,
1187 3102 1285 3136 nec
1304 3083 1416 3136 sine

402 3156 682 3229 gravitate,
716 3168 986 3211 certamen
1018 3159 1120 3212 hoc
1155 3159 1415 3229 singulare

403 3236 648 3289 Hectoris
701 3235 899 3289 dictum
955 3235 1093 3290 soret
1147 3239 1420 3290 Hectoreus

402 3315 547 3365 Mars
564 3355 578 3377 ‚
609 3313 675 3366 de
700 3332 807 3381 quo
829 3313 946 3367 vide
969 3313 1033 3366 ad
1061 3334 1191 3367 vers.
1217 3317 1277 3384 87
1310 3332 1420 3383 sqq.

404 3391 582 3461 Vulgo
605 3390 698 3461 (et
716 3392 770 3443 in
783 3390 960 3444 codice
978 3392 1061 3457 Β)
1089 3391 1278 3460 legitur
1289 3394 1422 3444 Hec-

402 3475 552 3522 toreis
566 3510 577 3522 .
595 3508 608 3520 .
624 3509 636 3521 .
651 3472 1104 3537 [Δίῃ-88313911(
1123 3473 1391 3537 ducumque
1403 3509 1418 3533 ‚

407 3549 779 3618 Agamemnon
805 3548 906 3603 κατ’
926 3553 1094 3617 ἕξεχὴν
1115 3547 1281 3601 dictus
1301 3569 1389 3600 rex
1403 3589 1418 3610 ‚

402 3646 492 3679 rex
511 3647 679 3695 meum
695 3668 708 3690 ,
741 3626 916 3681 caeteri
945 3646 1072 3680 vero
1092 3629 1259 3679 duces.
1283 3626 1423 3679 Vide

409 3705 692 3759 Heinsium
712 3746 728 3771 ,
753 3706 843 3775 qui
867 3705 1003 3758 hanc
1031 3703 1310 3758 lectionem
1329 3705 1427 3758 de-

408 3781 485 3833 dit
511 3802 608 3851 pro
622 3822 636 3849 ,
663 3786 911 3851 Begequue
933 3785 1182 3849 ducitque.
1197 3808 1265 3820 —
1279 3781 1343 3834 ln
1361 3800 1426 3834 eo

409 3860 578 3929 officio
605 3864 736 3930 Aiax
750 3903 764 3929 ‚
786 3862 1078 3917 secundum
1093 3862 1424 3928 Homerum,

413 3951 525 3993 erat
563 3943 746 3995 tertius
773 3982 788 4007 ,
829 3943 1045 4015 Ulysses
1085 3960 1211 3995 vero
1251 3960 1427 3995 nonus.

417 4017 584 4084 Igitur
612 4021 872 4073 mentitur
902 4040 1083 4073 rursus
1103 4059 1118 4085 ,
1161 4030 1221 4073 ut
1251 4018 1431 4072 detre-

414 4108 520 4150 ctet
545 4098 678 4151 sacta
707 4100 1224 4167 Aiacis.—Muneoe‚
1252 4100 1431 4154 bene-

415 4174 564 4240 ficio,
592 4194 790 4245 ope.—
821 4180 1032 4232 Vulnere
1054 4182 1194 4232 nullo
1217 4196 1237 4243 ‚⁰
1266 4180 1431 4232 immo

415 4266 467 4307 et
492 4255 636 4308 hasta
666 4265 719 4308 et
748 4255 919 4324 lapide
950 4258 1108 4312 misso
1131 4257 1432 4312 vulneratus

417 4344 494 4387 est
521 4334 584 4390 ab
610 4334 802 4402 Ajace3
833 4334 893 4389 ll.
916 4344 983 4404 11,
1011 4336 1108 4389 250
1124 4355 1236 4407 sqq.

1576 2535 1688 2588 281.
1719 2533 1899 2586 Murus
1918 2574 1931 2594 ,
1962 2530 2124 2586 tutela
2142 2571 2156 2597 ‚
2191 2528 2490 2602 presidium
2519 2547 2530 2582 :

1508 2611 1745 2664 solemne
1765 2611 1910 2663 enim
1928 2609 2119 2680 poetis,
2137 2609 2300 2662 heroa
2324 2607 2531 2659 virum-

1510 2708 1611 2757 que
1646 2688 1839 2741 sortem
1874 2708 2102 2749 murum,
2142 2697 2357 2747 latrem,
2406 2688 2529 2754 cly-

1501 2787 1653 2835 peum
1668 2776 1764 2820 etc.
1782 2785 1981 2819 vocare.
2001 2763 2368 2837 Αε11111εεῖρκος
2383 2763 2526 2816 Grae-

1512 2863 1731 2909 corum,
1752 2843 1811 2897 ll.
1836 2852 1909 2908 A,
1936 2846 2061 2910 2843
2095 2842 2227 2910 Aiax
2253 2847 2413 2916 aalma
2437 2858 2531 2892 eo-

1513 2921 1792 2985 rumdem‚
1830 2919 1937 2973 Od.
1969 2929 2046 2986 A,
2074 2922 2204 2973 555:
2233 2917 2350 2971 vide
2378 2918 2530 2971 Drar-

1511 2997 1667 3050 kenb.
1686 2996 1749 3049 ad
1770 2997 1863 3051 Sil.
1882 2997 2051 3063 xvl,
2087 2998 2168 3050 68.
2192 2999 2527 3055 —Sublime,

1513 3076 1773 3129 sublatum
1799 3076 1980 3129 humo.
1995 3104 2061 3116 ·-
2078 3079 2263 3144 Corpus
2286 3087 2339 3129 e!
2356 3090 2530 3137 arma5

1514 3154 1658 3207 sicet
1684 3152 1818 3223 apud
1844 3155 2034 3223 Quint.
2062 3154 2382 3219 Calabrum,
2408 3152 2531 3205 286:

1515 3223 1723 3291 Εσάωσα
1757 3233 1843 3287 o·'‘
1830 3245 1947 3302 ομῶς
1976 3259 2108 3301 -ευχι
2113 3259 2192 3288 ecc
2222 3238 2437 3287 flmbvroe.
2470 3258 2536 3270 —

1516 3315 1619 3365 llis
1631 3316 1846 3366 humeris
1866 3314 2087 3383 repetit,
2111 3313 2230 3381 quia
2254 3318 2535 3381 negaverat

1519 3391 1654 3459 Aiax
1673 3431 1687 3457 ‚
1719 3411 1902 3462 parem
1917 3409 2040 3444 eum
2054 3410 2162 3444 esse
2179 3389 2415 3443 ferendis
2432 3389 2539 3441 istis

1518 3470 1710 3524 armis:
1732 3471 1823 3523 sed
1848 3471 1953 3539 ipse
1974 3489 2154 3523 rursus
2172 3511 2187 3537 ,
2218 3467 2360 3537 quod
2384 3466 2540 3537 paulo

1520 3559 1644 3601 ante
1687 3548 1741 3601 in
1776 3549 1937 3618 Aiace
1962 3548 2346 3617 vituperaverat
2363 3585 2377 3611 ‚
2404 3545 2542 3598 solus

1520 3625 1824 3683 communia
1848 3637 2101 3695 occupat:
2131 3625 2249 3678 vide
2278 3623 2351 3693 Q.
2385 3624 2541 3677 Cala-

1521 3704 1679 3757 brum
1694 3744 1710 3769 ,
1729 3705 1814 3770 11,
1834 3705 1932 3771 384
1951 3743 1965 3769 ,
1983 3704 2069 3763 ubi
2085 3703 2240 3757 duces
2254 3701 2546 3757 communi·

1524 3795 1607 3837 ter
1623 3783 1880 3838 Achillem
1893 3804 1920 3837 e
1938 3783 2116 3853 praelio
2125 3779 2544 3850 reserunLApud

1526 3861 1757 3916 Antisth.
1772 3881 1819 3931 p.
1835 3863 1919 3929 53,
1929 3863 2057 3931 Aiax
2070 3880 2247 3931 corpus
2259 3860 2360 3914 sert
2374 3858 2544 3912 Achil·

1525 3943 1585 3997 lis
1608 3981 1622 4007 ‚
1652 3942 1867 4014 Ulysses
1888 3961 2044 3994 arma.
2061 3942 2370 4001 —Labom,
2405 3957 2545 3992 con-

1527 4019 1710 4085 tendo,
1721 4038 1936 4089 operam
1952 4018 2205 4071 ‹lm—Est
2219 4024 2418 4071 animus
2432 4033 2450 4081 ,·
2464 4016 2549 4070 hic

1528 4109 1867 4168 exspectasses
1917 4097 2155 4150 animum
2192 4095 2545 4166 intrepidum,

1528 4175 1620 4230 sed
1653 4196 1720 4230 en
1746 4176 2147 4230 conversionem
2176 4173 2467 4228 modestam
2495 4183 2551 4226 et

1531 4253 1846 4324 gratiosam!
1884 4253 2107 4323 Subjicit
2139 4253 2284 4307 enim
2309 4292 2324 4320 ,
2362 4261 2551 4306 vestros

1529 4343 1661 4388 cette
1680 4352 1917 4388 sensurus
1931 4335 2168 4399 honores,
2197 4332 2287 4401 qui
2302 4331 2364 4385 iis
2380 4341 2465 4384 tan
2473 4329 2550 4400 gi-

2674 4306 2697 4337 Ι
