3185 5138
707 525 1754 606 METAMORPHOSEON
1808 529 2007 596 LIB.
2061 533 2201 597 IX.

391 709 429 741 »
468 673 794 747 Indicium
829 673 1002 747 feci?
1036 673 1197 773 quid
1219 730 1237 761 ‚
1277 703 1423 774 quae
1456 673 1721 749 celanda
1749 676 2016 751 fuerunt
2038 734 2057 765 ‚

2391 534 2509 600 133

2415 703 2515 756 585

403 824 439 855 n
466 792 629 863 Tam
667 790 802 863 cito
840 789 1133 863 commisi
1172 791 1541 891 properatis
1576 792 1771 865 verba
1808 793 2117 867 tabellis?

393 940 429 970 »
469 908 640 978 Ante
674 922 812 978 erat
847 907 1174 1000 ambiguis
1208 907 1407 996 animi
1444 909 1764 990 sententia
1797 909 1988 984 dictis

396 1056 430 1085 κ
470 1022 923 1097 Praetentanda
955 1023 1119 1095 mihi
1153 1055 1166 1095 ε
1203 1052 1286 1095 ne
1324 1052 1461 1095 non
1493 1044 1882 1124 sequeretur
1914 1043 2175 1100 cuntem
2196 1082 2215 1115 ‚

393 1171 431 1202 »
469 1137 660 1211 Parte
695 1137 913 1238 aliqua
947 1139 1111 1226 veli,
1152 1139 1364 1240 qualis
1395 1140 1566 1213 foret
1604 1170 1798 1228 aura,
1835 1160 2063 1215 notare

397 1286 431 1316 »
472 1252 878 1339 Debueram,
917 1270 1194 1353 tutoque
1230 1256 1392 1327 mari
1430 1256 1810 1345 decurrere;
1846 1287 1989 1358 quae
2023 1288 2202 1332 nunc

2415 1284 2510 1354 590

399 1400 431 1430 υ
469 1368 623 1438 Non
658 1366 1015 1466 exploratis
1046 1367 1310 1468 implevi
1347 1368 1546 1444 lintea
1578 1373 1809 1444 ventis.

395 1513 433 1548 »
471 1481 759 1554 Auferor
787 1482 852 1553 in
889 1480 1202 1586 scopulos
1235 1484 1474 1578 igitur,
1517 1488 1988 1588 submersaque
2028 1504 2172 1562 toto
2244 1511 2249 1518 ·

397 1631 431 1660 »
470 1597 746 1670 Obruor
782 1600 1083 1684 Oceano;
1121 1628 1332 1700 neque
1363 1600 1619 1676 habent
1653 1633 1792 1686 mea
1825 1604 1966 1678 vela
2001 1633 2324 1679 recursus.

397 1749 432 1779 ι)
469 1714 706 1811 Quid?
738 1716 919 1816 quod
950 1734 1016 1790 et
1049 1717 1385 1791 ominibus
1425 1720 1620 1792 certis
1651 1720 2061 1819 prohibebar
2092 1722 2298 1794 amori

325 1875 330 1880 ·
400 1863 433 1894 »
470 1828 822 1926 Indulgere
854 1861 1003 1906 meo
1026 1889 1044 1920 ,
1084 1850 1222 1906 tum
1259 1863 1464 1934 quum
1492 1836 1657 1909 mihi
1687 1835 1854 1910 ferre
1885 1836 2145 1934 jubenti

2410 1859 2509 1930 ⁵95

398 1979 431 2012 »
472 1946 767 2035 Excidit,
805 1965 871 2021 et
903 1948 1058 2022 fecit
1090 1977 1240 2049 spes
1273 1969 1535 2025 nostras
1570 1980 1716 2027 cera
1751 1951 2074 2028 caducas?

394 2129 449 2172 ut
464 2119 543 2172 Vl
559 2158 574 2186 ,
592 2119 705 2184 (587.
721 2120 925 2189 Nempe
942 2131 1218 2190 postquam
1235 2122 1401 2176 multa

389 2221 565 2254 secum
580 2201 893 2271 cogitaverat
911 2202 976 2254 de
992 2203 1194 2270 repulsa
1207 2241 1222 2270 ,
1241 2222 1399 2272 quam

392 2279 579 2333 tulerat
600 2318 615 2344 ,
647 2278 797 2332 dolor
824 2281 877 2332 in
906 2279 1013 2333 haec
1035 2282 1191 2333 verba
1217 2301 1399 2334 erum-

392 2356 496 2425 pit,
522 2359 596 2409 Et
615 2362 800 2409 merito.
826 2356 1013 2425 Quum
1038 2377 1119 2410 res
1144 2377 1251 2410 non
1280 2377 1401 2412 suc-

391 2435 538 2488 cessit
571 2455 632 2487 ει
660 2435 820 2488 animi
848 2435 1137 2501 sententia,
1165 2435 1395 2504 singula,

393 2537 506 2587 quae
546 2518 762 2571 fecimus
788 2557 802 2585 ‚
852 2528 1131 2572 retractare
1173 2518 1399 2571 solemus

392 2598 567 2648 animo
587 2618 600 2659 ;
629 2608 680 2649 et
697 2597 907 2661 incerti,
928 2615 1049 2648 mox
1061 2596 1114 2648 iu
1131 2596 1255 2661 hoc,
1277 2614 1399 2647 mox

389 2672 446 2723 in
466 2672 554 2726 illo
578 2692 753 2726 causas
779 2675 886 2743 spei
914 2675 1170 2726 frustratae
1197 2670 1397 2741 qu‘aeri-

389 2770 521 2806 mus.
554 2752 706 2805 Idem
741 2772 883 2805 nunc
913 2753 1034 2806 sacit
1064 2751 1272 2824 Byblis;
1303 2749 1396 2804 sed

389 2830 526 2896 justo
562 2829 769 2898 longior
806 2840 882 2882 est
921 2829 1034 2882 baec
1067 2829 1362 2882 retractatio
1379 2867 1394 2895 ‚

391 2928 504 2977 quae
526 2909 755 2979 pertinet
779 2929 941 2979 usque
969 2908 1032 2961 ad
1053 2929 1183 2963 vers.
1207 2910 1397 2975 614.—

393 2991 548 3054 ῥεῖά·
566 3007 732 3056 quum
745 2988 985 3041 nonnulli
997 2992 1133 3057 quod
1141 2988 1365 3041 habeant
1380 3026 1395 3054 ,

392 3066 641 3118 Heinsius
673 3066 886 3134 putabat
915 3086 1035 3136 quo,
1065 3065 1115 3118 id
1151 3075 1258 3131 est,
1286 3083 1395 3119 cur.

390 3146 516 3200 Sine
544 3166 694 3200 causa
719 3169 732 3210 ς
763 3166 889 3199 nam
918 3150 1043 3215 quid
1057 3146 1199 3200 idem
1223 3145 1396 3214 signi-

390 3224 508 3276 ficat
529 3234 582 3277 et
605 3223 669 3276 de
692 3224 943 3277 industria
965 3224 1246 3292 repetitum
1270 3233 1346 3276 est
1367 3242 1397 3275 a

389 3313 634 3371 poeta.—
648 3302 798 3372 Regii
822 3303 984 3355 nostri
1003 3341 1017 3367 ,
1044 3304 1398 3370 qnid—Pro-

380 3386 586 3447 peratis.
607 3379 742 3433 Vide
760 3380 824 3434 ad
843 3382 893 3433 X
909 3421 923 3446 ,
950 3382 1030 3434 31.

454 3460 564 3512 588.
588 3461 964 3520 Prota-nfantia,
992 3469 1112 3511 ante
1137 3458 1396 3512 manifes—

389 3546 495 3587 tam
511 3534 914 3588 declarationem
931 3533 1239 3604 experienda
1255 3556 1397 3602 :pre-

387 3622 576 3667 tentare
588 3612 742 3665 etiam
757 3653 771 3678 ,
791 3614 929 3666 VIII
945 3653 959 3681 ,
987 3635 1029 3681 7.
1044 3613 1166 3665 Jam
1182 3625 1395 3667 conatus

389 3713 506 3746 suos
529 3712 649 3745 curn
675 3694 1000 3764 navigatione
1024 3703 1316 3762 comparat,
1339 3693 1393 3745 in

390 3789 554 3838 eaque
584 3771 888 3839 metaphora
911 3769 1000 3823 diu
1027 3770 1263 3839 persistit.
1286 3768 1393 3823 Sed

390 3847 469 3899 vix
491 3847 689 3901 dolenti
713 3849 890 3901 animo
912 3848 1156 3902 convenit
1180 3847 1290 3900 talis
1319 3847 1393 3900 al-

387 3924 595 3994 legoria.
608 3926 803 3980 Sensus
818 3936 993 3979 autem
1008 3925 1120 3992 ejus
1136 3924 1279 3977 facile
1297 3943 1394 3993 po—

389 4011 489 4053 test
509 4021 536 4053 a
555 4003 732 4071 quovis
752 4003 943 4056 lectore
959 4001 1396 4070 reperiri.—Las-

388 4082 547 4131 ctbt‘or
562 4083 824 4149 aliquanto
846 4089 926 4132 cst
949 4081 1158 4131 Ovidius
1180 4117 1194 4138 ,
1227 4076 1395 4146 inquit

391 4155 599 4224 Fabius,
623 4159 792 4212 Instit.
809 4158 959 4213 Orat.
977 4159 1024 4211 X
1040 4199 1054 4224 ‚
1077 4179 1104 4209 2
1121 4197 1135 4224 ‚
1152 4162 1396 4209 etm‘mius

387 4247 586 4288 amator
604 4241 795 4303 ingenii
812 4244 925 4299 su1’‚·
961 4248 1014 4290 et
1038 4255 1156 4290 mox
1183 4256 1195 4289 :
1228 4237 1403 4287 ovida?

389 4314 570 4367 Medea
591 4317 788 4367 videtur
809 4317 937 4367 mihi
953 4318 1203 4370 ostendere
1222 4333 1393 4382 quaa-

1495 2134 1600 2177 tum
1623 2129 1705 2177 vit
1720 2128 1810 2178 ille
1821 2135 2063 2193 praestare
2077 2130 2295 2192 potuerit
2307 2166 2321 2188 ‚
2347 2130 2403 2178 si
2418 2130 2509 2177 1⁶11-

1489 2207 1637 2268 gem‘o
1666 2220 1757 2255 suo
1790 2212 2053 2269 temperare
2087 2222 2235 2270 quam
2262 2205 2512 2270 indulgere

1494 2285 1771 2334 mutuasset.
1798 2281 1867 2333 Et
1888 2282 1971 2335 hic
1991 2295 2113 2334 sane
2138 2282 2410 2335 fatendum
2432 2294 2509 2336 est

1492 2357 1723 2411 lascivire
1756 2359 1911 2428 ipsius
1949 2358 2218 2428 ingenium
2240 2399 2255 2425 ,
2294 2371 2507 2414 nactum

1493 2434 1685 2487 scilicet
1712 2436 1986 2488 materiam
2015 2455 2288 2505 sequacem
2321 2448 2374 2488 et
2406 2456 2507 2507 ge-

1493 2515 1585 2566 nio
1608 2534 1703 2567 suo
1726 2515 1958 2569 affinem.
1984 2518 2081 2567 Ed.
2105 2544 2169 2554 —
2188 2519 2264 2567 Ne
2289 2536 2390 2568 non
2414 2536 2507 2568 se-

1491 2603 1718 2661 queretur
1734 2605 1947 2655 cantem,
1979 2606 2034 2646 ut
2052 2594 2363 2647 secundaret
2385 2615 2508 2647 cur-

1491 2690 1610 2723 sum
1649 2690 1830 2723 meum
1855 2690 1868 2723 :
1894 2683 2085 2724 euntem
2103 2713 2115 2734 ‚
2158 2673 2505 2742 navigantem.

1497 2748 1543 2802 A
1566 2751 1814 2818 sequendo
1839 2761 2023 2804 ventus
2048 2755 2293 2804 sccundus
2324 2752 2506 2806 dictus.

1491 2853 1556 2866 ·-
1573 2828 1783 2888 Notene,
1815 2826 2105 2881 observare.
2128 2856 2194 2868 —
2215 2832 2509 2883 Occurritur

1493 2905 1702 2973 proprie
1738 2904 1792 2957 in
1830 2906 1997 2958 stadio
2033 2905 2096 2958 ad
2133 2906 2326 2961 calcem
2353 2948 2367 2974 ,
2412 2908 2503 2961 sed

1490 2979 1615 3032 inde
1652 2980 1752 3034 hoc
1779 2982 2088 3036 vocabulum
2117 2983 2181 3037 ad
2206 2986 2503 3055 navigatio-

1490 3076 1618 3110 nem
1643 3059 1964 3113 translatum.

1557 3141 1670 3209 ⁵9²·
1686 3138 2018 3205 Ausemretc.
2039 3142 2221 3195 Amor.
2242 3143 2324 3203 11,
2348 3160 2422 3207 tv,
2443 3146 2502 3196 8:

1491 3214 1713 3282 Auferor
1730 3257 1743 3278 ‚
1785 3227 1844 3269 ut
1873 3221 2054 3285 rapida
2090 3226 2291 3273 concita
2320 3227 2503 3287 puppis

1489 3311 1638 3360 aqua.
1663 3293 1763 3345 Ed.
1778 3321 1845 3334 —
1866 3297 2026 3360 Toto,·
2062 3296 2310 3350 Heinsius
2338 3297 2504 3350 male-

1490 3371 1579 3424 bat
1599 3381 1747 3425 moto.
1763 3401 1828 3412 -—
1842 3374 1991 3443 Regii
2013 3374 2176 3427 nostri
2204 3384 2321 3427 tolo.

1558 3453 1671 3523 594.
1696 3453 1880 3517 Quid?
1901 3456 2034 3521 quod
2055 3461 2109 3504 et
2132 3456 2379 3504 ominibus
2405 3462 2501 3506 etc.

1493 3529 1573 3581 Ex
1609 3547 1758 3582 more
1795 3530 2269 3598 superstitiosorum
2317 3528 2502 3582 homi-

1492 3629 1623 3663 num
1660 3609 1770 3664 haec
1806 3609 1940 3663 dicta
1961 3649 1975 3675 ‚
2018 3610 2105 3678 qui
2124 3649 2138 3675 ,
2178 3609 2263 3662 ubi
2302 3610 2503 3663 adversi

1492 3685 1685 3756 aliquid
1702 3687 1762 3739 iis
1780 3686 1960 3739 accidit
1974 3726 1988 3752 ,
2010 3686 2060 3738 id
2081 3686 2200 3739 inde
2221 3699 2500 3757 repetunt,

1491 3763 1633 3835 quod
1657 3762 1918 3817 ominibus
1930 3783 2041 3816 non
2059 3767 2325 3833 paruerint
2343 3789 2355 3830 ;
2377 3766 2505 3817 Vir-

1490 3845 1638 3914 gilius
1658 3844 1764 3896 Ed.
1781 3845 1805 3898 1
1822 3883 1835 3909 ,
1862 3844 1935 3897 16.
1947 3847 2095 3898 Certa
2106 3851 2275 3898 omina
2290 3857 2340 3898 et
2356 3850 2504 3913 sipla

1493 3922 1645 3990 (vide
1670 3923 1725 3975 in
1750 3922 1912 3973 finem
1939 3932 2076 3975 notae
2098 3923 2118 3987 )
2147 3934 2270 3975 sunt
2303 3924 2503 3993 perspi-

1489 4020 1583 4054 cua
1606 4041 1619 4066 ,
1650 4012 1703 4053 et
1729 4020 1844 4070 opp.
1869 4005 2117 4062 obscures,
2159 4022 2273 4071 quae
2300 4002 2502 4057 dubites

1491 4097 1556 4131 an
1587 4078 1777 4151 ominis
1810 4078 1917 4130 vim
1953 4078 2193 4131 habeant.
2222 4080 2500 4151 Virgilius,

1490 4153 1683 4224 Georg.
1712 4155 1733 4207 1
1753 4195 1768 4220 ,
1795 4176 1891 4227 ²29
1907 4195 1921 4221 ,
1948 4158 2091 4231 haeqd
2106 4160 2316 4209 obscura
2337 4163 2501 4225 signa.

1487 4234 1698 4284 —Fece't
1717 4243 1813 4285 etc.
1836 4231 1974 4285 Cera
1993 4233 2185 4288 caduca
2204 4234 2503 4305 portendit,

1498 4330 1647 4381 spem
1672 4331 1880 4384 quoque
1908 4332 2082 4371 meam
2107 4334 2214 4370 esse
2240 4320 2481 4372 caducam
2498 4353 2513 4375 ‚
