3185 5138
655 514 791 599 344

1209 518 1287 582 Ρ.
1349 518 1707 586 0v1D11
1757 517 2209 586 NASONIS

659 686 699 719 s»
736 654 999 755 Vixque
1024 655 1165 728 viro
1190 684 1635 757 {quamquam
1655 657 1766 732 ille
1791 658 1892 730 vir
1912 675 2014 731 est
2038 687 2056 743 ;
2083 685 2212 731 nos
2238 656 2555 753 seg-nibus
2580 658 2774 745 actiS‚

663 805 700 836 n
737 769 943 867 Quod
976 770 1103 844 fuit
1137 770 1277 858 ille,
1307 801 1538 846 sumus
1564 801 1582 846 ε
1609 772 1773 872 quid
1796 774 2087 848 membra
2112 775 2420 848 immania
2441 779 2779 875 prosunt?

657 918 695 950 ³»
736 884 920 982 Quid
958 887 1232 980 geminae
1264 886 1483 960 vires?
1510 887 1708 987 quid,
1747 885 1930 987 qnod
1966 888 2320 963 fortissima
2350 918 2567 964 rerum

659 1032 697 1066 n
737 1002 817 1072 In
848 1000 1046 1075 nobis
1077 1002 1321 1104 duplex
1353 1021 1587 1077 natura
1619 1002 1917 1077 animalia
1945 1003 2219 1102 junxit?

658 1148 697 1180 n
740 1118 878 1189 Nec
913 1144 1038 1192 nos
1069 1135 1275 1191 matre
1309 1120 1484 1206 Dea,
1511 1146 1632 1192 nec
1662 1148 1789 1191 nos
1822 1119 2051 1191 Ixione
2085 1136 2278 1193 natos

659 1264 697 1298 n
733 1234 897 1307 Esse
930 1261 1120 1320 reor;
1155 1234 1270 1334 qui
1305 1251 1526 1307 tantus
1559 1251 1735 1319 erat,
1764 1233 2051 1306 Junonis
2086 1251 2164 1305 ut
2196 1232 2342 1306 altat

2674 1252 2773 1303 505

658 1378 695 1411 n
739 1346 937 1446 Spem
972 1367 1232 1447 caperet
1259 1378 1276 1421 ε
1307 1376 1435 1423 nos
1466 1347 1792 1422 semimari
1826 1375 2209 1447 superamur
2240 1347 2325 1419 ab
2362 1346 2572 1421 hoste.

660 1491 699 1525 »ι
740 1460 943 1548 Saxa,
983 1463 1333 1563 trabesque
1361 1492 1599 1564 super,
1634 1481 1948 1564 totosque
1983 1461 2294 1537 involvite
2323 1480 2614 1550 montes;

660 1609 699 1643 n
738 1578 1171 1680 vivacemque
1202 1581 1486 1654 animam
1519 1581 1740 1656 missis
1772 1579 1992 1654 elidite
2028 1578 2228 1655 silvis.

665 1725 702 1758 n
747 1691 922 1766 Silva
956 1713 1210 1795 premat
1242 1695 1465 1772 fauces
1494 1714 1607 1770 :et
1639 1696 1763 1770 erit
1796 1725 1920 1796 pro
1956 1695 2224 1770 vulnere
2255 1694 2538 1797 pondus.
2576 1727 2611 1759 »

657 1809 885 1895 Dixin
926 1828 990 1883 et
1024 1810 1237 1885 insani
1272 1811 1584 1911 dejectam
1618 1811 1870 1885 viribus
1907 1812 2141 1886 Austri
2679 1830 2777 1882 5¹0

657 1925 859 1998 Forte
892 1924 1143 1999 trabem
1175 1943 1443 2014 nactus,
1480 1925 1767 2000 validum
1801 1927 2080 2025 conjecit
2112 1926 2180 1999 in
2211 1926 2471 2000 hostem
2503 1953 2519 1996 ε

656 2040 1184 2143 Exemplumque
1214 2041 1338 2114 fuit
1368 2071 1383 2114 ε
1414 2068 1750 2142 parvoque
1779 2041 1848 2113 in
1882 2061 2176 2142 tempore
2206 2039 2426 2115 nudus

655 2156 939 2231 Arboris
976 2159 1229 2259 Othrys
1261 2162 1438 2246 erat,
1469 2187 1591 2233 nec
1624 2158 1914 2232 habebat
1948 2157 2175 2231 Pelion
2212 2157 2499 2231 umbras.

654 2322 816 2356 omos.
841 2302 939 2357 Ed.
971 2332 1038 2345 --
1067 2306 1392 2373 Superamur5
1420 2305 1667 2373 Langer-

652 2383 832 2435 manni
853 2393 904 2436 et
917 2394 1023 2437 tres
1036 2382 1098 2435 al.
1117 2402 1395 2449 superrmur
1405 2403 1497 2453 per
1510 2383 1668 2437 inter-

654 2461 998 2529 rogationem.
1020 2461 1169 2530 Regii
1196 2459 1310 2515 cod.
1333 2481 1633 2528 superamur.

721 2541 834 2593 500.
876 2542 1071 2608 Virque
1106 2545 1255 2606 viro5
1292 2559 1429 2595 unus
1463 2540 1668 2594 Heinsii

655 2620 840 2686 visque
860 2624 1018 2682 πιστὴ·
1044 2627 1096 2670 et
1122 2637 1271 2670 versu
1304 2617 1400 2673 5‘05
1416 2658 1431 2684 ‚
1456 2637 1552 2688 pro
1573 2639 1667 2671 se-

659 2700 883 2754 mimari.
911 2695 1051 2748 idem
1074 2702 1312 2748 semiviro.
1332 2724 1399 2737 -
1418 2696 1564 2765 Regii
1587 2715 1671 2749 co·

658 2773 797 2827 dices
816 2813 830 2838 ,
860 2779 1043 2842 vitque
1065 2779 1171 2827 viro
1187 2814 1199 2832 .
1234 2785 1286 2827 et
1318 2780 1583 2827 semimari.
1604 2803 1671 2816 -

654 2852 894 2920 segnibus
903 2857 1049 2907 acute.
1069 2854 1368 2922 segnitie.—
1374 2856 1525 2919 Quod
1515 2854 1631 2921 suit
1645 2871 1664 2919 ,⁸

657 2946 795 2981 unus
822 2928 1087 2982 Leidensis
1107 2970 1125 2996 ,
1149 2951 1255 2997 que
1271 2930 1385 2983 suit.
1402 2934 1671 2985 —Forttlr-

657 3007 790 3056 se’ma
819 3003 1079 3074 coniunge
1107 3024 1226 3058 cum
1255 3011 1517 3060 am‘male'a.
1549 3010 1669 3060 Na-

654 3090 770 3133 tura
812 3084 995 3147 duplet
1019 3082 1206 3149 junxit
1241 3087 1487 3135 animalia
1512 3124 1524 3143 ,
1574 3102 1670 3153 pro

657 3157 897 3212 animalia
915 3157 1127 3228 duplicis
1142 3171 1341 3213 naturae
1356 3160 1534 3227 juncta
1548 3172 1672 3214 sunt

656 3237 712 3291 in
745 3240 909 3292 nobis.
936 3267 1004 3281 -
1035 3241 1191 3305 Quid,
1227 3241 1363 3306 quod
1375 3256 1392 3300 ,⁴
1436 3239 1591 3308 vulgo
1620 3251 1675 3294 e!

654 3318 798 3383 quod.
822 3344 889 3355 —
911 3318 1094 3368 Rerum
1120 3316 1191 3369 sic
1221 3315 1540 3385 superlativis
1563 3315 1668 3368 ad-

654 3391 799 3447 ditur
813 3433 826 3458 ,
851 3405 908 3447 ut
928 3398 1217 3450 dulcelmme
1238 3415 1396 3448 rerum
1414 3405 1510 3448 etc.

723 3476 833 3528 505.
875 3475 1037 3537 Alta,
1088 3494 1290 3545 magna
1310 3514 1325 3540 ,
1361 3474 1666 3528 auctoritate

657 3548 863 3620 Virgilii
887 3590 903 3617 ,
936 3551 1071 3622 apud
1098 3571 1255 3621 quem
1289 3555 1423 3605 allus
1446 3554 1664 3619 Apella,

655 3627 781 3682 AEn.
801 3629 850 3682 X
865 3670 879 3695 ‚
895 3631 990 3700 875
1011 3652 1022 3695 ς
1041 3635 1178 3686 altus
1192 3634 1404 3701 Jupiter,
1425 3631 1504 3683 xl
1521 3671 1535 3698 ‚
1557 3632 1666 3703 726.

655 3708 864 3776 —Spem
873 3710 1090 3762 Iunonis
1101 3711 1192 3764 bre
1199 3712 1330 3764 viter
1342 3722 1395 3765 et
1408 3709 1664 3777 modeste,

652 3803 800 3853 spem
841 3787 1223 3840 concumbendi
1267 3807 1386 3841 cum
1432 3788 1664 3840 Junone.

657 3861 821 3931 Quod
838 3882 1056 3917 summe
1071 3863 1294 3918 audaciae
1314 3876 1365 3918 et
1384 3863 1667 3934 impuden-

652 3941 738 3994 tius
761 3953 902 4009 erat,
927 3942 981 3995 id
1002 3943 1181 3997 callide
1199 3945 1354 3998 vertit
1375 3944 1428 3997 in
1452 3944 1663 3997 laudem

651 4019 812 4087 patris
841 4020 936 4075 sui.
966 4019 1071 4074 Sed
1096 4022 1375 4087 mentitur,
1416 4042 1580 4092 quum
1607 4041 1661 4075 se

647 4106 808 4149 matre
837 4099 955 4150 Dea
987 4097 1188 4152 editum
1219 4099 1356 4153 dicit.
1384 4128 1450 4140 -
1473 4102 1665 4153 Elaede'te
1702 4127 1707 4132 ·

651 4185 830 4243 aptum
856 4175 974 4230 huic
999 4177 1183 4231 mortis
1208 4178 1386 4247 generi
1410 4177 1644 4254 verbum.

711 4253 821 4321 507.
836 4253 992 4318 Saxa,
1007 4258 1265 4323 trabesque
1274 4271 1439 4320 παριῇ·
1459 4254 1564 4322 jam
1582 4274 1663 4308 co·

1766 2306 1906 2375 piose
1922 2314 1975 2358 et
1994 2323 2090 2358 suo
2113 2323 2262 2358 more
2283 2322 2535 2357 exornare
2560 2302 2768 2372 incipit,

1766 2380 1904 2450 quod
1928 2382 2201 2451 scriptores
2224 2380 2289 2434 ad
2307 2400 2438 2434 vers.
2466 2381 2558 2446 146
2581 2379 2772 2432 laudati

1766 2458 1993 2512 breviter
2015 2458 2257 2523 tradunt,
2280 2457 2534 2527 congestis
2561 2456 2772 2509 arbori-

1764 2535 1861 2590 bus
1884 2535 2219 2589 intersertum
2241 2533 2524 2588 Caenea.-
2541 2536 2741 2588 Canens
2754 2575 2769 2596 ,

1765 2614 1934 2683 inquit
1973 2614 2296 2683 Palaephatus
2319 2652 2334 2678 ,
2371 2623 2485 2666 erat
2520 2614 2600 2665 vir
2637 2610 2773 2665 bello

1764 2703 2008 2746 strenuus
2035 2701 2088 2745 et
2112 2710 2297 2760 pugnae
2318 2691 2514 2744 sciens:
2542 2690 2584 2744 is
2611 2708 2774 2760 quum

1766 2769 1823 2822 in
1863 2770 2037 2822 multis
2073 2768 2325 2836 variisque
2363 2767 2509 2820 bellis
2548 2776 2775 2820 versatus

1764 2845 1969 2913 suisset,
1997 2866 2169 2915 neque
2194 2846 2494 2900 vulneratus
2509 2864 2771 2915 unquam,

1765 2944 1887 2978 rum
1905 2924 2133 2994 Lapithis
2154 2923 2432 2993 aliquando
2452 2944 2689 2994 pugnans
2705 2964 2719 2991 ‚
2746 2944 2776 2977 a

1771 3002 2051 3057 Centauris
2064 3005 2377 3074 interceptus
2391 3044 2407 3071 ,
2420 3005 2628 3058 illorum
2646 3006 2778 3059 mul·

1766 3083 1989 3136 titudine
2017 3082 2233 3148 obrutus
2265 3094 2379 3136 est:
2409 3084 2556 3151 cujus
2588 3103 2774 3154 corpus

1766 3164 1854 3217 ubi
1873 3164 2017 3217 nullo
2032 3163 2248 3218 vulnere
2270 3162 2563 3217 confossum
2589 3164 2774 3217 adver-

1766 3241 1947 3295 tissent
1977 3240 2260 3307 Centauri,
2289 3242 2352 3294 ab
2374 3242 2433 3295 iis
2464 3242 2771 3296 invulnera-

1765 3318 1879 3373 bilis
1900 3329 1977 3372 est
1998 3320 2328 3373 existimatus.
2349 3321 2447 3371 Ed.

1816 3402 1845 3451 5
1856 3419 1871 3449 ι
1880 3416 1928 3449 ο.
1938 3399 2143 3462 Insaae'5
2158 3396 2367 3467 plurimi
2378 3401 2577 3449 bisam&
2588 3414 2607 3460 ,·
2621 3395 2772 3449 multi

1763 3475 2026 3541 disjectam
2038 3515 2053 3538 ,
2081 3494 2178 3546 pro
2193 3474 2667 3551 des‘ecgame-Regii
2688 3492 2772 3527 co·

1764 3552 1901 3608 dices
1915 3559 2112 3608 mama·
2126 3556 2774 3622 dejectam—Exemplum-

1761 3632 1991 3700 quesuit3
2010 3653 2145 3686 unus
2155 3632 2425 3687 Mediceus
2439 3632 2668 3686 melioris
2680 3652 2771 3685 no·

1763 3719 1828 3762 tae
1850 3714 2162 3779 exemploque
2168 3711 2294 3778 suit.
2322 3712 2617 3777 Exemplum
2628 3710 2766 3777 suit,

1762 3788 1998 3857 exemplo
2020 3807 2116 3841 suo
2139 3789 2337 3858 praeivit
2356 3789 2771 3842 caeterise-Mox

1761 3865 2073 3935 loquiturita
2091 3905 2106 3930 ‚
2137 3877 2404 3935 tamquam
2427 3877 2481 3920 et
2509 3869 2694 3937 Othrys
2717 3877 2771 3920 et

1763 3946 1937 3996 Pelion
1964 3944 2183 4013 proximi
2210 3944 2406 3996 suerint
2430 3943 2650 4018 pirithoi
2675 3964 2771 3997 re-

1762 4021 2113 4087 gia—Vultis
2127 4025 2343 4080 arboris.
2371 4019 2545 4074 nudus
2568 4021 2772 4074 arbori-

1759 4098 2099 4152 bus—Parvo
2121 4103 2174 4150 in
2195 4109 2405 4164 tempore
2427 4096 2545 4151 vide
2569 4096 2634 4150 ad
2657 4098 2735 4152 XI
2750 4136 2767 4163 ,

1759 4175 1913 4246 39.-
1936 4177 2148 4230 Umbms
2173 4194 2270 4245 pro
2290 4215 2306 4242 ,
2331 4176 2542 4229 arbores
2559 4214 2573 4243 ,
2600 4186 2659 4229 ut
2687 4175 2768 4240 X,

1759 4256 1824 4308 88
1848 4265 1902 4308 et
1924 4273 2004 4325 9⁰·
