3185 5138
689 481 821 576 520

1242 482 1323 548 P.
1389 482 1749 553 OVIDII
1818 481 2277 555 NASONIS

793 656 830 688 »
859 622 1155 698 Plurima
1192 651 1398 724 quum
1432 625 1753 714 subeant,
1790 625 2016 702 audita
2047 643 2166 701 aut
2198 626 2466 723 cognita
2496 629 2702 706 vobis
2722 689 2745 724 ,

689 740 909 815 Pauca
943 770 1144 843 super
1175 742 1445 817 reseram
1476 772 1493 816 ε
1529 742 1745 844 quid?
1777 770 1919 816 non
1952 760 2021 816 et
2052 741 2323 844 lympha
2352 744 2601 842 figuras

690 858 957 959 Datque
995 859 1303 961 capitque
1338 862 1590 935 novas?
1616 859 1834 935 medio
1870 877 2021 947 tua,
2058 861 2363 957 corniger
2393 864 2688 938 Ammon
2716 921 2741 954 ,

690 972 891 1052 Unda
929 974 1033 1049 die
1070 973 1286 1070 gelida
1323 993 1459 1063 est;
1500 993 1787 1076 ortuque
1818 976 2144 1077 obituque
2175 973 2459 1052 calescit.

2739 1001 2850 1053 310

689 1096 999 1172 Admotis
1029 1098 1450 1172 Athamantis
1481 1097 1673 1199 aquis
1704 1098 2055 1173 accendere
2088 1097 2349 1193 lignum

695 1209 1056 1301 Narratur,
1090 1214 1398 1289 minimos
1435 1243 1640 1315 quum
1672 1215 1862 1290 Luna
1893 1215 2163 1291 recessit
2194 1215 2267 1288 in
2301 1215 2516 1290 orbes.

693 1326 976 1402 Flumen
1008 1319 1260 1403 habent
1295 1330 1578 1403 Cicones
1605 1386 1624 1420 ,
1660 1331 1843 1432 quod
1873 1350 2110 1432 potum
2143 1359 2334 1407 saxea
2368 1333 2588 1407 reddit
2635 1424 2648 1433 .

690 1445 1001 1535 Viscera,
1037 1444 1215 1546 quod
1256 1446 1447 1520 tactis
1477 1445 1735 1521 inducit
1766 1476 2093 1522 marmora
2125 1447 2347 1522 rebus.

694 1560 998 1650 Crathis,
1044 1579 1111 1636 et
1145 1561 1300 1635 huic
1338 1562 1608 1662 Sybaris
1646 1563 1896 1639 nostris
1927 1564 2378 1639 conterminus
2411 1563 2616 1654 arvis,
2731 1587 2837 1640 315

578 1727 581 1730 -
686 1678 955 1754 Electro
993 1676 1242 1752 similes
1273 1679 1524 1752 faciunt
1555 1708 1846 1782 auroque
1883 1678 2183 1781 capillos.

687 1841 883 1896 Bacchi
912 1841 1048 1895 sesto
1070 1840 1264 1895 insilire
1288 1841 1554 1906 solebant3
1586 1843 1714 1896 Vir-

688 1920 840 1992 gilius
858 1959 873 1987 ,
901 1918 1095 1990 Geor-g.
1118 1919 1172 1972 11
1195 1958 1209 1984 ,
1237 1919 1348 1986 384.

754 1998 867 2068 307.
883 1999 1107 2052 Subeant
1118 2039 1131 2057 ,
1153 1998 1209 2051 in
1228 1998 1466 2051 animum
1481 1999 1711 2053 veniant.

684 2103 752 2119 --
766 2078 946 2147 Super,
985 2087 1254 2148 praterea.
1276 2104 1344 2118 —-
1362 2081 1578 2146 Figura,
1612 2099 1715 2134 na-
1730 2075 1746 2090 ’

685 2159 1157 2211 tura—Ammonis
1180 2155 1387 2209 sontem
1412 2155 1715 2228 diligentius

685 2236 931 2291 describit
949 2234 1165 2291 Curtius
1179 2276 1194 2302 ,
1212 2237 1310 2301 IV,
1325 2251 1408 2288 vu
1424 2274 1439 2302 ,
1463 2256 1524 2288 aa
1542 2256 1555 2291 z
1570 2259 1598 2284 κ
1617 2237 1714 2291 Est

687 2339 720 2365 ›-
746 2316 905 2370 etiam
923 2315 1060 2368 aliud
1082 2314 1397 2368 Hammonis
1410 2334 1600 2369 nemus
1620 2338 1633 2379 ;
1654 2316 1710 2369 in

686 2418 721 2445 κ
748 2394 927 2448 medio
949 2393 1105 2447 habet
1125 2393 1331 2447 fontem
1351 2433 1367 2461 ,
1394 2412 1583 2463 aquam
1608 2395 1714 2448 So-

688 2496 721 2522 »
744 2474 807 2528 lis
831 2481 1035 2526 vocant.
1057 2472 1168 2526 Sub
1191 2471 1323 2542 lucis
1339 2484 1518 2526 ortum
1537 2473 1711 2543 tepida

690 2575 721 2602 ι»
748 2562 957 2614 manau
984 2550 1161 2606 medio
1190 2550 1275 2605 die
1295 2592 1316 2616 ,
1350 2572 1521 2622 quum
1537 2552 1712 2607 velte*—

689 2657 720 2683 κ
748 2633 1103 2688 meritissimus
1125 2642 1203 2687 est
1222 2631 1387 2699 calor,
1412 2632 1604 2703 frigida
1621 2654 1713 2689 ea-

690 2735 721 2760 »
749 2712 872 2767 dem
900 2710 1052 2775 fluit;
1077 2710 1328 2765 inclinato
1355 2711 1409 2763 in
1439 2730 1712 2781 vesperam

688 2812 719 2839 >v
744 2790 982 2855 calescit3
1007 2786 1185 2842 media
1207 2800 1360 2842 nocte
1385 2787 1586 2842 fervida
1616 2810 1706 2843 ex·

689 2890 720 2926 p»
748 2876 930 2923 aestuat
947 2887 960 2930 ;
976 2884 1185 2936 quoque
1201 2867 1412 2936 propius
1426 2886 1529 2921 nox
1543 2869 1712 2937 vergit

689 2968 721 2995 >n
751 2944 815 2999 ad
851 2946 1055 3012 lucem,
1089 2946 1319 2999 multum
1350 2966 1412 3000 ex
1446 2959 1711 3002 nocturno

689 3046 722 3074 »ι
746 3023 917 3078 calore
946 3022 1259 3077 decrescit.

753 3103 811 3155 31
826 3122 868 3154 ι.
893 3101 1132 3155 Admotis
1152 3100 1484 3154 Athamante]⁵
1502 3112 1600 3156 etc.
1617 3102 1712 3157 So·

690 3180 804 3233 tion
840 3178 895 3231 in
923 3176 1226 3231 Paradoxol.
1260 3176 1325 3230 de
1352 3172 1718 3234 Fluminibus:

690 3269 758 3313 Ev
773 3265 996 3324 Αθαμᾶσι
1012 3260 1121 3329 xpi-a
1127 3278 1213 3317 ηνε
1194 3261 1311 3309 lm
1323 3257 1478 3322 ,ἦςτὶ
1472 3262 1574 3356 ’.μέν
1590 3263 1713 3332 ὕδωρ

692 3342 867 3415 ψυχρὸν
888 3338 1061 3412 ὗεάρχε
1068 3358 1139 3401 ιν,
1164 3336 1215 3388 τὶ
1236 3331 1327 3387 δ”
1305 3357 1383 3387 vn
1364 3340 1410 3431 f?
1433 3337 1489 3389 αὖ
1492 3338 1542 3388 τὲ
1556 3342 1712 3401 ,οὕτω

691 3428 750 3472 se
733 3419 863 3493 eppei»
898 3416 1118 3491 ὑπάρχειν
1145 3451 1160 3479 ,
1205 3415 1320 3467 ὥστε
1361 3436 1417 3464 αν
1446 3436 1516 3471 τις
1549 3416 1607 3466 ὑι-
1611 3424 1710 3492 φθῆ

688 3502 919 3574 φρύγανα,
944 3506 1229 3567 ‹etiams-'pot
1252 3492 1411 3560 ἶξάπτε
1417 3501 1536 3550 σθαι.
1550 3475 1713 3546 Atha·

687 3595 873 3633 manes
908 3574 1134 3644 Epirum
1167 3572 1536 3641 incoluerunt,
1563 3574 1714 3642 cujus

686 3676 807 3728 pars
829 3653 988 3708 etiam
1016 3649 1279 3719 Dodone,
1311 3650 1396 3704 cui
1419 3650 1563 3705 bunc
1586 3653 1714 3708 fon-

690 3746 802 3788 tem
828 3730 1010 3785 tribuit
1033 3728 1265 3795 Plinius,
1304 3728 1358 3781 11
1378 3768 1395 3795 ,
1438 3731 1564 3783 103·
1551 3769 1564 3782 .
1589 3731 1717 3784 «Iu

687 3832 722 3861 a·
751 3809 980 3866 Dodone
1005 3806 1153 3862 Jovis
1178 3806 1299 3860 sons
1320 3825 1483 3876 quum
1502 3808 1568 3861 sit
1582 3807 1714 3877 geli·-

686 3913 720 3941 ιι
750 3892 849 3946 dus
865 3932 880 3960 ,
904 3900 958 3945 et
971 3889 1239 3943 immersas
1252 3885 1391 3962 faces
1409 3887 1676 3960 extinguat
1692 3929 1716 3958 ,

686 3991 719 4018 ἰ
744 3971 786 4025 si
810 3970 1071 4025 exstincte
1094 3965 1475 4020 admoveantur
1492 4005 1508 4034 ,
1534 3986 1712 4021 accen·

686 4067 720 4095 2·
751 4046 843 4101 dit.
859 4070 885 4094 n
900 4073 967 4088 —··
979 4046 1130 4099 Luna
1142 4048 1348 4098 recessit
1361 4048 1416 4098 iu
1429 4046 1588 4098 orbes.
1605 4040 1713 4097 Ex-

688 4133 867 4194 cerpta
896 4121 1174 4178 Calandrae
1197 4131 1252 4176 et
1274 4140 1413 4176 unus
1437 4119 1718 4176 Mediceus

692 4205 936 4256 eece-esca.

756 4281 868 4335 313.
888 4280 1115 4353 Flumen]
1122 4284 1310 4336 babent
1336 4283 1561 4336 Cei-ones.
1589 4278 1710 4335 Pli—

2325 1847 2393 1901 In
2422 1844 2687 1900 Ciconum
2715 1846 2834 1901 flu-

1811 1943 1842 1970 »
1867 1922 2011 1976 mine
2058 1934 2112 1977 et
2153 1923 2208 1976 in
2251 1923 2449 1978 Piceno
2488 1924 2601 1978 lacu
2638 1925 2834 1980 Velino

1810 2020 1840 2048 ι»
1864 1999 2070 2069 lignum
2097 2000 2363 2069 dejectum
2397 2000 2603 2072 lapideo
2638 2005 2831 2059 cortice

1809 2098 1841 2126 ιο
1867 2078 2161 2132 obducitur.
2185 2101 2220 2126 ι

1874 2158 1987 2211 315.
2016 2160 2245 2220 Crathlr,
2281 2157 2614 2213 Thuriorum
2631 2159 2688 2212 in
2707 2178 2830 2213 ma·-

1806 2254 1908 2305 gna
1936 2234 2141 2289 Gracia
2172 2235 2378 2290 fluvius.
2416 2237 2546 2290 Vim
2585 2237 2832 2291 rutilandi

1803 2313 2014 2383 capillos
2049 2314 2098 2367 ei
2137 2314 2408 2381 tribuunt,
2450 2326 2580 2386 post
2607 2315 2830 2384 Euripi-

1806 2392 1934 2447 dem
1960 2432 1975 2460 ,
2015 2391 2210 2446 Troad.
2244 2413 2338 2463 ²27
2368 2395 2394 2459 (
2421 2398 2442 2449 ὅ
2474 2399 2642 2463 ξανθὰν
2666 2405 2833 2462 χαίτη

1805 2477 2036 2548 κυρσιῦων
2057 2469 2267 2547 Κρᾶθις)
2284 2509 2298 2537 ,
2324 2471 2478 2525 multi
2505 2471 2589 2525 alil
2612 2475 2832 2543 scripto-

1805 2568 1889 2604 res
1914 2590 1929 2616 ,
1964 2568 2096 2619 quos
2136 2548 2253 2603 vide
2287 2548 2428 2620 apud
2467 2548 2683 2606 Cluver.
2719 2551 2832 2607 Ital.

1805 2629 1990 2697 Antiq.
2029 2628 2110 2683 1V
2127 2667 2143 2695 ,
2184 2630 2276 2695 14;
2319 2628 2511 2682 Strabo
2530 2666 2546 2695 ,
2584 2629 2672 2683 lib.
2711 2630 2829 2696 Vl,

1806 2725 1920 2776 pag.
1954 2707 2055 2760 620
2080 2746 2095 2774 ,
2134 2704 2292 2759 tradit
2316 2744 2332 2772 ,
2367 2725 2493 2760 eum
2524 2706 2697 2762 facere
2734 2714 2834 2769 τεὺς

1807 2787 1854 2838 ἓν
1874 2788 1998 2857 αὐτῷ
2016 2788 2274 2851 λουομένους
2293 2796 2609 2862 ζανθοτριχεῖν
2631 2795 2712 2841 ’καὶ
2731 2794 2832 2840 λεν-

1807 2875 2049 2936 κπριχεῖν.
2072 2862 2332 2916 Eandem
2350 2902 2366 2931 ,
2392 2883 2452 2917 ac
2477 2864 2660 2933 potius
2678 2864 2830 2919 alian

1808 2960 1916 2995 non
1941 2942 2119 2995 minus
2141 2942 2333 2994 miram
2359 2942 2468 2994 vim
2491 2943 2715 2997 habebat
2735 2944 2830 3016 sy-

1807 3026 1983 3086 barim·
2015 3021 2246 3089 Plinius,
2273 3022 2460 3077 xxxl
2477 3062 2493 3089 ‚
2522 3042 2627 3077 at«
2650 3024 2830 3079 Theo-

1809 3120 1841 3148 »
1864 3100 2104 3170 phi-astus
2138 3098 2296 3154 tradit
2315 3140 2331 3168 ,
2360 3098 2414 3153 in
2446 3100 2662 3156 Thuriis
2693 3101 2828 3156 Cra-

1809 3199 1839 3226 »
1865 3177 2000 3230 thim
2031 3176 2318 3232 candorem
2352 3178 2526 3232 facere
2544 3218 2560 3245 ,
2586 3180 2826 3251 Sybarim

1810 3280 1839 3306 ι
1868 3258 2133 3329 nigritiam
2166 3259 2329 3313 bobus
2361 3278 2420 3313 ac
2453 3259 2646 3329 pecori.
2679 3259 2825 3329 Quin

1809 3356 1839 3384 ν
1865 3346 1922 3390 et
1951 3335 2193 3391 homines
2231 3338 2425 3391 sentire
2471 3336 2826 3391 differentiam

1809 3436 1839 3462 ν
1864 3433 2017 3478 earm
2048 3434 2175 3469 nam
2212 3416 2301 3487 qui
2341 3415 2594 3489 Sybarim.
2616 3417 2827 3482 bibant,

1811 3514 1840 3542 υ
1864 3493 2122 3564 nigriores
2145 3514 2252 3549 esse
2267 3534 2282 3561 ,
2309 3493 2651 3565 durioresque
2670 3506 2722 3549 et
2735 3494 2826 3550 cri·

1809 3594 1840 3621 ν
1869 3592 1962 3643 spo
1973 3573 2183 3643 capium
2210 3573 2377 3643 quiex
2393 3572 2645 3643 Crathide
2664 3613 2680 3641 ,
2703 3572 2844 3627 can·>

1809 3675 1840 3702 »
1868 3652 2018 3707 didos
2044 3693 2060 3719 ‚
2100 3653 2471 3723 mollioresque
2499 3673 2556 3709 ae
2590 3664 2850 3724 porrecta·

1808 3750 1839 3781 ν
1866 3749 2069 3785 coma.»
2086 3730 2300 3803 Sybaris
2308 3742 2492 3786 autem
2501 3735 2826 3787 conteramus

1811 3807 2069 3863 Crathidi.
2090 3807 2282 3863 Vibius
2296 3810 2618 3880 sequester:
2641 3832 2666 3855 κ
2686 3807 2823 3863 Cra-

1808 3905 1838 3933 »
1870 3885 1971 3939 this
1985 3925 2001 3953 ,
2027 3884 2252 3940 confinis
2269 3886 2458 3959 Sybari
2478 3927 2495 3954 ,
2518 3887 2727 3957 capillos
2746 3886 2830 3942 sa-

1807 3984 1839 4012 »
1865 3965 1936 4019 cit
1961 3965 2105 4019 aurei
2131 3964 2331 4020 coloris.
2358 3986 2385 4012 ν
2421 3965 2493 4019 Et
2530 3966 2827 4032 Thurium‚

1807 4044 2009 4101 colonia
2025 4045 2430 4100 Atheniensium
2450 4044 2512 4098 ad
2531 4046 2706 4100 sinum
2722 4046 2830 4099 Ta-

1808 4123 2079 4177 rentinum
2098 4162 2114 4190 ,
2143 4124 2239 4178 sita
2262 4123 2363 4177 suit
2388 4124 2528 4177 inter
2543 4134 2828 4194 utrumque

1806 4201 2044 4256 fluvium.
2065 4203 2144 4258 Ita
2157 4207 2342 4257 nostris
2353 4206 2490 4256 amis
2504 4201 2704 4257 dictum
2718 4210 2829 4255 erat

1807 4298 1935 4350 pro,
1952 4280 2007 4335 in
2026 4280 2216 4336 nostris
2230 4280 2362 4334 arvis
2376 4319 2393 4350 ,
2412 4291 2471 4335 ut
2485 4279 2686 4336 millies.
2698 4280 2828 4334 But·

1808 1842 1962 1910 nius,
1989 1844 2078 1912 11,
2110 1846 2240 1899 103:
2269 1866 2297 1892 κ
