3185 5138
645 522 1730 592 METAMORPHOSEON
1780 525 1976 592 LIB.
2028 528 2166 592 XI.

2358 550 2490 619 229

359 653 719 729 Increvisse
754 655 934 741 suis;
974 655 1389 756 obscuraque
1424 656 1691 730 carbasa
1722 653 1910 755 pullo

353 773 601 847 Naides
638 789 703 845 et
737 770 1033 871 Dryades
1053 828 1072 858 ‚
1106 770 1472 872 passosque
1503 771 1796 844 habuere
1831 768 2125 871 capillos,

357 887 664 979 Membra
692 886 908 984 jacent
939 885 1190 960 diversa
1225 885 1390 959 locis
1422 915 1438 958 ε

1473 901 1712 985 caput,
1751 885 2016 972 Heln-e,
2053 883 2389 986 lyramque
2429 907 2493 957 50

359 1001 672 1101 Excipis3
711 1018 774 1075 et
795 1057 813 1088 ‚
843 1001 1084 1074 mirum
1109 1057 1127 1087 ‚
1159 1001 1378 1075 medio
1413 1001 1571 1074 dum
1603 999 1852 1075 labitur
1877 1029 2102 1089 amne,

363 1113 619 1189 Flebile
655 1114 878 1187 nescio
910 1112 1073 1213 quid
1108 1115 1408 1214 queritur
1442 1114 1620 1215 lyra;
1655 1114 1875 1213 flebile
1905 1114 2135 1211 lingua

362 1232 745 1303 Murmurat
779 1227 1132 1315 exanimis;
1173 1228 1577 1328 respondent
1611 1228 1828 1303 flebile
1860 1229 2039 1329 ripae.

362 1346 854 1445 Jamquemare
888 1343 1156 1416 invectae
1189 1343 1432 1418 flumen
1457 1341 1779 1444 populare
1813 1342 2202 1444 relinquunt
2230 1401 2249 1433 ,

366 1462 458 1533 Et
492 1460 946 1562 Methymnaeae
982 1458 1331 1559 potiuntur
1358 1456 1553 1532 litore
1586 1458 1811 1533 Lesbi.
2433 1482 2499 1534 55

373 1631 472 1684 mis
501 1671 516 1699 ,
561 1630 702 1700 quod
742 1641 821 1684 est
861 1630 1187 1684 intolerabile
1223 1630 1387 1683 luxu-

367 1711 550 1764 riantis
572 1709 771 1779 ingenii
793 1709 1018 1778 signum.

447 1791 524 1854 48.
577 1789 850 1847 Carbasus,
898 1786 1033 1856 palla
1075 1785 1342 1839 carbasina
1371 1824 1388 1852 ,

371 1882 530 1933 quam
553 1863 787 1917 humeris
808 1861 918 1915 sere
945 1863 1193 1931 injectam
1219 1862 1390 1916 Fluvii

369 1946 428 1997 in
452 1943 814 1996 monumentis
831 1942 1044 1995 habent.
1069 1943 1198 1995 Erat
1214 1952 1392 1995 autem

371 2026 612 2075 carbasus
642 2039 806 2090 genus
833 2019 980 2072 lintei
1016 2019 1306 2072 tenuissimi
1338 2030 1393 2072 et

374 2098 893 2169 pretiosissimi.Virg.
910 2096 1123 2151 AEneid.
1135 2097 1243 2163 XI,
1266 2099 1359 2165 775
1376 2117 1390 2159 ς

378 2175 592 2229 Curtius
606 2214 620 2242 ,
636 2174 803 2240 VIII,
818 2189 873 2225 ιχ
889 2212 904 2240 ,
922 2193 980 2225 21
1001 2212 1015 2238 ,
1029 2172 1203 2240 ibique
1231 2171 1391 2224 inter-

373 2263 546 2324 pretes
571 2252 705 2304 vide.
725 2251 920 2304 Luctus
945 2270 1096 2304 causa
1115 2269 1256 2303 nunc
1280 2260 1394 2302 erat

331 2330 334 2335 ’
374 2336 612 2395 obscura,
637 2330 811 2385 colore
827 2335 1053 2393 obscura,
1082 2329 1134 2382 id
1150 2341 1256 2396 est,
1275 2349 1394 2382 aus-

375 2419 490 2461 tero
507 2430 522 2473 3
540 2428 732 2478 nempe
740 2412 882 2475 pullo
898 2449 911 2469 ,
939 2407 992 2459 id
1006 2417 1109 2468 est,
1129 2406 1395 2476 subnigro.

377 2484 485 2538 Sed
491 2490 688 2552 pullum
707 2484 941 2537 hocloco
957 2484 1274 2537 substantive
1295 2522 1309 2548 ,
1337 2490 1397 2533 ut

376 2563 490 2616 Liv.
517 2564 626 2631 IV,
651 2567 743 2632 25,
770 2562 859 2616 ubi
886 2561 1186 2618 Gronovius
1209 2561 1398 2614 obser-

375 2653 488 2710 vat,
513 2644 586 2696 sic
601 2642 839 2712 usurpari
865 2642 1026 2694 etiam
1049 2644 1218 2692 albam
1243 2650 1297 2691 et
1315 2643 1391 2690 ιιι·-

371 2742 529 2790 grum.
559 2722 743 2774 Vestes
770 2720 1015 2789 lugubres
1037 2718 1196 2771 etiam
1228 2716 1402 2788 Drya-

379 2799 492 2866 des,
507 2798 644 2851 VIII
664 2838 679 2865 ,
708 2799 801 2867 778
817 2838 832 2865 ,
851 2797 1399 2850 sumunt.--Habuere.

381 2873 538 2928 Unus
564 2875 764 2927 Mureti
787 2877 1054 2935 babuisse;
1080 2871 1203 2925 binc
1228 2870 1403 2923 Hein-

377 2953 484 3005 sius
498 2952 682 3004 suadet
700 2953 900 3003 Nai'das
916 2961 970 3003 et
986 2953 1229 3020 Dryadas
1242 2965 1259 3013 ,·
1272 2965 1403 3014 pas-

385 3049 562 3099 sosque
592 3034 856 3090 babuisse,
896 3039 955 3080 ut
980 3028 1239 3081 reseratur
1264 3024 1328 3079 ad
1355 3031 1405 3080 τὸ

386 3111 572 3161 decant.
585 3136 652 3148 —
669 3107 819 3176 Regii
843 3108 1006 3160 nostri
1021 3109 1250 3158 habuere.

452 3191 531 3241 5ο.
549 3190 777 3240 Membra
787 3187 973 3252 jacent
989 3196 1087 3238 etc.
1105 3185 1407 3252 Discerptus

390 3277 495 3332 est,
512 3276 571 3319 ut
587 3264 873 3329 Pentheus,
893 3265 979 3316 lib.
1002 3264 1106 3329 111,
1122 3283 1169 3313 v.
1188 3264 1282 3332 708
1296 3280 1406 3329 sqq.

391 3343 565 3396 Etiam
580 3342 717 3413 apud
729 3341 1010 3411 Virgilium
1034 3342 1233 3392 Hebrus
1254 3348 1409 3408 caput

394 3420 597 3491 Orphei
614 3419 798 3489 excipit
810 3459 825 3486 ‚
844 3430 897 3471 et
910 3423 1106 3485 gurgite
1119 3420 1279 3469 medio
1287 3435 1413 3484 poe*-

393 3508 482 3551 lat.
496 3496 803 3551 Secundum
817 3496 1138 3549 phanoclem
1152 3533 1167 3560 ‚
1182 3512 1311 3546 vers.
1331 3514 1350 3545 1
1365 3513 1382 3545 1
1394 3532 1409 3560 ,

394 3578 610 3632 Bacchae
624 3588 842 3647 caputet
856 3577 1024 3648 lyram
1041 3573 1184 3628 clavo
1200 3591 1413 3642 compe-

394 3667 613 3726 gerunt,
640 3667 701 3709 ut
726 3660 1007 3732 fpfspiuvro
1025 3654 1242 3725 ,θαλάσσῃ
1276 3655 1415 3721 ἄμφω

397 3737 510 3802 ἅμα.
534 3732 685 3786 Idem
709 3733 869 3788 etiam
896 3733 950 3785 in
973 3750 1099 3800 seqq
1122 3748 1414 3800 expressus:

398 3814 680 3882 Eurydicen
698 3833 798 3865 vox
815 3818 932 3880 ipsa
949 3811 1207 3878 etsrige'da
1223 3814 1414 3878 lingua,

399 3889 488 3941 Ah
508 3892 522 3941 .'
555 3896 785 3942 miseram
811 3890 1096 3960 Eurydicen
1126 3893 1298 3941 aalma
1308 3886 1420 3953 su-

397 3972 562 4035 pente
585 3974 801 4023 vocabat
819 3990 835 4022 .·
857 3972 1143 4040 Euryde'ceu
1162 3977 1268 4021 tolo
1288 3968 1423 4035 rese-

401 4048 583 4099 reban!
609 4050 821 4116 flamine
870 4053 1003 4116 ripe.
1046 4046 1153 4101 Sed
1196 4048 1388 4100 Noster
1405 4086 1421 4114 ,

403 4130 574 4178 nescio
602 4130 906 4195 quidfiebe'le
938 4119 1166 4195 eaerum.
1192 4123 1279 4178 Sic
1296 4124 1424 4177 He-

401 4203 538 4260 roid.
575 4204 771 4259 XVIII
790 4245 804 4273 ,
830 4208 892 4259 82
912 4245 929 4272 ,
968 4203 1230 4276 Alcyones
1255 4206 1428 4255 nescio

407 4287 534 4353 quid
543 4290 666 4340 msa
680 4296 801 4340 sunt
820 4288 951 4339 mihi
967 4287 1112 4339 dulce
1127 4287 1293 4353 quer1'3
1317 4281 1430 4335 Re·-

1485 1630 1627 1684 med.
1654 1632 1749 1700 766
1768 1671 1782 1699 ,
1810 1633 1885 1684 Et
1906 1650 2020 1684 mea
2041 1637 2213 1685 nescio
2234 1634 2361 1700 quid
2377 1651 2504 1686 car-

1485 1716 1626 1764 mina
1643 1714 1788 1764 dulce
1804 1721 2071 1764 sonant.—
2078 1713 2419 1781 Querielegan
2426 1722 2507 1766 ter

1489 1787 1555 1841 de
1577 1787 1738 1841 flebili
1760 1799 1813 1841 et
1831 1789 1973 1841 molli
1992 1809 2124 1842 sono
2140 1789 2264 1861 lyrae
2280 1801 2335 1842 et
2353 1790 2506 1843 tibiae.

1487 1865 1740 1919 Horatius
1758 1906 1772 1932 ,
1797 1867 1852 1920 ll
1868 1906 1883 1933 ,
1914 1865 2020 1920 Od.
2039 1883 2145 1920 1111
2164 1906 2178 1934 ,
2207 1871 2297 1934 24,
2322 1870 2507 1921 AEoliis

1465 1946 1667 2012 fidibus
1680 1963 1885 2011 querens
1898 1945 2067 2011 Sapha
2073 1947 2261 2010 puellis
2276 1946 2339 1997 de
2343 1964 2511 2011 popu-

1486 2025 1704 2085 laribus3
1734 2021 2005 2075 Lucretius
2024 2061 2039 2088 ,
2067 2024 2167 2089 IV,
2194 2023 2290 2075 588
2305 2061 2319 2089 ,
2336 2026 2510 2075 dulces

1486 2102 1730 2167 querelas,
1756 2101 1908 2151 Tibia
1928 2097 2256 2167 quassandit.
2279 2128 2347 2139 -—
2365 2102 2515 2152 Mur-

1488 2186 1665 2230 murat.
1695 2176 1895 2230 Confer
1919 2179 1989 2242 V,
2022 2180 2114 2229 105
2131 2217 2146 2242 ‚
2175 2188 2228 2230 et
2245 2177 2325 2230 VI
2347 2210 2361 2244 5
2382 2180 2510 2245 558,

1488 2254 1577 2306 ubi
1596 2252 1728 2307 adeo
1742 2294 1757 2322 ,
1778 2252 1919 2322 quod
1937 2254 2050 2322 jure
2071 2254 2275 2307 mireris
2291 2292 2306 2320 ,
2333 2254 2512 2322 lingua

1490 2331 1597 2400 jam
1623 2341 1821 2384 resecta
1840 2370 1856 2394 ,
1887 2341 2026 2385 terra
2054 2341 2266 2384 tremens
2299 2337 2514 2385 immur-

1487 2418 1573 2460 rat
1604 2418 1741 2460 atra.
1764 2435 1831 2447 —
1857 2411 2183 2475 Respondent
2204 2449 2218 2471 ,
2259 2419 2512 2461 resonant

1491 2505 1587 2555 per
1607 2485 1751 2539 echo.
1770 2487 2020 2556 Virgilius
2038 2526 2054 2553 ,
2081 2487 2189 2540 Ecl.
2208 2488 2258 2539 X
2276 2526 2291 2553 ,
2318 2489 2350 2541 8
2368 2526 2382 2552 ,
2405 2507 2516 2539 res-

1482 2566 1710 2632 pondent
1728 2571 1898 2618 omnia
1919 2568 2093 2628 s1'lvoe,·
2139 2564 2416 2626 Horatius,
2455 2565 2481 2618 I
2500 2605 2517 2631 ,

1495 2640 1602 2694 Od.
1625 2658 1707 2694 xu
1727 2680 1743 2708 ,
1773 2644 1803 2694 3
1821 2680 1837 2708 ,
1861 2648 2076 2696 recinere
2103 2642 2175 2696 sic
2202 2642 2348 2694 dixit.
2374 2641 2520 2695 Pha-

1495 2720 1670 2774 nocles
1691 2760 1706 2787 ,
1739 2741 1868 2774 vers.
1909 2721 1966 2773 16
1983 2760 1998 2785 ,
2040 2724 2134 2788 ἦχὴ
2177 2718 2220 2775 δ’
2239 2725 2298 2780 ὡς
2338 2728 2520 2797 λιγυρῖς
2570 2735 2582 2748 ‘

1496 2802 1651 2852 κᾶντον
1682 2804 1843 2867 intexe
1867 2804 2015 2874 λύρης.

1563 2882 1644 2945 54.
1665 2881 1823 2933 Mare.
1847 2879 2103 2949 Quinque
2128 2883 2271 2933 mari.
2285 2905 2351 2918 —
2369 2878 2525 2949 Regii

1499 2956 1666 3008 nostri
1706 2977 1857 3009 mare.
1888 2985 1955 2997 -
1989 2960 2239 3024 Populare
2256 2998 2269 3017 ‚
2319 2956 2523 3010 flumen

1501 3033 1738 3102 ejusdem
1766 3034 1942 3103 populi
1969 3074 1983 3102 ,
2011 3033 2152 3088 unde
2178 3046 2233 3087 et
2259 3034 2524 3101 Orpheus.

1503 3111 1680 3164 Etiam
1704 3112 1758 3176 I,
1788 3117 1879 3181 517
1900 3151 1914 3178 ,
1930 3116 2450 3180 papularziaflumffla,
2473 3122 2528 3165 et

1508 3187 1584 3240 IX
1604 3228 1618 3254 ,
1649 3210 1729 3242 20.
1750 3217 1818 3229 -
1840 3191 2202 3259 M'tleymuaea,
2245 3190 2365 3257 quia
2391 3189 2526 3241 Me-

1505 3266 1728 3337 thymna
1743 3269 1865 3320 urbs
1877 3269 2218 3322 celeberrima
2232 3267 2399 3321 Lesbi.
2418 3269 2527 3320 Pro

1506 3349 1834 3415 Methymneae
1871 3345 1956 3398 alii
1992 3347 2317 3416 Methymna-i
2325 3362 2341 3407 ,-
2377 3343 2531 3398 Can-

1509 3421 1902 3476 tab.!m’teleae1'.
1922 3423 2150 3490 —Regii
2172 3421 2337 3475 nostri
2360 3425 2535 3492 Mity-

1508 3505 1889 3556 leuei.-Poliri
1907 3503 1978 3554 ita
2001 3512 2079 3553 est
2099 3501 2260 3554 etiam
2277 3501 2416 3568 XII,
2433 3502 2501 3553 38
2519 3523 2534 3564 3

1513 3579 1652 3633 XIII
1676 3585 1693 3644 ,⁸
1718 3599 1827 3649 729.
1861 3577 2036 3646 Caput
2062 3577 2268 3647 Orphei
2293 3578 2538 3633 fluctibus

1513 3658 1570 3710 in
1610 3655 1834 3710 insulam
1872 3656 2079 3719 Lesbon
2116 3674 2226 3709 esse
2261 3653 2491 3709 delatum
2519 3695 2536 3723 ,

1513 3735 1689 3803 ibique
1714 3733 1993 3802 sepultura
2022 3732 2333 3786 mandatum
2365 3734 2540 3803 plures

1516 3810 1857 3864 tradiderant.
1876 3810 1985 3863 Pro
2007 3829 2114 3880 quo
2131 3810 2390 3864 beneficio
2411 3811 2540 3864 Les-
2646 3816 2651 3822 ’

1516 3889 1590 3941 bii
1605 3887 1669 3941 ad
1684 3888 1934 3941 musicam
1950 3898 2118 3942 artem
2138 3888 2541 3958 ingeniosissimi

1519 3986 1629 4021 esse
1651 3965 2109 4030 existimabantur3
2132 3966 2377 4037 Hyginus
2394 3966 2455 4018 P.
2474 3966 2544 4019 A.

1522 4046 1609 4112 11,
1631 4066 1654 4112 7
1673 4066 1687 4107 ;
1712 4043 1879 4097 Arion
1897 4043 2041 4097 enim
2057 4082 2072 4110 ,
2090 4043 2294 4097 Alcaeus
2308 4080 2324 4109 ,
2341 4042 2540 4113 sapho,

1523 4122 1729 4176 Erinna
1754 4120 1942 4173 Lesbii.
1978 4119 2208 4174 Thraces
2240 4120 2545 4173 contende-

1523 4198 1681 4265 bant,
1710 4195 1951 4250 luscinias
1968 4235 1984 4262 ‚
2020 4214 2136 4266 que
2170 4195 2307 4250 circa
2340 4193 2550 4266 Orphei

1525 4277 1824 4348 sepulcrum
1855 4274 2007 4331 nidos
2039 4274 2270 4333 habeant
2295 4315 2313 4344 ‚
2347 4274 2552 4333 suavius
