3185 5138
637 515 1717 621 METAMORPH‘OSEON
1776 559 1968 627 Lm.
2030 565 2169 630 1x.

2354 571 2473 635 113

341 688 649 786 Totaque
684 685 999 787 paulatim
1037 686 1253 764 lentus
1284 694 1526 792 premit
1558 681 1832 792 in'ssuina
1868 719 2112 776 cortex.

344 803 441 874 Ut
473 801 675 888 vidit,
713 821 945 877 conata
978 833 1174 878 manu
1213 805 1452 881 laniare
1487 808 1795 911 capillos,

342 916 608 992 Fronde
626 947 894 993 manum
911 918 1240 1021 implevit:
1262 923 1527 999 frondes
1550 946 1748 1028 caput
1766 958 1955 1006 omne
1978 936 2308 1012 tenebant.
2376 962 2475 1014 355

347 1037 440 1108 At
468 1062 638 1134 puer
669 1035 1065 1135 Amphissos
1086 1093 1104 1125 ,
1138 1066 1421 1139 namque
1457 1040 1586 1114 hoc
1619 1041 1776 1117 avus
1810 1048 2101 1148 Eurytus
2137 1051 2235 1125 itti

348 1149 714 1223 Addiderat
739 1179 1018 1240 nomen,
1056 1169 1347 1229 materna
1380 1155 1697 1251 rigescere
1727 1161 1930 1233 sentit

350 1265 612 1353 Ubera;
647 1294 768 1339 nec
801 1267 1103 1368 sequitur
1134 1269 1480 1344 dueentem
1512 1271 1758 1347 lacteus
1791 1275 2049 1352 humor.

350 1380 724 1481 Spectatrix·
755 1381 1012 1456 aderam
1043 1383 1160 1456 sati
1195 1384 1515 1472 erudelis,
1554 1414 1879 1490 opemque

348 1499 508 1571 Non
539 1514 838 1598 poteram
876 1499 1001 1571 tibi
1035 1499 1238 1588 ferre,
1276 1529 1467 1579 soror
1497 1533 1511 1575 ε
1549 1523 2001 1609 quantumque
2030 1511 2353 1604 valebam,
2385 1539 2484 1592 36«,

353 1613 770 1696 Crescentem
805 1629 1111 1688 truncum
1133 1671 1150 1703 ,
1185 1643 1537 1717 ramosque
1571 1617 1904 1719 amplexa,
1940 1626 2286 1702 morabar:

349 1729 478 1816 Et,
512 1728 756 1816 fateor,
789 1726 970 1801 volui
1001 1730 1129 1803 sub
1168 1731 1396 1804 eodem
1428 1734 1673 1807 cortice
1709 1736 1928 1809 condi.

350 1846 523 1917 Ecce
559 1844 659 1917 vir
689 1845 1126 1933 Andraemon,
1164 1849 1558 1950 genitorque
1588 1852 2027 1943 miserrimu3‚
2065 1857 2339 1949 adsunt,

351 1961 442 2032 Et
473 1978 774 2061 quaerunt
805 1962 1125 2062 Dryopen
1138 1994 1171 2063 ,ε
1205 1964 1522 2066 Dryopen
1558 1972 2011 2068 quaerentibus
2042 1972 2174 2052 illis

356 2075 642 2149 Ostendi
676 2075 861 2150 loton
892 2108 906 2149 ε
939 2078 1166 2184 tepido
1197 2079 1356 2153 dant
1389 2083 1614 2157 oscula
1649 2085 1833 2180 ligno
1857 2144 1875 2176 ‚

2386 2114 2483 2166 365

351 2192 725 2294 Adfusique
757 2222 890 2268 suae
922 2194 1257 2269 radicibus
1292 2198 1549 2271 arboris
1585 2198 1854 2275 haerent.

354 2308 507 2398 Nil,
543 2310 676 2383 nisi
702 2310 835 2410 jam
869 2310 1139 2399 faciem,
1177 2310 1361 2411 quod
1393 2341 1529 2385 non
1565 2312 1741 2387 foret
1769 2315 2003 2405 arbor,
2041 2316 2372 2410 habebas,

421 2509 533 2563 353.
544 2512 745 2563 Premit.
761 2509 972 2564 Primus
988 2508 1244 2563 Gronovii
1259 2549 1273 2577 ,
1290 2527 1372 2563 su-

354 2596 457 2654 bit,
491 2590 634 2660 quod
670 2592 1103 2650 Burmanno‘tozg
1135 2593 1298 2641 lentus
1321 2600 1375 2644 et

346 2673 600 2738 paulatim
625 2668 809 2721 melius
840 2668 1123 2722 convenire
1149 2666 1373 2721 videba-

355 2757 445 2801 tur
469 2765 481 2799 :
503 2744 593 2799 sed
604 2750 810 2812 premit,
834 2745 884 2798 id
904 2757 981 2799 est
995 2744 1175 2815 cingit,
1192 2745 1372 2812 ambit,

356 2824 647 2895 elegantius
672 2834 763 2877 est.
787 2851 855 2862 —
871 2825 992 2877 Hoc
1010 2822 1206 2877 habent
1225 2823 1376 2893 Regii

357 2903 883 2963 nostrive—Terrebant
900 2901 1197 2970 exquisitius
1218 2920 1376 2970 quam

356 2981 625 3051 vulgatum
652 2978 823 3051 (quod
856 2979 1051 3033 habent
1075 2980 1240 3033 nostri
1266 2980 1379 3033 Re-

360 3060 425 3130 gii
447 3057 474 3127 )
506 3061 755 3127 tegebant.
1038 3115 1055 3130 ,

422 3139 539 3192 356.
567 3138 874 3204 Amphis-sos
897 3156 958 3188 ex
977 3136 1251 3191 Antonino
1267 3137 1374 3191 Lib.

360 3237 590 3287 namque
609 3217 770 3270 MSS.
783 3226 986 3269 veteres
1005 3226 1057 3268 et
1078 3227 1259 3269 auctor
1276 3217 1382 3270 Ar-

361 3317 504 3369 gum.
526 3297 1062 3363 Amphitos—Nostri
1089 3296 1240 3366 Regii
1261 3299 1380 3350 Am·

353 3378 550 3444 phisos.
573 3403 639 3415 -·
662 3375 951 3426 Addiderat
982 3393 1160 3426 nowen
1195 3384 1291 3429 etc.
1316 3402 1383 3414 —

366 3454 511 3509 Nihil
543 3452 766 3505 elabitur
795 3452 1039 3505 soecundo
1071 3451 1249 3505 Ovidii
1287 3453 1381 3505 in-

365 3534 536 3604 genio.
554 3535 751 3584 Ducere
763 3535 916 3583 ubera
929 3531 1127 3600 phrasis
1141 3533 1350 3601 propria
1364 3554 1379 3597 ς

362 3609 662 3675 Juvenalis,
689 3609 798 3662 Sat.
815 3609 923 3663 XII
938 3649 953 3676 ,
978 3611 1024 3661 8.
1045 3609 1121 3661 lta
1142 3613 1386 3662 etducerc

352 3694 556 3757 pocula.
573 3689 875 3742 Ducentem
899 3693 1124 3757 sequitur
1141 3689 1247 3753 iac;
1273 3693 1383 3742 ad-

362 3772 477 3821 dere
495 3787 673 3821 nomen
689 3767 976 3835 elegantius
989 3806 1004 3831 ,
1022 3785 1179 3835 quam
1199 3770 1383 3820 indere.

364 3846 437 3913 V,
462 3848 573 3911 524„
598 3846 723 3899 Non
744 3844 902 3912 igitur
923 3855 1034 3898 erat
1050 3883 1066 3910 ,
1093 3864 1187 3897 cur
1209 3844 1386 3897 Hein-

363 3923 733 3978 siuu'redr'dera!
744 3923 934 3975 maliet.
956 3920 1222 3975 Caeterum
1238 3962 1252 3987 ,
1272 3942 1386 3975 auc·

363 4012 477 4056 tore
503 4001 772 4057 Nicandro
792 4041 806 4067 ‚
841 4001 1063 4054 mutatio
1093 4001 1177 4052 illa
1214 4002 1342 4053 facta
1367 4039 1383 4066 ,

366 4099 469 4149 quo
488 4091 726 4150 tempore
741 4079 1045 4148 Amphissos
1061 4080 1166 4145 jam
1182 4078 1388 4130 adultus

366 4156 600 4225 Apollini
633 4158 765 4227 patri
797 4156 1053 4224 tempium
1078 4154 1388 4207 exstruebat.

432 4236 549 4307 359.
581 4237 864 4302 Spectatrelz·
895 4239 1099 4287 aderam
1137 4244 1233 4287 etc.
1269 4233 1389 4286 Hoc

368 4314 594 4374 maxime
614 4312 856 4368 dolemus
875 4315 926 4367 in
951 4312 1244 4366 infortunio
1263 4330 1389 4364 nos-

601 4414 742 4480 IV.

1472 2520 1678 2564 trorum
1694 2552 1708 2580 ,
1735 2512 1877 2582 quod
1902 2532 2056 2584 opem
2078 2516 2214 2569 serre
2237 2537 2346 2572 non
2371 2538 2493 2591 pos-

1451 2607 1683 2655 -sumus,
1711 2610 2011 2659 quanquam
2042 2604 2356 2663 spectatores
2386 2598 2492 2651 ad-

1471 2677 1753 2720 stamus.-—
1762 2671 1916 2722 Volui
1932 2671 2182 2727 Heinsius
2203 2675 2315 2728 sine
2341 2696 2494 2731 cansa

1472 2745 1528 2797 in
1543 2746 1862 2799 vovimutari
1881 2748 2099 2803 volebat.
2121 2755 2380 2807 Volm'sub
2395 2766 2494 2810 etc.

1473 2833 1656 2876 votum
1692 2826 1963 2879 tenerrimi
1992 2829 2184 2882 amoris
2212 2850 2372 2901 prope
2398 2853 2492 2887 se—

1474 2901 1714 2971 pulcrum
1738 2904 2046 2960 amicorum.

1540 2981 1653 3033 363.
1675 2982 1989 3036 AIA-errimus
2010 2985 2171 3039 etiam
2196 2986 2257 3040 ad
2278 2984 2497 3042 Andre—

1474 3076 1667 3110 moacm
1679 3060 2190 3118 referendum-Bene
2210 3076 2386 3118 autem
2403 3067 2497 3120 hos

1475 3133 1575 3186 add
1596 3136 1684 3193 urit
1704 3176 1719 3202 ‚
1756 3148 1812 3190 ut
1841 3158 1996 3192 scena
2028 3139 2139 3195 haec
2175 3144 2338 3211 magis
2369 3163 2498 3195 mo-

1476 3223 1594 3264 veat
1624 3213 1889 3267 lectorem.
1928 3216 2184 3289 Dryopen
2215 3221 2319 3272 suis
2343 3222 2499 3274 cinc-

1477 3300 1586 3342 tam
1628 3301 1682 3343 et
1721 3293 1967 3347 mandata
2006 3308 2239 3350 extrema
2278 3298 2495 3351 dantem
2595 3300 2601 3305 ’

1479 3370 1733 3425 videmus.

1544 3447 1657 3501 365.
1685 3452 1873 3516 Tepido
1893 3471 1921 3504 e
1940 3471 2070 3505 vers.
2088 3454 2184 3523 393
2198 3492 2213 3518 ,
2233 3452 2500 3507 illustran-

1480 3522 1608 3577 dum
1636 3566 1649 3590 ,
1694 3529 2143 3596 quemadmodum
2178 3550 2238 3583 ex
2265 3531 2326 3596 1,
2367 3536 2495 3599 554,

1476 3607 1667 3669 trepido
1685 3607 1824 3673 quod
1845 3607 2071 3660 hocloco
2089 3609 2284 3663 habent
2302 3611 2500 3680 primus

1484 3677 1703 3735 Cantab.
1732 3684 1885 3736 Basii.
1911 3694 1962 3737 et
1987 3685 2169 3738 decem
2190 3688 2289 3740 alii.
2308 3691 2327 3756 (
2348 3689 2501 3758 Regii

1479 3760 1647 3811 nostri
1665 3759 1873 3830 tepido).
1887 3761 1992 3814 Sed
2010 3763 2134 3815 iuud
2152 3783 2296 3819 nunc
2310 3767 2500 3820 verius.

1491 3844 1672 3909 Tepere
1708 3839 1772 3892 de
1810 3840 1980 3893 calore
2016 3844 2246 3911 corporis
2282 3845 2504 3898 humani

1482 3920 1640 3971 etiam
1661 3958 1674 3983 ,
1699 3918 1747 3970 X
1764 3957 1779 3983 ,
1807 3921 2124 3979 281.—-Seue.
2150 3920 2205 3975 in
2227 3941 2384 3989 quam
2411 3942 2503 3977 sua

1482 3996 1675 4063 conjux
1699 4006 1750 4048 et
1776 3995 1879 4048 filia
1901 4016 2166 4052 conversa.
2186 4000 2496 4067 -Adsusi‚·

1483 4074 1602 4127 vide
1636 4073 1699 4125 ad
1741 4074 1858 4139 111,
1897 4076 2027 4142 4373
2063 4095 2365 4149 quanquam
2402 4099 2502 4133 nec

1483 4155 1669 4221 adfixi,
1705 4153 1845 4221 quod
1877 4154 1998 4206 MS.
2027 4154 2187 4207 Patat.
2223 4177 2322 4209 sec.
2359 4177 2506 4227 prae-

1482 4235 1616 4300 sert,
1650 4233 2031 4287 damnandum.
2066 4236 2240 4289 Etiam
2267 4240 2392 4291 AEn.
2420 4240 2468 4288 V
2488 4279 2502 4304 ,

1486 4313 1582 4367 852
1605 4351 1620 4377 ,
1651 4316 1851 4382 cucifixus
1877 4324 1931 4366 et
1953 4317 2142 4373 herens
2168 4317 2509 4386 conjungun-

2192 4423 2231 4481 ὃ
