3185 5138
754 539 890 627 444

1328 541 1405 608 Ρ.
1459 542 1820 610 OVIDII
1864 539 2312 610 NASONIS

759 717 794 749 »
836 685 982 757 Hos
1020 700 1239 757 tamen
1272 682 1380 759 ille
1414 685 1579 758 mihi
1613 684 1841 771 dabat,
1881 700 2317 783 aeternamque
2345 683 2715 782 juventam,
2785 707 2890 776 140

760 833 794 864 >›
832 800 905 873 Si
938 802 1257 874 Venerem
1289 819 1588 901 paterer:
1623 818 1952 874 contemto
1986 828 2254 874 munere
2290 799 2531 874 Phoebi

759 948 794 980 n
832 916 1090 991 Innuba
1120 946 1468 1019 permaneo
1502 947 1518 991 τ
1548 917 1663 990 sed
1686 917 1818 1016 jam
1849 915 2103 990 felicior
2132 932 2286 990 aetas

755 1065 791 1096 »
833 1032 1046 1127 Terga
1078 1032 1302 1122 dedit‚·
1337 1032 1751 1133 tremuloque
1788 1032 1990 1128 gradu
2027 1032 2206 1106 venit
2236 1059 2405 1128 aegra
2437 1049 2776 1120 senectus,

760 1185 795 1215 »
837 1153 1006 1249 Quae
1038 1151 1344 1253 patienda
1378 1151 1490 1225 diu
1525 1171 1663 1239 est3
1702 1179 1853 1224 nam
1882 1151 2016 1249 jam
2045 1150 2211 1223 mihi
2247 1148 2478 1224 saecula
2512 1168 2762 1251 septem

757 1300 793 1332 >2
822 1269 1002 1342 ,Acta
1033 1267 1214 1339 vides
1247 1296 1263 1340 ε
1305 1285 1637 1368 superest,
1665 1295 1979 1342 numeros
2010 1284 2086 1341 ut
2115 1266 2405 1367 pulveris
2440 1295 2724 1367 aequem,
2783 1287 2881 1356 145

759 1415 794 1446 »
832 1379 1229 1455 Tercentum
1256 1408 1501 1454 messes
1519 1437 1537 1468 ‚
1573 1399 1935 1456 tercentum
1970 1399 2185 1456 musta
2213 1380 2449 1455 videre.
2510 1467 2523 1476 ,

760 1529 797 1562 »
833 1498 1129 1598 Tempus
1157 1499 1318 1585 erit,
1355 1527 1561 1599 quum
1594 1526 1698 1573 me
1728 1498 1810 1572 de
1845 1515 2031 1572 tanto
2066 1526 2345 1598 corpore
2375 1525 2643 1597 parvam

764 1647 800 1678 ³>
839 1616 1073 1710 Longa
1109 1615 1246 1688 dies
1281 1615 1474 1689 saciat
1495 1672 1515 1704 ‚
1555 1633 2029 1716 consumtaque
2062 1615 2356 1688 membra
2389 1630 2648 1687 senecta

765 1763 804 1794 »
844 1730 953 1802 Ad
980 1730 1326 1804 minimum
1360 1732 1747 1827 redigantur
1782 1760 1952 1806 onus
1983 1761 1999 1805 ε
2026 1759 2147 1806 nec
2181 1747 2390 1805 amata
2424 1728 2740 1816 videbor,

765 1877 801 1908 »
839 1847 979 1918 Nec
1013 1846 1338 1947 placuisse
1378 1849 1524 1922 Deo
1563 1878 1579 1921 t
1617 1847 1916 1923 Phoebus
1952 1875 2223 1948 quoque
2254 1845 2531 1920 forsitan
2564 1846 2708 1947 ipse
2793 1863 2886 1917 150

763 1994 800 2025 υ
837 1959 960 2032 Vel
991 1990 1128 2035 non
1159 1981 1511 2058 agnoscet,
1548 1961 1650 2038 vel
1687 1962 1992 2038 dilexisse
2023 1962 2313 2059 negabit.

768 2109 802 2138 »
842 2078 1072 2178 Usque
1105 2078 1268 2153 adeo
1302 2096 1556 2155 mutata
1584 2079 1794 2154 ferar!
1829 2079 2129 2181 nullique
2162 2078 2472 2166 videnda,

763 2223 799 2255 >³
841 2193 1022 2266 Voce
1054 2211 1269 2270 tamen
1298 2224 1565 2283 noscar;
1598 2222 1823 2269 vocem
1857 2195 2021 2268 mihi
2051 2194 2183 2269 sata
2219 2193 2611 2294 relinquent.
2649 2227 2686 2257 »ι

857 2309 979 2382 ΙΠ.
1019 2309 1206 2385 Τ3Ῑί3
1239 2340 1602 2387 convexum
1637 2340 1757 2413 per
1788 2312 1914 2385 iter
1945 2327 2347 2385 memorante
2379 2306 2633 2410 Sibylla
2651 2363 2670 2396 ,

758 2510 915 2556 {amm
938 2523 1001 2559 ex
1024 2504 1188 2558 altero
1213 2505 1604 2577 Hamburgensi
1624 2546 1640 2574 ,
1665 2524 1774 2558 uno

759 2582 1001 2638 Leidensi
1020 2596 1075 2639 et
1089 2604 1200 2638 uno
1213 2604 1307 2639 suo
1325 2585 1470 2639 dedit
1493 2586 1743 2639 Heinsius
1761 2607 1775 2651 ς

762 2662 936 2715 caeteri
954 2701 968 2727 ,
994 2666 1188 2717 excidit
1209 2673 1505 2730 adpeterent.
1531 2691 1597 2704 -
1621 2665 1777 2718 Hanc

759 2750 1080 2809 postremam
1114 2739 1393 2794 lectionem
1436 2740 1632 2795 habent
1673 2760 1776 2795 co-

763 2818 902 2872 dices
927 2818 1078 2887 Regii
1102 2836 1116 2870 2
1140 2829 1195 2871 et
1219 2819 1273 2870 in
1298 2818 1477 2873 codice
1506 2819 1554 2871 A
1585 2819 1778 2889 legitur

760 2893 1112 2949 interlinearis
1142 2894 1254 2949 boc
1285 2897 1447 2966 glossa
1478 2917 1491 2950 :
1528 2897 1716 2951 excidit
1746 2916 1777 2951 a

766 2982 964 3024 mente.
998 2973 1096 3024 Ed.

834 3052 940 3115 ¹4²·
964 3052 1446 3117 [anubapemraeneo.
1469 3050 1672 3105 Eadem
1688 3050 1780 3105 Si·-

762 3125 899 3198 bytla
936 3127 1073 3197 apud
1109 3128 1376 3182 Tibullum
1394 3169 1409 3196 ,
1444 3131 1498 3184 11
1526 3170 1540 3196 ,
1565 3148 1604 3181 v
1622 3169 1638 3195 ,
1676 3130 1742 3197 64
1760 3169 1776 3196 ,

773 3206 905 3258 Vera
925 3225 1055 3259 cano
1082 3211 1161 3260 sic
1174 3247 1187 3260 .
1207 3245 1220 3258 .
1240 3249 1253 3261 .
1274 3210 1527 3271 :fletuum
1558 3214 1634 3262 sit
1660 3214 1790 3264 nezi

767 3287 1049 3350 virgeiw'tas.

850 3362 956 3428 143.
997 3365 1156 3430 Αἷμα
1174 3402 1189 3424 .
1238 3362 1358 3432 quia
1401 3374 1639 3419 senectus
1678 3364 1785 3435 ipsa

772 3440 1020 3503 morbus;
1048 3442 1266 3494 Terent.
1288 3440 1628 3510 Phorm.1V‚
1655 3459 1704 3510 t,
1724 3463 1785 3514 9,

772 3518 862 3572 ubi
884 3516 987 3572 vid.
1022 3517 1310 3572 Lindenbr.
1347 3520 1549 3574 Hausta
1578 3520 1690 3574 hac
1720 3519 1786 3573 de

770 3678 975 3750 byllinis
987 3689 1165 3732 censet
1178 3679 1429 3732 Heinsius
1441 3719 1455 3747 ,
1475 3698 1633 3749 quem
1653 3677 1789 3731 vide.

772 3757 1025 3808 —Musta
1044 3774 1142 3825 pro
1163 3755 1439 3810 vindemiis
1458 3796 1473 3823 ,
1511 3768 1565 3810 et
1587 3757 1668 3809 be
1687 3795 1705 3822 ,
1732 3765 1789 3808 ut

776 3852 963 3887 messes
978 3874 991 3897 ‚
1020 3853 1117 3903 pro
1139 3833 1303 3887 annis.

848 3915 956 3986 149.
986 3914 1153 3975 Onus,
1187 3912 1457 3967 molecula.

846 3996 953 4046 152.
979 3993 1184 4044 Mutata
1193 3989 1346 4058 strar
1365 3989 1567 4061 plenius
1598 4000 1652 4044 et
1672 3990 1793 4044 ele-

776 4068 981 4136 gantius
1001 4107 1016 4134 ‚
1059 4087 1217 4137 quam
1235 4107 1250 4133 ,
1287 4069 1547 4123 mutabor.
1566 4097 1634 4109 —
1663 4071 1795 4123 Voce

776 4156 943 4199 tamen
978 4167 1172 4201 noscat.
1207 4147 1365 4202 Vocis
1399 4148 1618 4203 nomine
1652 4149 1795 4202 acci-

778 4222 1032 4292 piendum
1071 4245 1181 4279 non
1221 4245 1380 4281 sonus
1423 4226 1794 4281 tantummodo

778 4304 947 4373 vocis,
978 4318 1071 4361 seu
1105 4306 1275 4364 inanis
1303 4327 1434 4376 von
1464 4306 1556 4366 sed
1589 4306 1798 4362 fatidica

1868 2525 1996 2574 vox,
2023 2517 2081 2560 ut
2104 2504 2367 2559 indicetur
2391 2502 2644 2577 Sibyllam
2668 2501 2883 2555 faculta-

1872 2598 1977 2640 tem
1996 2584 2308 2640 vaticinandi
2333 2603 2454 2638 cum
2474 2601 2726 2653 corporea
2745 2581 2879 2635 mole

1870 2683 1981 2717 non
2007 2664 2327 2717 amissus-am.
2351 2665 2450 2714 Ed.
2702 2696 2713 2711 2

1944 2744 2190 2809 154-440.
2217 2744 2276 2795 Iu
2310 2742 2460 2796 litore
2489 2742 2732 2794 Caietano
2755 2739 2882 2791 Ha-

1875 2839 2105 2882 ece-enm,
2148 2818 2393 2872 Graecum
2415 2858 2431 2883 ,
2463 2816 2766 2886 reperiunt,
2805 2812 2886 2867 cui

1874 2899 2254 2951 Achaemenides
2270 2937 2283 2958 ,
2323 2896 2538 2949 Graecus
2576 2906 2631 2948 et
2663 2894 2772 2964 ipse
2788 2933 2803 2958 ,
2835 2902 2887 2944 et

1876 2976 1940 3029 ab
1955 2975 2143 3046 Ulysse
2168 2976 2222 3027 in
2245 2974 2408 3027 AEtna
2427 2973 2634 3027 relictus
2647 3012 2661 3038 ,
2680 2970 2769 3025 sed
2783 2971 2884 3038 iam

1877 3053 2063 3107 AEneoe
2106 3072 2282 3107 comes
2322 3052 2591 3105 adherens
2615 3090 2630 3118 ,
2672 3058 2846 3102 narrat
2868 3085 2883 3116 ,

1881 3142 2205 3202 quantopere
2235 3132 2564 3199 Polyphemus
2590 3137 2708 3198 post
2730 3125 2887 3179 Gre-

1876 3229 2060 3264 corum
2087 3209 2361 3263 discessum
2388 3207 2640 3269 saevierit,
2673 3214 2727 3257 et
2748 3220 2884 3271 quo-

1880 3287 2039 3341 modo
2076 3289 2183 3356 ipse
2219 3297 2453 3341 servatus
2486 3286 2553 3338 sit
2585 3302 2615 3336 a
2647 3280 2886 3351 Troianis

1886 3369 2132 3434 157-222.
2176 3366 2353 3430 Tum,
2396 3363 2629 3428 223-440
2651 3400 2666 3427 ‚
2697 3359 2887 3413 Acba-

1880 3445 2078 3499 menidi
2117 3443 2337 3498 vicissim
2380 3441 2657 3495 Macareus
2694 3436 2884 3505 refert,

1882 3521 2007 3592 quid
2034 3521 2207 3594 Ulyssi
2233 3532 2287 3575 et
2313 3519 2462 3574 sociis
2481 3559 2496 3586 ,
2523 3518 2699 3571 relicta
2722 3515 2888 3570 Sicilia

1884 3599 2158 3664 acciderit,
2203 3598 2438 3667 inprimis
2465 3598 2519 3649 in
2552 3597 2721 3649 Cin-es
2753 3591 2881 3645 adi-

1882 3682 1995 3736 bus.
2030 3681 2094 3734 In
2126 3680 2203 3734 his
2236 3677 2626 3733 transformatio
2648 3681 2884 3729 sacimas

1883 3764 1939 3813 1⁸ae
1958 3776 2074 3811 sues
2089 3797 2103 3818 ,
2136 3768 2187 3810 et
2211 3756 2334 3810 inde
2357 3774 2533 3808 rursus
2550 3754 2602 3806 in
2622 3750 2880 3817 homines,

1885 3838 2138 3907 273-307.
2175 3836 2319 3890 Tum
2359 3835 2631 3888 Macareus
2659 3874 2673 3899 ‚
2713 3832 2886 3885 Circes

1887 3927 2055 3970 artem
2074 3914 2294 3982 amplius
2307 3912 2736 3982 comprobaturus
2749 3950 2763 3975 ,
2780 3912 2894 3962 Pice·

1887 3995 2235 4050 mutationem
2286 3990 2551 4061 subjungit
2583 4028 2598 4055 ‚
2641 3989 2885 4054 308-440.

1890 4073 2057 4135 Totus
2079 4071 2135 4124 in
2162 4069 2242 4123 his
2272 4068 2469 4139 pendet
2491 4067 2556 4120 ab
2581 4067 2821 4119 Homero
2839 4072 2889 4116 et

1890 4148 2127 4219 Virgilio.
2150 4175 2218 4188 ·-
2245 4149 2523 4200 Cometen
2542 4186 2555 4205 ,
2588 4144 2774 4198 acclive
2792 4180 2808 4208 ‚
2839 4150 2896 4192 ut

1892 4229 2027 4283 XIII
2042 4266 2057 4292 ‚
2076 4246 2167 4298 9¹¹
2191 4263 2206 4290 ‚
2229 4244 2476 4278 convexus
2491 4242 2651 4292 apex,
2677 4220 2897 4275 declivis.

1891 4306 2117 4361 Leni-ius
2139 4312 2320 4360 contra
2343 4313 2634 4359 excavatam
2654 4302 2792 4355 viam
2815 4298 2900 4351 in·-
