3185 5138
689 546 1764 619 METAMORPHOSEON
1818 550 2015 616 LIB.
2074 550 2165 617 X.

2346 550 2473 616 213

354 734 391 763 »
435 695 712 772 Occidet
745 695 854 769 hic
888 696 1094 792 igitur
1114 752 1133 784 ‚
1168 693 1386 769 voluit
1418 694 1576 795 quia
1604 694 1819 768 vivere
1853 695 2161 768 mecum?

355 848 391 880 »
431 811 910 912 Indignamque
943 840 1166 885 necem
1200 810 1483 912 pretium
1515 809 1805 911 patietur
1836 809 2125 883 amoris?

353 961 392 995 2»
432 931 584 1001 Non
622 925 746 1000 erit
779 925 1040 999 invidiae
1075 922 1351 999 victoria
1382 942 1611 999 nostra
1645 924 1960 999 ferendae:

358 1079 393 1111 »
435 1044 566 1119 Sed
599 1071 737 1117 non
772 1040 965 1142 culpa
1001 1070 1143 1115 mea
1182 1058 1325 1114 est:
1355 1041 1611 1115 utinam
1648 1040 1959 1114 desistere
1984 1036 2218 1112 velles!

357 1194 396 1225 ι»
434 1161 616 1246 Ant,
656 1158 970 1259 quoniam
1002 1185 1071 1232 es
1107 1156 1375 1231 demens
1398 1214 1417 1244 ‚
1455 1157 1709 1230 utinam
1746 1154 2038 1230 velocior
2067 1155 2287 1229 esses!
2385 1173 2489 1224 630

361 1308 398 1339 >v
443 1276 537 1347 At
572 1302 768 1376 quam
797 1273 1131 1370 virgineus
1161 1271 1405 1373 puerili
1440 1271 1663 1347 vultus
1696 1273 1765 1345 in
1802 1301 1915 1349 ore
1949 1273 2089 1346 est!

363 1423 400 1454 n
440 1389 587 1464 Ah!
622 1391 822 1465 miser
854 1390 1277 1491 Hippomene
1298 1446 1317 1477 ‚
1357 1387 1609 1463 nollem
1646 1387 1771 1462 tibi
1806 1389 1945 1462 visa
1976 1387 2289 1462 fuissem!

365 1538 402 1570 n
437 1506 674 1581 Vivere
709 1507 952 1602 dignus
985 1535 1125 1580 eras
1155 1536 1170 1579 t
1205 1505 1384 1607 quod
1415 1505 1472 1578 si
1507 1503 1764 1579 felicior
1798 1516 2003 1578 essetn
2025 1560 2043 1593 ,

364 1656 401 1688 ι»
438 1624 576 1697 Nec
611 1623 775 1697 mihi
811 1622 1192 1722 conjugium
1226 1621 1357 1697 fata
1389 1622 1771 1722 importuna
1801 1638 2155 1716 negarent,

368 1771 403 1801 »
442 1740 636 1812 Unus
672 1765 850 1826 eras,
890 1766 1040 1811 cum
1078 1767 1212 1838 quo
1251 1737 1499 1810 sociare
1535 1735 1781 1810 cubilia
1814 1764 2099 1838 possem.
2142 1769 2176 1801 n

2385 1753 2488 1808 6³5

359 1853 634 1933 Dixerat
663 1883 678 1925 :
709 1871 915 1955 utque
947 1854 1169 1942 rudis,
1206 1854 1554 1955 primoque
1590 1851 1922 1955 Cupidine
1954 1870 2165 1941 tacta,

364 1968 567 2064 Quod
599 1968 759 2042 facit
789 1969 1142 2063 ignorans,
1176 1985 1350 2042 amat
1370 2026 1388 2059 ‚
1422 1986 1486 2042 et
1515 1997 1656 2043 non
1694 1969 1897 2043 sentit
1929 1996 2235 2043 amorem.

361 2086 509 2160 Jam
544 2084 781 2159 solitos
814 2102 1105 2186 poscunt
1139 2112 1370 2158 cursus
1403 2084 1830 2187 populusque
1862 2103 2216 2186 paterque,

422 2271 541 2324 626.
586 2274 772 2325 Voluit.
812 2270 1042 2325 Urbinas
1070 2310 1085 2335 ,
1117 2271 1371 2337 Noricus,

362 2347 493 2402 alter
537 2350 830 2422 Hamburg.
877 2348 1008 2403 alter
1056 2349 1375 2402 Erfurtensis

363 2433 511 2481 weil.
524 2456 593 2469 —
611 2429 759 2499 Regii
783 2428 948 2481 nostri
968 2430 1143 2480 voluit.

427 2504 540 2575 627.
553 2510 853 2559 Palc‘necem
868 2515 946 2559 est
961 2503 1118 2558 etiam
1134 2502 1187 2555 in
1203 2498 1370 2566 Ibide,

367 2586 458 2639 521
488 2607 502 2649 ;
540 2596 595 2639 et
617 2591 823 2654 patiens
854 2589 1028 2639 mortis
1046 2625 1060 2645 ,
1103 2581 1335 2635 mortalis
1356 2621 1372 2648 ,

363 2682 517 2734 supra
543 2666 597 2719 11
614 2704 629 2731 ,
654 2667 752 2719 653
783 2686 795 2719 ε
816 2671 1041 2734 patimur
1068 2663 1247 2716 omnia
1276 2682 1336 2715 ea
1355 2701 1371 2729 ‚

367 2762 481 2810 quae
494 2743 644 2797 nobis
655 2744 974 2809 inseruntur,
986 2742 1222 2806 vulnera,
1237 2758 1374 2792 mor-

364 2833 474 2874 tem
493 2862 508 2890 ,
529 2822 749 2877 vincula.
779 2825 902 2878 Non
925 2821 1084 2893 igitur
1105 2829 1218 2873 erat
1236 2858 1250 2886 ‚
1279 2838 1374 2873 cur

365 2898 704 2955 Burmannus
726 2922 788 2955 ex
811 2901 1088 2971 Langerm.
1108 2897 1375 2969 Excerptis

367 2977 543 3032 mallet
557 3018 572 3043 ,
578 2984 811 3046 potietur,
835 2976 975 3048 quod
993 2976 1178 3030 melius
1196 2986 1375 3048 τῷριτ·

365 3062 487 3110 te'um
506 3058 813 3124 conveniat,
837 3068 890 3110 et
908 3056 1047 3126 quod
1063 3055 1224 3109 soleat
1237 3055 1376 3108 Nos-

368 3145 449 3188 ter
485 3136 622 3190 hanc
657 3155 837 3190 vocem
871 3154 992 3189 cum
1030 3144 1218 3204 quarto
1253 3151 1373 3187 casu

368 3225 684 3268 construere.
697 3242 766 3255 -
777 3216 1067 3282 Indignam,
1095 3213 1342 3280 injustam
1359 3247 1375 3276 ,

367 3302 428 3344 ut
439 3295 853 3362 sape—Invida
865 3333 878 3355 ‚
900 3291 1082 3346 odium
1097 3310 1110 3344 :
1125 3311 1226 3343 noa
1239 3295 1377 3343 erit...

353 3371 579 3438 serenda
610 3391 704 3441 pro
725 3370 914 3441 vulgat.
938 3369 1130 3423 invidia
1150 3367 1378 3422 victorie

368 3461 558 3505 nostro
604 3469 715 3504 non
764 3450 865 3504 erit
909 3447 1123 3502 serenda
1155 3469 1170 3512 ς
1217 3447 1377 3501 etiam

371 3528 582 3582 Amorr.
607 3528 690 3583 ΙΙΙ
719 3568 734 3595 ,
771 3528 806 3581 6
824 3567 839 3595 ,
870 3531 986 3581 Non
1012 3532 1111 3581 cris
1141 3530 1366 3589 madae,

364 3617 574 3671 torrens,
590 3604 831 3674 feriende.

430 3688 549 3741 631:
588 3689 750 3754 Quam
784 3691 1035 3754 virgineus
1059 3688 1250 3757 puerili
1278 3696 1377 3740 etc.

369 3765 648 3819 Anacreon
666 3803 681 3831 ,
697 3762 833 3834 apud
850 3764 922 3817 H.
936 3762 1118 3833 Steph.
1132 3763 1187 3817 in
1208 3762 1377 3836 Lyric-

369 3860 420 3908 p.
441 3843 540 3894 530
554 3879 568 3906 ‚
594 3842 631 3895 ὦ
658 3853 746 3896 παῖ
762 3845 990 3914 καρθίνιον
1012 3845 1192 3895 ssis-mv.

437 3919 549 3986 634.
571 3922 674 3974 Nec
686 3924 816 3974 mihi
827 3931 923 3974 etc.
940 3918 1054 3973 vide
1072 3940 1204 3974 vers.
1227 3921 1322 3987 564
1337 3940 1378 3973 s.

375 3994 533 4049 Cous.
548 3996 842 4052 Lactantius
855 4037 870 4065 ,
887 3997 1107 4066 Argum.
1121 3996 1226 4050 Sed
1242 3995 1377 4066 apud

370 4072 651 4145 Hyginum
681 4092 710 4125 a
739 4084 880 4142 patre
907 4074 1015 4145 ipsa
1046 4073 1208 4143 petit,
1245 4083 1301 4125 ut
1325 4091 1379 4126 se

369 4150 629 4219 virginem
646 4168 849 4203 servare
873 4151 1279 4204 velit.—Soce‘are
1293 4167 1383 4201 so-

369 4228 547 4281 lemne
568 4227 633 4281 de
650 4229 957 4300 conjugibus
975 4251 989 4294 ς
1010 4231 1062 4295 l,
1088 4229 1187 4281 620
1203 4268 1218 4296 ,
1240 4234 1384 4282 soce'a

369 4311 493 4375 tori,·
521 4306 575 4360 11
598 4306 645 4361 F
645 4318 734 4362 ast.
752 4327 846 4382 7²9
861 4347 876 4375 ‚
893 4311 1104 4362 sociale&
1113 4318 1277 4375 torus‚·
1293 4306 1346 4361 11
1364 4345 1381 4374 ‚

1471 2271 1588 2325 Art.
1614 2272 1788 2325 Amat.
1814 2272 1930 2340 377,
1952 2275 2122 2324 socha
2141 2274 2336 2335 lectum
2368 2271 2487 2325 He·

1468 2350 1601 2405 roid.
1642 2351 1724 2403 ΙΙΙ
1747 2388 1762 2415 ,
1804 2370 1896 2422 ¹⁰9
1921 2388 1936 2416 ,
1975 2355 2171 2402 sociam
2197 2353 2398 2402 cubilia.
2418 2377 2487 2391 —

1471 2431 1693 2482 Possem.
1715 2426 1933 2481 Codices
1951 2426 2100 2497 Regii
2120 2430 2325 2490 mileum
2342 2427 2484 2496 quod

1471 2505 1639 2576 aptius
1663 2523 1821 2575 quam
1842 2503 2111 2576 vulgatum
2130 2522 2334 2557 censeo.
2352 2506 2451 2559 Ed.

1518 2584 1632 2640 636,
1650 2587 1890 2638 Dixerat:
1902 2592 2049 2653 utque
2062 2587 2201 2637 rudis
2216 2593 2313 2636 etc.
2325 2583 2485 2652 Apud

1471 2661 1814 2715 Theocritum
1830 2702 1845 2729 ,
1867 2660 1997 2734 ldyl.
2015 2661 2127 2726 111,
2149 2663 2210 2727 4²
2225 2700 2240 2727 ‚
2258 2661 2339 2714 vix
2353 2679 2487 2714 con-

1468 2754 1645 2811 specto
1662 2743 1997 2813 Hippomene
2015 2741 2195 2812 incipit
2211 2743 2383 2796 furere
2399 2781 2415 2809 ,
2430 2751 2487 2796 et

1469 2821 1525 2874 in
1550 2821 1872 2892 profundum
1894 2840 2130 2874 amorem
2154 2819 2397 2874 incidere.
2419 2850 2485 2863 -

1476 2901 1628 2966 Quod
1639 2896 1794 2966 saci!-
1832 2899 2075 2969 Plerique
2111 2899 2354 2952 meliores
2378 2898 2401 2969 (
2431 2909 2487 2952 et

1470 2978 1636 3030 nostri
1666 2977 1815 3047 Regii
1842 2973 1867 3046 )
1902 2981 2028 3045 quid
2045 2975 2219 3043 sucin
2258 2987 2483 3045 quatuor

1470 3059 1598 3123 quid
1609 3054 1822 3123 saciat,·
1863 3056 2112 3110 Heinsius
2130 3054 2314 3110 suadet
2334 3059 2483 3124 qnid-

1467 3150 1562 3199 que
1583 3141 1719 3199 agat.

1536 3210 1650 3262 638.
1663 3213 1831 3271 Pater,
1853 3219 2025 3279 patres
2037 3248 2052 3275 ‚
2067 3210 2297 3263 seniores
2315 3220 2367 3263 et
2385 3208 2483 3261 ho-

1470 3287 1763 3340 noratiores
1793 3306 1806 3340 2
1828 3291 2047 3355 populus
2066 3296 2336 3354 paresque
2363 3287 2483 3339 sor-

1472 3364 1617 3415 mula
1654 3364 1899 3417 solemnis
1932 3374 1985 3416 et
2018 3364 2204 3432 passim
2240 3363 2389 3414 obvia
2418 3362 2483 3415 de

1472 3442 1727 3496 universis
1745 3442 1939 3496 civibus
1956 3441 2209 3496 Romanis
2226 3480 2241 3507 ,
2266 3450 2370 3492 tam
2391 3460 2488 3509 pa-

1473 3519 1631 3572 triciis
1648 3528 1700 3571 et
1714 3518 2039 3573 senatoribus
2051 3557 2065 3584 ‚
2082 3535 2237 3586 quam
2257 3516 2485 3586 plebeiis.

1471 3594 1762 3649 Maximam
1776 3594 2135 3665 exemplorum
2157 3592 2354 3645 nubem
2375 3592 2487 3645 col-

1472 3672 1598 3744 tegit
1626 3672 1897 3726 Bentleius
1919 3671 1981 3724 ad
2010 3673 2197 3724 Horat.
2229 3671 2310 3725 ΠΙ
2328 3711 2344 3737 ,
2376 3669 2486 3724 Od.

1472 3770 1531 3809 vx
1550 3793 1565 3820 ,
1591 3773 1671 3807 ao.
1699 3753 1842 3806 Hinc
1865 3752 2021 3805 etiam
2055 3751 2119 3805 de
2149 3751 2257 3805 aliis
2283 3752 2485 3822 populis

1473 3843 1528 3886 et
1539 3832 1753 3885 coetibus
1763 3832 2364 3902 usurpatum—Poscere
2377 3830 2488 3884 sere

1473 3920 1534 3964 ut
1548 3911 1800 3963 Horatius
1813 3950 1828 3978 ,
1847 3910 1960 3964 Art.
1977 3910 2125 3964 Poet.
2148 3930 2239 3981 ¹90
2256 3948 2271 3975 ‚
2284 3909 2484 3974 sabula,

1473 4010 1578 4060 que
1592 3995 1746 4056 posci
1761 3994 1869 4041 vall
1881 4030 1896 4052 ,
1928 4008 2085 4059 quam
2110 3989 2302 4042 iterum
2328 4006 2487 4057 spec-

1475 4081 1584 4124 tare
1620 4069 1838 4139 cupiunt
1879 4080 2206 4140 spectatores.
2228 4095 2297 4110 ·-
2324 4071 2489 4134 Quum

1475 4169 1552 4202 me
1568 4152 1794 4200 sollicita
1817 4158 1913 4201 etc.
1937 4149 2026 4200 Me
2048 4148 2345 4209 Venerem;
2368 4164 2483 4199 nar·

1474 4236 1556 4279 rat
1575 4226 1720 4279 enim
1734 4225 1846 4279 haec
1865 4224 2097 4279 Adonidi
2116 4226 2309 4277 Venus.
2322 4225 2489 4277 Ed.-

1476 4309 1706 4361 Sollt'cita
1736 4325 1837 4360 vot
1855 4345 1871 4373 ,
1914 4324 2072 4375 quam
2104 4303 2297 4359 emittit
2330 4302 2491 4359 homo
