<?xml version="1.0" encoding="UTF-8"?>
<!DOCTYPE html PUBLIC "-//W3C//DTD XHTML 1.0 Transitional//EN"
    "http://www.w3.org/TR/xhtml1/DTD/xhtml1-transitional.dtd">
<html xmlns="http://www.w3.org/1999/xhtml" xml:lang="en" lang="en">
 <head>
  <title>
</title>
<meta http-equiv="Content-Type" content="text/html;charset=utf-8" />
  <meta name='ocr-system' content='tesseract 3.04.00' />
  <meta name='ocr-capabilities' content='ocr_page ocr_carea ocr_par ocr_line ocrx_word'/>
</head>
<body>
  <div class='ocr_page' id='page_1' title='image "./publiusovidiusn02giergoog_0253.png"; bbox 0 0 3185 5138; ppageno 0'>
   <div class='ocr_carea' id='block_1_1' title="bbox 696 548 2184 621">
    <p class='ocr_par' dir='ltr' id='par_1_1' title="bbox 696 548 2184 621">
     <span class='ocr_line' id='line_1_1' title="bbox 696 548 2184 621; baseline 0.002 -5"><span class='ocrx_word' id='word_1_1' title='bbox 696 548 1714 617; x_wconf 75' lang='lat' dir='ltr'><strong>METAMORPHOSEON</strong></span> <span class='ocrx_word' id='word_1_2' title='bbox 1780 553 1975 618; x_wconf 89' lang='lat' dir='ltr'><strong>LIB.</strong></span> <span class='ocrx_word' id='word_1_3' title='bbox 2045 555 2184 621; x_wconf 90' lang='lat' dir='ltr'>XI.</span> 
     </span>
    </p>
   </div>
   <div class='ocr_carea' id='block_1_2' title="bbox 2366 555 2485 639">
    <p class='ocr_par' dir='ltr' id='par_1_2' title="bbox 2366 555 2485 639">
     <span class='ocr_line' id='line_1_2' title="bbox 2366 555 2485 639; baseline 0 -19"><span class='ocrx_word' id='word_1_4' title='bbox 2366 555 2485 639; x_wconf 73' lang='lat'>241</span> 
     </span>
    </p>
   </div>
   <div class='ocr_carea' id='block_1_3' title="bbox 369 686 2202 1126">
    <p class='ocr_par' dir='ltr' id='par_1_3' title="bbox 369 686 2202 1126">
     <span class='ocr_line' id='line_1_3' title="bbox 369 686 2175 792; baseline 0.001 -27"><span class='ocrx_word' id='word_1_5' title='bbox 369 689 647 765; x_wconf 86' lang='lat' dir='ltr'>Tmolus</span> <span class='ocrx_word' id='word_1_6' title='bbox 682 690 751 761; x_wconf 92' lang='lat' dir='ltr'>in</span> <span class='ocrx_word' id='word_1_7' title='bbox 783 686 1146 772; x_wconf 85' lang='lat' dir='ltr'>adscensu;</span> <span class='ocrx_word' id='word_1_8' title='bbox 1185 687 1486 790; x_wconf 85' lang='lat' dir='ltr'>clivoque</span> <span class='ocrx_word' id='word_1_9' title='bbox 1516 706 1819 763; x_wconf 82' lang='lat' dir='ltr'>extentus</span> <span class='ocrx_word' id='word_1_10' title='bbox 1853 709 2175 792; x_wconf 84' lang='lat' dir='ltr'>utroque,</span> 
     </span>
     <span class='ocr_line' id='line_1_4' title="bbox 374 804 2027 908; baseline -0.001 -27"><span class='ocrx_word' id='word_1_11' title='bbox 374 807 695 895; x_wconf 78' lang='lat' dir='ltr'>Sardibus</span> <span class='ocrx_word' id='word_1_12' title='bbox 728 806 884 878; x_wconf 90' lang='lat' dir='ltr'>hinc</span> <span class='ocrx_word' id='word_1_13' title='bbox 905 861 923 892; x_wconf 90' lang='lat'>‚</span> <span class='ocrx_word' id='word_1_14' title='bbox 960 804 1142 877; x_wconf 89' lang='lat' dir='ltr'>illinc</span> <span class='ocrx_word' id='word_1_15' title='bbox 1169 807 1390 905; x_wconf 82' lang='lat' dir='ltr'>parvis</span> <span class='ocrx_word' id='word_1_16' title='bbox 1425 806 1654 879; x_wconf 85' lang='lat' dir='ltr'>finitur</span> <span class='ocrx_word' id='word_1_17' title='bbox 1688 809 2027 908; x_wconf 84' lang='lat' dir='ltr'>Hypaepis.</span> 
     </span>
     <span class='ocr_line' id='line_1_5' title="bbox 373 919 2202 1025; baseline 0.001 -29"><span class='ocrx_word' id='word_1_18' title='bbox 373 923 515 996; x_wconf 88' lang='lat' dir='ltr'>Pan</span> <span class='ocrx_word' id='word_1_19' title='bbox 550 921 645 994; x_wconf 94' lang='lat' dir='ltr'>ibi</span> <span class='ocrx_word' id='word_1_20' title='bbox 681 920 837 993; x_wconf 90' lang='lat' dir='ltr'>dum</span> <span class='ocrx_word' id='word_1_21' title='bbox 874 920 1112 993; x_wconf 85' lang='lat' dir='ltr'>teneris</span> <span class='ocrx_word' id='word_1_22' title='bbox 1141 919 1340 1016; x_wconf 87' lang='lat' dir='ltr'>jactat</span> <span class='ocrx_word' id='word_1_23' title='bbox 1373 947 1491 993; x_wconf 88' lang='lat' dir='ltr'>sua</span> <span class='ocrx_word' id='word_1_24' title='bbox 1519 922 1802 996; x_wconf 85' lang='lat' dir='ltr'>carmina</span> <span class='ocrx_word' id='word_1_25' title='bbox 1839 921 2202 1025; x_wconf 80' lang='lat' dir='ltr'><strong>Nymphis,</strong></span> 
     </span>
     <span class='ocr_line' id='line_1_6' title="bbox 375 1032 1975 1126; baseline 0 -14"><span class='ocrx_word' id='word_1_26' title='bbox 375 1041 467 1112; x_wconf 84' lang='lat' dir='ltr'>Et</span> <span class='ocrx_word' id='word_1_27' title='bbox 495 1036 632 1111; x_wconf 81' lang='lat' dir='ltr'>leve</span> <span class='ocrx_word' id='word_1_28' title='bbox 668 1054 880 1110; x_wconf 88' lang='lat' dir='ltr'>cerata</span> <span class='ocrx_word' id='word_1_29' title='bbox 917 1032 1295 1108; x_wconf 81' lang='lat' dir='ltr'><strong>modulatur</strong></span> <span class='ocrx_word' id='word_1_30' title='bbox 1326 1034 1646 1110; x_wconf 69' lang='lat' dir='ltr'>artitudine</span> <span class='ocrx_word' id='word_1_31' title='bbox 1681 1068 1975 1126; x_wconf 81' lang='lat' dir='ltr'>carmen3</span> 
     </span>
    </p>
   </div>
   <div class='ocr_carea' id='block_1_4' title="bbox 376 1154 2057 1255">
    <p class='ocr_par' dir='ltr' id='par_1_4' title="bbox 376 1154 2057 1255">
     <span class='ocr_line' id='line_1_7' title="bbox 376 1154 2057 1255; baseline -0.002 -25"><span class='ocrx_word' id='word_1_32' title='bbox 376 1159 601 1231; x_wconf 84' lang='lat' dir='ltr'>Ausus</span> <span class='ocrx_word' id='word_1_33' title='bbox 635 1154 1030 1255; x_wconf 89' lang='lat' dir='ltr'>Apollineos</span> <span class='ocrx_word' id='word_1_34' title='bbox 1068 1179 1201 1253; x_wconf 83' lang='lat' dir='ltr'>prae</span> <span class='ocrx_word' id='word_1_35' title='bbox 1230 1181 1297 1226; x_wconf 90' lang='lat' dir='ltr'>se</span> <span class='ocrx_word' id='word_1_36' title='bbox 1332 1172 1746 1227; x_wconf 85' lang='lat' dir='ltr'><strong>contemnere</strong></span> <span class='ocrx_word' id='word_1_37' title='bbox 1781 1172 2012 1228; x_wconf 87' lang='lat' dir='ltr'>cantus</span> <span class='ocrx_word' id='word_1_38' title='bbox 2038 1211 2057 1243; x_wconf 87' lang='lat'>,</span> 
     </span>
    </p>
   </div>
   <div class='ocr_carea' id='block_1_5' title="bbox 2406 1176 2497 1228">
    <p class='ocr_par' dir='ltr' id='par_1_5' title="bbox 2406 1176 2497 1228">
     <span class='ocr_line' id='line_1_8' title="bbox 2406 1176 2497 1228; baseline -0.022 0"><span class='ocrx_word' id='word_1_39' title='bbox 2406 1176 2497 1228; x_wconf 76' lang='lat'>155</span> 
     </span>
    </p>
   </div>
   <div class='ocr_carea' id='block_1_6' title="bbox 373 1269 2261 1720">
    <p class='ocr_par' dir='ltr' id='par_1_6' title="bbox 373 1269 1997 1484">
     <span class='ocr_line' id='line_1_9' title="bbox 373 1269 1997 1371; baseline -0.004 -25"><span class='ocrx_word' id='word_1_40' title='bbox 373 1274 612 1346; x_wconf 71' lang='lat' dir='ltr'>,Iudice</span> <span class='ocrx_word' id='word_1_41' title='bbox 644 1271 768 1345; x_wconf 89' lang='lat' dir='ltr'>sub</span> <span class='ocrx_word' id='word_1_42' title='bbox 802 1270 1044 1342; x_wconf 89' lang='lat' dir='ltr'>Tmolo</span> <span class='ocrx_word' id='word_1_43' title='bbox 1075 1287 1400 1343; x_wconf 89' lang='lat' dir='ltr'>certamen</span> <span class='ocrx_word' id='word_1_44' title='bbox 1435 1269 1613 1341; x_wconf 86' lang='lat' dir='ltr'>venit</span> <span class='ocrx_word' id='word_1_45' title='bbox 1648 1270 1730 1341; x_wconf 88' lang='lat' dir='ltr'>ad</span> <span class='ocrx_word' id='word_1_46' title='bbox 1768 1269 1997 1371; x_wconf 87' lang='lat' dir='ltr'>impar.</span> 
     </span>
     <span class='ocr_line' id='line_1_10' title="bbox 378 1384 1947 1484; baseline -0.003 -22"><span class='ocrx_word' id='word_1_47' title='bbox 378 1392 614 1463; x_wconf 88' lang='lat' dir='ltr'>Monte</span> <span class='ocrx_word' id='word_1_48' title='bbox 650 1416 771 1459; x_wconf 89' lang='lat' dir='ltr'>suo</span> <span class='ocrx_word' id='word_1_49' title='bbox 807 1386 1027 1459; x_wconf 87' lang='lat' dir='ltr'>senior</span> <span class='ocrx_word' id='word_1_50' title='bbox 1055 1385 1252 1484; x_wconf 89' lang='lat' dir='ltr'>judex</span> <span class='ocrx_word' id='word_1_51' title='bbox 1289 1384 1629 1470; x_wconf 90' lang='lat' dir='ltr'>consedit;</span> <span class='ocrx_word' id='word_1_52' title='bbox 1661 1402 1726 1456; x_wconf 85' lang='lat' dir='ltr'>et</span> <span class='ocrx_word' id='word_1_53' title='bbox 1756 1412 1947 1457; x_wconf 85' lang='lat' dir='ltr'>aures</span> 
     </span>
    </p>

    <p class='ocr_par' dir='ltr' id='par_1_7' title="bbox 377 1501 2261 1720">
     <span class='ocr_line' id='line_1_11' title="bbox 377 1501 2138 1602; baseline -0.003 -24"><span class='ocrx_word' id='word_1_54' title='bbox 377 1506 643 1578; x_wconf 80' lang='lat' dir='ltr'><strong>Liberat</strong></span> <span class='ocrx_word' id='word_1_55' title='bbox 677 1501 1033 1576; x_wconf 80' lang='lat' dir='ltr'>arboribus</span> <span class='ocrx_word' id='word_1_56' title='bbox 1065 1531 1081 1573; x_wconf 74' lang='grc' dir='ltr'><strong><em>ε</em></strong></span> <span class='ocrx_word' id='word_1_57' title='bbox 1114 1529 1357 1602; x_wconf 85' lang='lat' dir='ltr'>quercu</span> <span class='ocrx_word' id='word_1_58' title='bbox 1393 1528 1577 1573; x_wconf 88' lang='lat' dir='ltr'>coma</span> <span class='ocrx_word' id='word_1_59' title='bbox 1615 1501 1846 1573; x_wconf 87' lang='lat' dir='ltr'>caerula</span> <span class='ocrx_word' id='word_1_60' title='bbox 1885 1519 2138 1575; x_wconf 88' lang='lat' dir='ltr'>tantum</span> 
     </span>
     <span class='ocr_line' id='line_1_12' title="bbox 379 1616 2261 1720; baseline -0.003 -26"><span class='ocrx_word' id='word_1_61' title='bbox 379 1620 723 1716; x_wconf 76' lang='lat' dir='ltr'>Cingitur3</span> <span class='ocrx_word' id='word_1_62' title='bbox 759 1637 829 1692; x_wconf 85' lang='lat' dir='ltr'>et</span> <span class='ocrx_word' id='word_1_63' title='bbox 859 1617 1150 1720; x_wconf 89' lang='lat' dir='ltr'>pendent</span> <span class='ocrx_word' id='word_1_64' title='bbox 1181 1617 1425 1691; x_wconf 89' lang='lat' dir='ltr'>circum</span> <span class='ocrx_word' id='word_1_65' title='bbox 1460 1644 1615 1691; x_wconf 84' lang='lat' dir='ltr'>cava</span> <span class='ocrx_word' id='word_1_66' title='bbox 1644 1634 1936 1718; x_wconf 87' lang='lat' dir='ltr'>tempora</span> <span class='ocrx_word' id='word_1_67' title='bbox 1971 1616 2261 1713; x_wconf 84' lang='lat' dir='ltr'>glandes.</span> 
     </span>
    </p>
   </div>
   <div class='ocr_carea' id='block_1_7' title="bbox 321 1807 1396 4373">
    <p class='ocr_par' dir='ltr' id='par_1_8' title="bbox 321 1807 1393 3832">
     <span class='ocr_line' id='line_1_13' title="bbox 375 1807 1388 1879; baseline -0.002 -18"><span class='ocrx_word' id='word_1_68' title='bbox 375 1808 521 1878; x_wconf 84' lang='lat' dir='ltr'>quasi</span> <span class='ocrx_word' id='word_1_69' title='bbox 544 1808 727 1879; x_wconf 80' lang='lat' dir='ltr'>legerit</span> <span class='ocrx_word' id='word_1_70' title='bbox 747 1812 890 1861; x_wconf 67' lang='lat' dir='ltr'>nde!-</span> <span class='ocrx_word' id='word_1_71' title='bbox 915 1808 987 1860; x_wconf 81' lang='lat' dir='ltr'>At</span> <span class='ocrx_word' id='word_1_72' title='bbox 1008 1827 1105 1877; x_wconf 79' lang='lat' dir='ltr'>ego</span> <span class='ocrx_word' id='word_1_73' title='bbox 1129 1807 1265 1861; x_wconf 87' lang='lat' dir='ltr'>hanc</span> <span class='ocrx_word' id='word_1_74' title='bbox 1285 1827 1388 1860; x_wconf 81' lang='lat' dir='ltr'>va-</span> 
     </span>
     <span class='ocr_line' id='line_1_14' title="bbox 375 1887 1387 1956; baseline -0.002 -16"><span class='ocrx_word' id='word_1_75' title='bbox 375 1888 616 1940; x_wconf 85' lang='lat' dir='ltr'>rietatem</span> <span class='ocrx_word' id='word_1_76' title='bbox 643 1887 883 1956; x_wconf 83' lang='lat' dir='ltr'>nuspiam</span> <span class='ocrx_word' id='word_1_77' title='bbox 909 1896 1141 1938; x_wconf 87' lang='lat' dir='ltr'>notatam</span> <span class='ocrx_word' id='word_1_78' title='bbox 1172 1888 1340 1955; x_wconf 90' lang='lat' dir='ltr'>reperi</span> <span class='ocrx_word' id='word_1_79' title='bbox 1370 1925 1387 1952; x_wconf 86' lang='lat'><strong><em>‚</em></strong></span> 
     </span>
     <span class='ocr_line' id='line_1_15' title="bbox 376 1962 1390 2033; baseline -0.002 -17"><span class='ocrx_word' id='word_1_80' title='bbox 376 1983 548 2033; x_wconf 89' lang='lat' dir='ltr'>neque</span> <span class='ocrx_word' id='word_1_81' title='bbox 573 1972 744 2016; x_wconf 81' lang='lat' dir='ltr'>vastus</span> <span class='ocrx_word' id='word_1_82' title='bbox 767 1975 820 2017; x_wconf 90' lang='lat' dir='ltr'>et</span> <span class='ocrx_word' id='word_1_83' title='bbox 839 1962 1030 2015; x_wconf 83' lang='lat' dir='ltr'>arduus</span> <span class='ocrx_word' id='word_1_84' title='bbox 1054 1983 1207 2016; x_wconf 87' lang='lat' dir='ltr'>mons</span> <span class='ocrx_word' id='word_1_85' title='bbox 1228 1968 1390 2015; x_wconf 75' lang='lat' dir='ltr'>ndere</span> 
     </span>
     <span class='ocr_line' id='line_1_16' title="bbox 377 2039 1389 2112; baseline -0.003 -17"><span class='ocrx_word' id='word_1_86' title='bbox 377 2041 477 2095; x_wconf 80' lang='lat' dir='ltr'>dici</span> <span class='ocrx_word' id='word_1_87' title='bbox 503 2053 688 2112; x_wconf 87' lang='lat' dir='ltr'>potest.</span> <span class='ocrx_word' id='word_1_88' title='bbox 713 2039 818 2094; x_wconf 88' lang='lat' dir='ltr'>Sed</span> <span class='ocrx_word' id='word_1_89' title='bbox 844 2061 938 2110; x_wconf 92' lang='lat' dir='ltr'>pro</span> <span class='ocrx_word' id='word_1_90' title='bbox 962 2041 1179 2110; x_wconf 83' lang='lat' dir='ltr'>simplici</span> <span class='ocrx_word' id='word_1_91' title='bbox 1197 2051 1277 2095; x_wconf 78' lang='lat' dir='ltr'>est</span> <span class='ocrx_word' id='word_1_92' title='bbox 1300 2051 1389 2093; x_wconf 87' lang='lat' dir='ltr'>aut</span> 
     </span>
     <span class='ocr_line' id='line_1_17' title="bbox 375 2117 1390 2187; baseline -0.003 -14"><span class='ocrx_word' id='word_1_93' title='bbox 375 2129 482 2175; x_wconf 76' lang='lat' dir='ltr'>slat</span> <span class='ocrx_word' id='word_1_94' title='bbox 489 2119 671 2173; x_wconf 87' lang='lat' dir='ltr'>maluit</span> <span class='ocrx_word' id='word_1_95' title='bbox 685 2119 982 2186; x_wconf 70' lang='lat' dir='ltr'>exquisitius</span> <span class='ocrx_word' id='word_1_96' title='bbox 992 2125 1131 2186; x_wconf 66' lang='lat' dir='ltr'>riget.</span> <span class='ocrx_word' id='word_1_97' title='bbox 1154 2117 1292 2187; x_wconf 89' lang='lat' dir='ltr'>quod</span> <span class='ocrx_word' id='word_1_98' title='bbox 1305 2118 1390 2171; x_wconf 89' lang='lat' dir='ltr'>be·</span> 
     </span>
     <span class='ocr_line' id='line_1_18' title="bbox 380 2197 1390 2251; baseline -0.003 0"><span class='ocrx_word' id='word_1_99' title='bbox 380 2217 448 2251; x_wconf 90' lang='lat' dir='ltr'>ne</span> <span class='ocrx_word' id='word_1_100' title='bbox 474 2200 718 2251; x_wconf 82' lang='lat' dir='ltr'>convenit</span> <span class='ocrx_word' id='word_1_101' title='bbox 735 2208 933 2250; x_wconf 76' lang='lat' dir='ltr'>naturae</span> <span class='ocrx_word' id='word_1_102' title='bbox 955 2197 1236 2249; x_wconf 88' lang='lat' dir='ltr'>montium.</span> <span class='ocrx_word' id='word_1_103' title='bbox 1256 2197 1390 2248; x_wconf 88' lang='lat' dir='ltr'>Lac-</span> 
     </span>
     <span class='ocr_line' id='line_1_19' title="bbox 381 2274 1392 2344; baseline -0.003 -15"><span class='ocrx_word' id='word_1_104' title='bbox 381 2276 605 2341; x_wconf 82' lang='lat' dir='ltr'>tantius,</span> <span class='ocrx_word' id='word_1_105' title='bbox 641 2275 808 2327; x_wconf 85' lang='lat' dir='ltr'>Instit.</span> <span class='ocrx_word' id='word_1_106' title='bbox 833 2274 921 2340; x_wconf 89' lang='lat'>11,</span> <span class='ocrx_word' id='word_1_107' title='bbox 961 2289 1080 2326; x_wconf 84' lang='lat' dir='ltr'>xvu</span> <span class='ocrx_word' id='word_1_108' title='bbox 1099 2312 1114 2338; x_wconf 82' lang='lat'><strong>,</strong></span> <span class='ocrx_word' id='word_1_109' title='bbox 1140 2294 1203 2344; x_wconf 82' lang='lat'>9,</span> <span class='ocrx_word' id='word_1_110' title='bbox 1229 2275 1392 2326; x_wconf 82' lang='lat' dir='ltr'>bomi-</span> 
     </span>
     <span class='ocr_line' id='line_1_20' title="bbox 378 2353 1389 2422; baseline -0.004 -13"><span class='ocrx_word' id='word_1_111' title='bbox 378 2376 488 2409; x_wconf 73' lang='lat' dir='ltr'>nem</span> <span class='ocrx_word' id='word_1_112' title='bbox 507 2357 987 2422; x_wconf 66' lang='lat' dir='ltr'>rigidumfiguravit,</span> <span class='ocrx_word' id='word_1_113' title='bbox 1011 2353 1063 2404; x_wconf 90' lang='lat' dir='ltr'>id</span> <span class='ocrx_word' id='word_1_114' title='bbox 1078 2361 1155 2404; x_wconf 86' lang='lat' dir='ltr'>est</span> <span class='ocrx_word' id='word_1_115' title='bbox 1172 2363 1389 2405; x_wconf 82' lang='lat' dir='ltr'>rectum.</span> 
     </span>
     <span class='ocr_line' id='line_1_21' title="bbox 384 2432 1390 2503; baseline -0.008 -15"><span class='ocrx_word' id='word_1_116' title='bbox 384 2432 528 2503; x_wconf 84' lang='lat' dir='ltr'>Opis.</span> <span class='ocrx_word' id='word_1_117' title='bbox 568 2432 708 2484; x_wconf 84' lang='lat' dir='ltr'>vlu</span> <span class='ocrx_word' id='word_1_118' title='bbox 724 2471 740 2498; x_wconf 89' lang='lat'><strong><em>,</em></strong></span> <span class='ocrx_word' id='word_1_119' title='bbox 776 2452 803 2482; x_wconf 75' lang='lat' dir='ltr'>a</span> <span class='ocrx_word' id='word_1_120' title='bbox 824 2471 839 2497; x_wconf 86' lang='lat'>,</span> <span class='ocrx_word' id='word_1_121' title='bbox 868 2432 1001 2484; x_wconf 80' lang='lat' dir='ltr'>hunc</span> <span class='ocrx_word' id='word_1_122' title='bbox 1030 2434 1106 2481; x_wconf 90' lang='lat' dir='ltr'>ad</span> <span class='ocrx_word' id='word_1_123' title='bbox 1123 2434 1390 2482; x_wconf 80' lang='lat' dir='ltr'>caelicou-</span> 
     </span>
     <span class='ocr_line' id='line_1_22' title="bbox 379 2508 1390 2580; baseline -0.007 -15"><span class='ocrx_word' id='word_1_124' title='bbox 379 2515 744 2580; x_wconf 77' lang='lat' dir='ltr'>templalioneae</span> <span class='ocrx_word' id='word_1_125' title='bbox 757 2512 967 2576; x_wconf 65' lang='lat' dir='ltr'>rigidum</span> <span class='ocrx_word' id='word_1_126' title='bbox 989 2513 1159 2560; x_wconf 72' lang='lat' dir='ltr'>crea-il.</span> <span class='ocrx_word' id='word_1_127' title='bbox 1174 2534 1240 2546; x_wconf 92' lang='lat'>--</span> <span class='ocrx_word' id='word_1_128' title='bbox 1250 2508 1302 2559; x_wconf 88' lang='lat' dir='ltr'><em>A</em></span> <span class='ocrx_word' id='word_1_129' title='bbox 1304 2510 1390 2560; x_wconf 81' lang='lat' dir='ltr'>lto.</span> 
     </span>
     <span class='ocr_line' id='line_1_23' title="bbox 385 2588 1390 2662; baseline -0.007 -16"><span class='ocrx_word' id='word_1_130' title='bbox 385 2593 619 2662; x_wconf 82' lang='lat' dir='ltr'>Quidam</span> <span class='ocrx_word' id='word_1_131' title='bbox 645 2593 725 2657; x_wconf 89' lang='lat' dir='ltr'>(et</span> <span class='ocrx_word' id='word_1_132' title='bbox 742 2591 904 2644; x_wconf 79' lang='lat' dir='ltr'>nostri</span> <span class='ocrx_word' id='word_1_133' title='bbox 922 2590 1094 2658; x_wconf 80' lang='lat' dir='ltr'>Regii)</span> <span class='ocrx_word' id='word_1_134' title='bbox 1115 2592 1231 2639; x_wconf 83' lang='lat' dir='ltr'>alle.</span> <span class='ocrx_word' id='word_1_135' title='bbox 1246 2588 1390 2656; x_wconf 83' lang='lat' dir='ltr'>Quia</span> 
     </span>
     <span class='ocr_line' id='line_1_24' title="bbox 377 2667 1391 2741; baseline -0.004 -18"><span class='ocrx_word' id='word_1_136' title='bbox 377 2671 484 2741; x_wconf 84' lang='lat' dir='ltr'>ipse</span> <span class='ocrx_word' id='word_1_137' title='bbox 512 2672 710 2722; x_wconf 85' lang='lat' dir='ltr'>Tmolus</span> <span class='ocrx_word' id='word_1_138' title='bbox 728 2671 916 2720; x_wconf 86' lang='lat' dir='ltr'>arduus</span> <span class='ocrx_word' id='word_1_139' title='bbox 928 2708 941 2728; x_wconf 84' lang='grc'>,</span> <span class='ocrx_word' id='word_1_140' title='bbox 959 2667 1091 2720; x_wconf 85' lang='lat' dir='ltr'>altus</span> <span class='ocrx_word' id='word_1_141' title='bbox 1113 2677 1188 2719; x_wconf 87' lang='lat' dir='ltr'>est</span> <span class='ocrx_word' id='word_1_142' title='bbox 1203 2706 1218 2730; x_wconf 84' lang='lat'>‚</span> <span class='ocrx_word' id='word_1_143' title='bbox 1234 2670 1391 2719; x_wconf 77' lang='lat' dir='ltr'>allum</span> 
     </span>
     <span class='ocr_line' id='line_1_25' title="bbox 378 2745 1391 2801; baseline -0.002 -1"><span class='ocrx_word' id='word_1_144' title='bbox 378 2748 535 2801; x_wconf 86' lang='lat' dir='ltr'>babet</span> <span class='ocrx_word' id='word_1_145' title='bbox 570 2750 881 2799; x_wconf 82' lang='lat' dir='ltr'>adscensum.</span> <span class='ocrx_word' id='word_1_146' title='bbox 924 2746 1072 2798; x_wconf 88' lang='lat' dir='ltr'>Inter</span> <span class='ocrx_word' id='word_1_147' title='bbox 1111 2745 1300 2798; x_wconf 88' lang='lat' dir='ltr'>Sardes</span> <span class='ocrx_word' id='word_1_148' title='bbox 1338 2756 1391 2798; x_wconf 90' lang='lat' dir='ltr'>et</span> 
     </span>
     <span class='ocr_line' id='line_1_26' title="bbox 379 2823 1390 2895; baseline -0.003 -17"><span class='ocrx_word' id='word_1_149' title='bbox 379 2825 640 2895; x_wconf 72' lang='lat' dir='ltr'>Hypaepas</span> <span class='ocrx_word' id='word_1_150' title='bbox 656 2823 952 2876; x_wconf 76' lang='lat' dir='ltr'>extenditur</span> <span class='ocrx_word' id='word_1_151' title='bbox 977 2823 1217 2887; x_wconf 81' lang='lat' dir='ltr'>Tmolus,</span> <span class='ocrx_word' id='word_1_152' title='bbox 1237 2842 1390 2875; x_wconf 85' lang='lat' dir='ltr'>mons</span> 
     </span>
     <span class='ocr_line' id='line_1_27' title="bbox 377 2897 1392 2969; baseline -0.003 -15"><span class='ocrx_word' id='word_1_153' title='bbox 377 2900 510 2954; x_wconf 86' lang='lat' dir='ltr'>latus</span> <span class='ocrx_word' id='word_1_154' title='bbox 532 2911 584 2954; x_wconf 82' lang='lat' dir='ltr'>et</span> <span class='ocrx_word' id='word_1_155' title='bbox 604 2901 750 2953; x_wconf 85' lang='lat' dir='ltr'>altus.</span> <span class='ocrx_word' id='word_1_156' title='bbox 775 2898 921 2953; x_wconf 82' lang='lat' dir='ltr'>Olim</span> <span class='ocrx_word' id='word_1_157' title='bbox 939 2897 1259 2952; x_wconf 81' lang='lat' dir='ltr'>scribebatur</span> <span class='ocrx_word' id='word_1_158' title='bbox 1286 2902 1392 2969; x_wconf 77' lang='lat' dir='ltr'>Ts-</span> 
     </span>
     <span class='ocr_line' id='line_1_28' title="bbox 377 2980 1392 3047; baseline -0.003 -14"><span class='ocrx_word' id='word_1_159' title='bbox 377 2986 570 3047; x_wconf 82' lang='lat' dir='ltr'>molus,·</span> <span class='ocrx_word' id='word_1_160' title='bbox 596 2981 792 3033; x_wconf 71' lang='lat' dir='ltr'>Graecis</span> <span class='ocrx_word' id='word_1_161' title='bbox 817 2980 960 3032; x_wconf 89' lang='lat' dir='ltr'>enim</span> <span class='ocrx_word' id='word_1_162' title='bbox 988 2990 1065 3031; x_wconf 81' lang='lat' dir='ltr'>est</span> <span class='ocrx_word' id='word_1_163' title='bbox 1087 2984 1304 3046; x_wconf 71' lang='grc' dir='ltr'>Τύμωλος</span> <span class='ocrx_word' id='word_1_164' title='bbox 1336 2988 1392 3031; x_wconf 91' lang='lat' dir='ltr'>et</span> 
     </span>
     <span class='ocr_line' id='line_1_29' title="bbox 377 3057 1387 3126; baseline -0.007 -12"><span class='ocrx_word' id='word_1_165' title='bbox 377 3068 567 3126; x_wconf 75' lang='grc' dir='ltr'>Τμῶλος</span> <span class='ocrx_word' id='word_1_166' title='bbox 584 3079 597 3121; x_wconf 83' lang='grc'><strong>;</strong></span> <span class='ocrx_word' id='word_1_167' title='bbox 619 3059 837 3123; x_wconf 76' lang='lat' dir='ltr'>Plinius,</span> <span class='ocrx_word' id='word_1_168' title='bbox 854 3057 992 3110; x_wconf 82' lang='lat' dir='ltr'>dicto</span> <span class='ocrx_word' id='word_1_169' title='bbox 1008 3057 1141 3121; x_wconf 81' lang='lat' dir='ltr'>loco,</span> <span class='ocrx_word' id='word_1_170' title='bbox 1170 3058 1387 3118; x_wconf 77' lang='lat' dir='ltr'>Tmolus,</span> 
     </span>
     <span class='ocr_line' id='line_1_30' title="bbox 359 3134 1390 3206; baseline -0.002 -18"><span class='ocrx_word' id='word_1_171' title='bbox 359 3143 468 3205; x_wconf 59' lang='lat' dir='ltr'>qui</span> <span class='ocrx_word' id='word_1_172' title='bbox 481 3150 632 3190; x_wconf 79' lang='lat' dir='ltr'>antea</span> <span class='ocrx_word' id='word_1_173' title='bbox 658 3138 893 3206; x_wconf 76' lang='lat' dir='ltr'>Tymolus</span> <span class='ocrx_word' id='word_1_174' title='bbox 907 3137 1266 3203; x_wconf 78' lang='lat' dir='ltr'>appellabatur.</span> <span class='ocrx_word' id='word_1_175' title='bbox 1285 3134 1390 3188; x_wconf 86' lang='lat' dir='ltr'>Sed</span> 
     </span>
     <span class='ocr_line' id='line_1_31' title="bbox 381 3216 1388 3287; baseline -0.004 -16"><span class='ocrx_word' id='word_1_176' title='bbox 381 3218 489 3286; x_wconf 80' lang='lat' dir='ltr'>jam</span> <span class='ocrx_word' id='word_1_177' title='bbox 512 3216 647 3287; x_wconf 86' lang='lat' dir='ltr'>apud</span> <span class='ocrx_word' id='word_1_178' title='bbox 677 3218 975 3269; x_wconf 83' lang='lat' dir='ltr'><strong>Homerum</strong></span> <span class='ocrx_word' id='word_1_179' title='bbox 1000 3255 1016 3281; x_wconf 89' lang='lat'>,</span> <span class='ocrx_word' id='word_1_180' title='bbox 1054 3217 1114 3268; x_wconf 84' lang='grc' dir='ltr'>ΙΙ.</span> <span class='ocrx_word' id='word_1_181' title='bbox 1139 3216 1183 3268; x_wconf 84' lang='grc' dir='ltr'><strong>Β</strong></span> <span class='ocrx_word' id='word_1_182' title='bbox 1210 3254 1224 3279; x_wconf 84' lang='grc'><em>,</em></span> <span class='ocrx_word' id='word_1_183' title='bbox 1257 3216 1354 3267; x_wconf 82' lang='grc'>866</span> <span class='ocrx_word' id='word_1_184' title='bbox 1372 3252 1388 3281; x_wconf 83' lang='grc'><em>,</em></span> 
     </span>
     <span class='ocr_line' id='line_1_32' title="bbox 383 3294 1392 3362; baseline -0.003 -12"><span class='ocrx_word' id='word_1_185' title='bbox 383 3298 609 3350; x_wconf 86' lang='lat' dir='ltr'>occurrit</span> <span class='ocrx_word' id='word_1_186' title='bbox 631 3305 836 3362; x_wconf 72' lang='grc' dir='ltr'><strong><em>Τμῶλος.</em></strong></span> <span class='ocrx_word' id='word_1_187' title='bbox 858 3323 924 3337; x_wconf 88' lang='lat'>—·</span> <span class='ocrx_word' id='word_1_188' title='bbox 951 3299 1014 3349; x_wconf 83' lang='lat' dir='ltr'>lu</span> <span class='ocrx_word' id='word_1_189' title='bbox 1030 3294 1392 3348; x_wconf 85' lang='lat' dir='ltr'>redundanter</span> 
     </span>
     <span class='ocr_line' id='line_1_33' title="bbox 321 3373 1391 3444; baseline -0.001 -18"><span class='ocrx_word' id='word_1_190' title='bbox 321 3379 328 3390; x_wconf 91' lang='grc'><em>“</em></span> <span class='ocrx_word' id='word_1_191' title='bbox 384 3373 714 3426; x_wconf 86' lang='lat' dir='ltr'>additum.—</span> <span class='ocrx_word' id='word_1_192' title='bbox 728 3377 993 3427; x_wconf 68' lang='lat' dir='ltr'>Euentus.</span> <span class='ocrx_word' id='word_1_193' title='bbox 1013 3374 1195 3444; x_wconf 80' lang='lat' dir='ltr'>Vulgo</span> <span class='ocrx_word' id='word_1_194' title='bbox 1223 3375 1312 3439; x_wconf 90' lang='lat' dir='ltr'>(et</span> <span class='ocrx_word' id='word_1_195' title='bbox 1337 3373 1391 3425; x_wconf 87' lang='lat' dir='ltr'>in</span> 
     </span>
     <span class='ocr_line' id='line_1_34' title="bbox 384 3450 1392 3517; baseline 0 -15"><span class='ocrx_word' id='word_1_196' title='bbox 384 3460 566 3502; x_wconf 85' lang='lat' dir='ltr'>nostro</span> <span class='ocrx_word' id='word_1_197' title='bbox 589 3450 754 3517; x_wconf 73' lang='lat' dir='ltr'>Regio</span> <span class='ocrx_word' id='word_1_198' title='bbox 781 3451 854 3516; x_wconf 91' lang='lat' dir='ltr'>B)</span> <span class='ocrx_word' id='word_1_199' title='bbox 874 3462 1122 3504; x_wconf 64' lang='lat' dir='ltr'>extensus.</span> <span class='ocrx_word' id='word_1_200' title='bbox 1136 3478 1203 3491; x_wconf 91' lang='lat'><em>-</em></span> <span class='ocrx_word' id='word_1_201' title='bbox 1221 3454 1392 3503; x_wconf 57' lang='lat' dir='ltr'>clebus</span> 
     </span>
     <span class='ocr_line' id='line_1_35' title="bbox 382 3530 1392 3598; baseline 0.001 -17"><span class='ocrx_word' id='word_1_202' title='bbox 382 3540 598 3596; x_wconf 76' lang='lat' dir='ltr'>uterque,</span> <span class='ocrx_word' id='word_1_203' title='bbox 614 3540 894 3598; x_wconf 87' lang='lat' dir='ltr'>utrumque</span> <span class='ocrx_word' id='word_1_204' title='bbox 913 3530 1041 3583; x_wconf 86' lang='lat' dir='ltr'>latus</span> <span class='ocrx_word' id='word_1_205' title='bbox 1056 3532 1260 3583; x_wconf 80' lang='lat' dir='ltr'>montis.</span> <span class='ocrx_word' id='word_1_206' title='bbox 1273 3531 1392 3582; x_wconf 87' lang='lat' dir='ltr'>Sar·</span> 
     </span>
     <span class='ocr_line' id='line_1_36' title="bbox 385 3605 1392 3676; baseline 0.001 -17"><span class='ocrx_word' id='word_1_207' title='bbox 385 3605 477 3659; x_wconf 88' lang='lat' dir='ltr'>des</span> <span class='ocrx_word' id='word_1_208' title='bbox 495 3611 551 3657; x_wconf 80' lang='lat' dir='ltr'>ia</span> <span class='ocrx_word' id='word_1_209' title='bbox 571 3609 727 3658; x_wconf 73' lang='lat' dir='ltr'>lalere</span> <span class='ocrx_word' id='word_1_210' title='bbox 757 3609 920 3658; x_wconf 81' lang='lat' dir='ltr'>Tmoli</span> <span class='ocrx_word' id='word_1_211' title='bbox 938 3609 1086 3676; x_wconf 85' lang='lat' dir='ltr'>ponit</span> <span class='ocrx_word' id='word_1_212' title='bbox 1105 3609 1259 3661; x_wconf 88' lang='lat' dir='ltr'>etiam</span> <span class='ocrx_word' id='word_1_213' title='bbox 1282 3608 1392 3660; x_wconf 88' lang='lat' dir='ltr'>Pli-</span> 
     </span>
     <span class='ocr_line' id='line_1_37' title="bbox 384 3683 1393 3753; baseline 0.001 -18"><span class='ocrx_word' id='word_1_214' title='bbox 384 3684 504 3736; x_wconf 89' lang='lat' dir='ltr'>nius</span> <span class='ocrx_word' id='word_1_215' title='bbox 523 3723 536 3748; x_wconf 89' lang='lat'>,</span> <span class='ocrx_word' id='word_1_216' title='bbox 559 3683 693 3735; x_wconf 83' lang='lat' dir='ltr'>Hist.</span> <span class='ocrx_word' id='word_1_217' title='bbox 721 3683 837 3735; x_wconf 86' lang='lat' dir='ltr'>Nat.</span> <span class='ocrx_word' id='word_1_218' title='bbox 863 3684 933 3748; x_wconf 84' lang='lat' dir='ltr'>V,</span> <span class='ocrx_word' id='word_1_219' title='bbox 961 3702 1113 3753; x_wconf 71' lang='lat'>²9·-</span> <span class='ocrx_word' id='word_1_220' title='bbox 1129 3685 1393 3751; x_wconf 66' lang='lat' dir='ltr'>Deparvelr</span> 
     </span>
     <span class='ocr_line' id='line_1_38' title="bbox 383 3759 1103 3832; baseline -0.003 -17"><span class='ocrx_word' id='word_1_221' title='bbox 383 3764 622 3832; x_wconf 71' lang='lat' dir='ltr'>Hypo-pis</span> <span class='ocrx_word' id='word_1_222' title='bbox 644 3759 761 3812; x_wconf 79' lang='lat' dir='ltr'>vide</span> <span class='ocrx_word' id='word_1_223' title='bbox 786 3760 848 3812; x_wconf 89' lang='lat' dir='ltr'>ad</span> <span class='ocrx_word' id='word_1_224' title='bbox 883 3761 963 3814; x_wconf 81' lang='lat' dir='ltr'>Vl</span> <span class='ocrx_word' id='word_1_225' title='bbox 985 3798 999 3824; x_wconf 79' lang='grc'><em>,</em></span> <span class='ocrx_word' id='word_1_226' title='bbox 1035 3762 1103 3813; x_wconf 89' lang='grc' dir='ltr'>ι3.</span> 
     </span>
    </p>

    <p class='ocr_par' dir='ltr' id='par_1_9' title="bbox 384 3840 1396 4373">
     <span class='ocr_line' id='line_1_39' title="bbox 456 3840 1393 3892; baseline 0 0"><span class='ocrx_word' id='word_1_227' title='bbox 456 3861 474 3892; x_wconf 86' lang='grc' dir='ltr'>ι</span> <span class='ocrx_word' id='word_1_228' title='bbox 486 3842 561 3892; x_wconf 85' lang='grc'>53.</span> <span class='ocrx_word' id='word_1_229' title='bbox 589 3842 701 3892; x_wconf 82' lang='lat' dir='ltr'>Pan</span> <span class='ocrx_word' id='word_1_230' title='bbox 721 3842 923 3891; x_wconf 81' lang='lat' dir='ltr'>ibidum</span> <span class='ocrx_word' id='word_1_231' title='bbox 941 3845 1119 3891; x_wconf 58' lang='lat' dir='ltr'>tenere}</span> <span class='ocrx_word' id='word_1_232' title='bbox 1137 3849 1232 3891; x_wconf 89' lang='lat' dir='ltr'>etc.</span> <span class='ocrx_word' id='word_1_233' title='bbox 1249 3840 1393 3892; x_wconf 90' lang='lat' dir='ltr'>Pana</span> 
     </span>
     <span class='ocr_line' id='line_1_40' title="bbox 385 3915 1393 3983; baseline 0.001 -14"><span class='ocrx_word' id='word_1_234' title='bbox 385 3916 579 3969; x_wconf 88' lang='lat' dir='ltr'>elatum</span> <span class='ocrx_word' id='word_1_235' title='bbox 596 3915 748 3968; x_wconf 77' lang='lat' dir='ltr'>fuisse</span> <span class='ocrx_word' id='word_1_236' title='bbox 769 3935 858 3968; x_wconf 82' lang='lat' dir='ltr'>sua</span> <span class='ocrx_word' id='word_1_237' title='bbox 877 3926 984 3967; x_wconf 85' lang='lat' dir='ltr'>arte</span> <span class='ocrx_word' id='word_1_238' title='bbox 1011 3935 1038 3967; x_wconf 91' lang='lat' dir='ltr'>e</span> <span class='ocrx_word' id='word_1_239' title='bbox 1057 3918 1393 3983; x_wconf 86' lang='lat' dir='ltr'>sequentibus</span> 
     </span>
     <span class='ocr_line' id='line_1_41' title="bbox 385 3994 1396 4064; baseline -0.002 -17"><span class='ocrx_word' id='word_1_240' title='bbox 385 4004 613 4064; x_wconf 84' lang='lat' dir='ltr'>apparet.</span> <span class='ocrx_word' id='word_1_241' title='bbox 639 3995 783 4046; x_wconf 91' lang='lat' dir='ltr'>Bene</span> <span class='ocrx_word' id='word_1_242' title='bbox 808 3994 964 4063; x_wconf 88' lang='lat' dir='ltr'>igitur</span> <span class='ocrx_word' id='word_1_243' title='bbox 977 3994 1153 4060; x_wconf 85' lang='lat' dir='ltr'>jacta!</span> <span class='ocrx_word' id='word_1_244' title='bbox 1169 4013 1264 4044; x_wconf 85' lang='lat' dir='ltr'>sua</span> <span class='ocrx_word' id='word_1_245' title='bbox 1278 4013 1396 4045; x_wconf 60' lang='lat' dir='ltr'>cart-</span> 
     </span>
     <span class='ocr_line' id='line_1_42' title="bbox 384 4070 1394 4139; baseline 0.001 -15"><span class='ocrx_word' id='word_1_246' title='bbox 384 4077 548 4131; x_wconf 79' lang='lat' dir='ltr'>me&#39;ua‚</span> <span class='ocrx_word' id='word_1_247' title='bbox 568 4081 760 4137; x_wconf 84' lang='lat' dir='ltr'>cantat,</span> <span class='ocrx_word' id='word_1_248' title='bbox 776 4091 829 4124; x_wconf 86' lang='lat' dir='ltr'>se</span> <span class='ocrx_word' id='word_1_249' title='bbox 845 4070 1137 4124; x_wconf 83' lang='lat' dir='ltr'>ostentandi</span> <span class='ocrx_word' id='word_1_250' title='bbox 1156 4081 1207 4122; x_wconf 89' lang='lat' dir='ltr'>et</span> <span class='ocrx_word' id='word_1_251' title='bbox 1221 4071 1394 4139; x_wconf 66' lang='lat' dir='ltr'>gioria</span> 
     </span>
     <span class='ocr_line' id='line_1_43' title="bbox 387 4150 1396 4221; baseline -0.002 -16"><span class='ocrx_word' id='word_1_252' title='bbox 387 4152 683 4221; x_wconf 72' lang='lat' dir='ltr'>quaerendae</span> <span class='ocrx_word' id='word_1_253' title='bbox 698 4151 988 4205; x_wconf 81' lang='lat' dir='ltr'>causa.·-De</span> <span class='ocrx_word' id='word_1_254' title='bbox 998 4153 1226 4221; x_wconf 69' lang='lat' dir='ltr'>nymphis</span> <span class='ocrx_word' id='word_1_255' title='bbox 1237 4150 1284 4200; x_wconf 88' lang='lat' dir='ltr'>T</span> <span class='ocrx_word' id='word_1_256' title='bbox 1287 4169 1396 4203; x_wconf 89' lang='lat' dir='ltr'>mo-</span> 
     </span>
     <span class='ocr_line' id='line_1_44' title="bbox 386 4229 1396 4297; baseline -0.002 -15"><span class='ocrx_word' id='word_1_257' title='bbox 386 4230 420 4282; x_wconf 91' lang='lat' dir='ltr'>li</span> <span class='ocrx_word' id='word_1_258' title='bbox 445 4229 625 4283; x_wconf 84' lang='lat' dir='ltr'>confer</span> <span class='ocrx_word' id='word_1_259' title='bbox 649 4231 727 4283; x_wconf 88' lang='lat' dir='ltr'>v1</span> <span class='ocrx_word' id='word_1_260' title='bbox 752 4270 767 4297; x_wconf 88' lang='lat'>,</span> <span class='ocrx_word' id='word_1_261' title='bbox 804 4233 874 4282; x_wconf 89' lang='grc' dir='ltr'>ι5.</span> <span class='ocrx_word' id='word_1_262' title='bbox 899 4256 963 4268; x_wconf 93' lang='lat'>—-</span> <span class='ocrx_word' id='word_1_263' title='bbox 990 4232 1119 4281; x_wconf 68' lang='lat' dir='ltr'>Leve</span> <span class='ocrx_word' id='word_1_264' title='bbox 1135 4267 1148 4288; x_wconf 85' lang='lat'>‚</span> <span class='ocrx_word' id='word_1_265' title='bbox 1177 4229 1396 4296; x_wconf 85' lang='lat' dir='ltr'>pastori-</span> 
     </span>
     <span class='ocr_line' id='line_1_45' title="bbox 387 4304 1396 4373; baseline 0.001 -15"><span class='ocrx_word' id='word_1_266' title='bbox 387 4306 534 4364; x_wconf 84' lang='lat' dir='ltr'>tium.</span> <span class='ocrx_word' id='word_1_267' title='bbox 559 4335 624 4346; x_wconf 90' lang='lat'>-</span> <span class='ocrx_word' id='word_1_268' title='bbox 647 4307 829 4359; x_wconf 84' lang='lat' dir='ltr'>Cerata</span> <span class='ocrx_word' id='word_1_269' title='bbox 843 4311 1060 4372; x_wconf 74' lang='lat' dir='ltr'>arunde,</span> <span class='ocrx_word' id='word_1_270' title='bbox 1089 4304 1261 4360; x_wconf 79' lang='lat' dir='ltr'>fistula</span> <span class='ocrx_word' id='word_1_271' title='bbox 1285 4324 1396 4373; x_wconf 77' lang='lat' dir='ltr'>pas·</span> 
     </span>
    </p>
   </div>
   <div class='ocr_carea' id='block_1_8' title="bbox 621 4407 762 4478">
    <p class='ocr_par' dir='ltr' id='par_1_10' title="bbox 621 4407 762 4478">
     <span class='ocr_line' id='line_1_46' title="bbox 621 4407 762 4478; baseline 0.014 -4"><span class='ocrx_word' id='word_1_272' title='bbox 621 4407 762 4478; x_wconf 88' lang='lat' dir='ltr'>IV.</span> 
     </span>
    </p>
   </div>
   <div class='ocr_carea' id='block_1_9' title="bbox 1482 1808 2505 4292">
    <p class='ocr_par' dir='ltr' id='par_1_11' title="bbox 1482 1808 2505 3207">
     <span class='ocr_line' id='line_1_47' title="bbox 1485 1808 2496 1879; baseline 0 -19"><span class='ocrx_word' id='word_1_273' title='bbox 1485 1808 1658 1861; x_wconf 87' lang='lat' dir='ltr'>toritia</span> <span class='ocrx_word' id='word_1_274' title='bbox 1692 1809 1824 1862; x_wconf 86' lang='lat' dir='ltr'>ceris</span> <span class='ocrx_word' id='word_1_275' title='bbox 1854 1809 2135 1878; x_wconf 79' lang='lat' dir='ltr'>glutinata,</span> <span class='ocrx_word' id='word_1_276' title='bbox 2163 1808 2228 1862; x_wconf 87' lang='lat' dir='ltr'>de</span> <span class='ocrx_word' id='word_1_277' title='bbox 2255 1827 2357 1879; x_wconf 89' lang='lat' dir='ltr'>qua</span> <span class='ocrx_word' id='word_1_278' title='bbox 2379 1808 2496 1861; x_wconf 83' lang='lat' dir='ltr'>vide</span> 
     </span>
     <span class='ocr_line' id='line_1_48' title="bbox 1485 1884 2500 1953; baseline 0.003 -16"><span class='ocrx_word' id='word_1_279' title='bbox 1485 1884 1548 1938; x_wconf 89' lang='lat' dir='ltr'>ad</span> <span class='ocrx_word' id='word_1_280' title='bbox 1574 1888 1631 1951; x_wconf 86' lang='lat'>1,</span> <span class='ocrx_word' id='word_1_281' title='bbox 1661 1906 1771 1953; x_wconf 86' lang='lat'><strong>7¹0·</strong></span> <span class='ocrx_word' id='word_1_282' title='bbox 1805 1914 1870 1925; x_wconf 94' lang='lat'>—</span> <span class='ocrx_word' id='word_1_283' title='bbox 1892 1889 2156 1939; x_wconf 75' lang='lat' dir='ltr'>Modolari</span> <span class='ocrx_word' id='word_1_284' title='bbox 2180 1906 2379 1940; x_wconf 74' lang='lat' dir='ltr'>carmen</span> <span class='ocrx_word' id='word_1_285' title='bbox 2398 1927 2411 1947; x_wconf 90' lang='lat'><em>‚</em></span> <span class='ocrx_word' id='word_1_286' title='bbox 2440 1897 2500 1940; x_wconf 85' lang='lat' dir='ltr'>ut</span> 
     </span>
     <span class='ocr_line' id='line_1_49' title="bbox 1485 1962 2502 2033; baseline -0.001 -18"><span class='ocrx_word' id='word_1_287' title='bbox 1485 1962 1622 2031; x_wconf 89' lang='lat' dir='ltr'>apud</span> <span class='ocrx_word' id='word_1_288' title='bbox 1648 1964 1935 2033; x_wconf 80' lang='lat' dir='ltr'>Virgilium</span> <span class='ocrx_word' id='word_1_289' title='bbox 1958 2002 1973 2028; x_wconf 86' lang='lat'>,</span> <span class='ocrx_word' id='word_1_290' title='bbox 2016 1964 2122 2016; x_wconf 82' lang='lat' dir='ltr'>Ect.</span> <span class='ocrx_word' id='word_1_291' title='bbox 2152 1965 2232 2029; x_wconf 83' lang='lat' dir='ltr'>X,</span> <span class='ocrx_word' id='word_1_292' title='bbox 2264 1967 2319 2015; x_wconf 81' lang='lat'>51</span> <span class='ocrx_word' id='word_1_293' title='bbox 2341 2001 2356 2029; x_wconf 89' lang='lat'>,</span> <span class='ocrx_word' id='word_1_294' title='bbox 2381 1981 2502 2015; x_wconf 83' lang='lat' dir='ltr'>car-</span> 
     </span>
     <span class='ocr_line' id='line_1_50' title="bbox 1485 2044 2503 2109; baseline 0 -17"><span class='ocrx_word' id='word_1_295' title='bbox 1485 2047 1623 2093; x_wconf 79' lang='lat' dir='ltr'>miaa</span> <span class='ocrx_word' id='word_1_296' title='bbox 1637 2048 1860 2109; x_wconf 76' lang='lat' dir='ltr'>pastoris</span> <span class='ocrx_word' id='word_1_297' title='bbox 1884 2044 2048 2093; x_wconf 62' lang='lat' dir='ltr'>Sei-uli</span> <span class='ocrx_word' id='word_1_298' title='bbox 2065 2044 2359 2094; x_wconf 80' lang='lat' dir='ltr'>modulabor</span> <span class='ocrx_word' id='word_1_299' title='bbox 2378 2061 2503 2093; x_wconf 67' lang='lat' dir='ltr'>ave-</span> 
     </span>
     <span class='ocr_line' id='line_1_51' title="bbox 1485 2117 2499 2188; baseline -0.003 -15"><span class='ocrx_word' id='word_1_300' title='bbox 1485 2141 1577 2180; x_wconf 79' lang='lat' dir='ltr'>na.</span> <span class='ocrx_word' id='word_1_301' title='bbox 1602 2130 1830 2188; x_wconf 85' lang='lat' dir='ltr'>etsaepe;</span> <span class='ocrx_word' id='word_1_302' title='bbox 1856 2117 1971 2172; x_wconf 81' lang='lat' dir='ltr'>vide</span> <span class='ocrx_word' id='word_1_303' title='bbox 1991 2120 2376 2171; x_wconf 85' lang='lat' dir='ltr'>Burmannurn.</span> <span class='ocrx_word' id='word_1_304' title='bbox 2391 2117 2499 2171; x_wconf 85' lang='lat' dir='ltr'>Sed</span> 
     </span>
     <span class='ocr_line' id='line_1_52' title="bbox 1485 2195 2502 2265; baseline -0.003 -15"><span class='ocrx_word' id='word_1_305' title='bbox 1485 2208 1539 2250; x_wconf 90' lang='lat' dir='ltr'>et</span> <span class='ocrx_word' id='word_1_306' title='bbox 1576 2202 1858 2250; x_wconf 73' lang='lat' dir='ltr'>moderatur</span> <span class='ocrx_word' id='word_1_307' title='bbox 1878 2237 1891 2257; x_wconf 83' lang='lat'>,</span> <span class='ocrx_word' id='word_1_308' title='bbox 1931 2196 2070 2265; x_wconf 89' lang='lat' dir='ltr'>quod</span> <span class='ocrx_word' id='word_1_309' title='bbox 2111 2196 2305 2249; x_wconf 84' lang='lat' dir='ltr'>babent</span> <span class='ocrx_word' id='word_1_310' title='bbox 2349 2195 2502 2249; x_wconf 88' lang='lat' dir='ltr'>multi</span> 
     </span>
     <span class='ocr_line' id='line_1_53' title="bbox 1483 2273 2503 2343; baseline 0 -16"><span class='ocrx_word' id='word_1_311' title='bbox 1483 2274 1651 2339; x_wconf 83' lang='lat' dir='ltr'><strong>MSS,</strong></span> <span class='ocrx_word' id='word_1_312' title='bbox 1672 2285 1725 2327; x_wconf 86' lang='lat' dir='ltr'>et</span> <span class='ocrx_word' id='word_1_313' title='bbox 1749 2273 1888 2342; x_wconf 84' lang='lat' dir='ltr'>quod</span> <span class='ocrx_word' id='word_1_314' title='bbox 1916 2274 2135 2326; x_wconf 83' lang='lat' dir='ltr'>Heinsio</span> <span class='ocrx_word' id='word_1_315' title='bbox 2156 2278 2354 2343; x_wconf 86' lang='lat' dir='ltr'>placet,</span> <span class='ocrx_word' id='word_1_316' title='bbox 2373 2274 2503 2327; x_wconf 77' lang='lat' dir='ltr'>ferri</span> 
     </span>
     <span class='ocr_line' id='line_1_54' title="bbox 1482 2350 2503 2421; baseline 0 -17"><span class='ocrx_word' id='word_1_317' title='bbox 1482 2350 2105 2421; x_wconf 82' lang='lat' dir='ltr'>posset,quandoquidem</span> <span class='ocrx_word' id='word_1_318' title='bbox 2123 2354 2309 2419; x_wconf 85' lang='lat' dir='ltr'>passim</span> <span class='ocrx_word' id='word_1_319' title='bbox 2325 2371 2503 2404; x_wconf 86' lang='lat' dir='ltr'>occur-</span> 
     </span>
     <span class='ocr_line' id='line_1_55' title="bbox 1484 2428 2501 2501; baseline -0.001 -19"><span class='ocrx_word' id='word_1_320' title='bbox 1484 2430 1553 2482; x_wconf 87' lang='lat' dir='ltr'>rit</span> <span class='ocrx_word' id='word_1_321' title='bbox 1573 2435 1826 2481; x_wconf 82' lang='lat' dir='ltr'>moderari</span> <span class='ocrx_word' id='word_1_322' title='bbox 1842 2429 2008 2501; x_wconf 50' lang='lat' dir='ltr'>lya-am</span> <span class='ocrx_word' id='word_1_323' title='bbox 2023 2469 2037 2493; x_wconf 82' lang='lat'>‚</span> <span class='ocrx_word' id='word_1_324' title='bbox 2063 2428 2191 2481; x_wconf 84' lang='lat' dir='ltr'>fides</span> <span class='ocrx_word' id='word_1_325' title='bbox 2208 2468 2223 2495; x_wconf 93' lang='lat'>,</span> <span class='ocrx_word' id='word_1_326' title='bbox 2250 2448 2462 2482; x_wconf 86' lang='lat' dir='ltr'>carmen</span> <span class='ocrx_word' id='word_1_327' title='bbox 2484 2469 2501 2496; x_wconf 84' lang='lat'><strong><em>‚</em></strong></span> 
     </span>
     <span class='ocr_line' id='line_1_56' title="bbox 1485 2508 2500 2579; baseline 0.002 -19"><span class='ocrx_word' id='word_1_328' title='bbox 1485 2526 1787 2578; x_wconf 83' lang='lat' dir='ltr'>quanquam</span> <span class='ocrx_word' id='word_1_329' title='bbox 1819 2508 1870 2560; x_wconf 93' lang='lat' dir='ltr'>in</span> <span class='ocrx_word' id='word_1_330' title='bbox 1907 2508 2162 2579; x_wconf 82' lang='lat' dir='ltr'>plerisque</span> <span class='ocrx_word' id='word_1_331' title='bbox 2197 2508 2318 2560; x_wconf 78' lang='lat' dir='ltr'>loeis</span> <span class='ocrx_word' id='word_1_332' title='bbox 2353 2508 2500 2562; x_wconf 85' lang='lat' dir='ltr'>MSS</span> 
     </span>
     <span class='ocr_line' id='line_1_57' title="bbox 1484 2586 2499 2653; baseline 0.001 -15"><span class='ocrx_word' id='word_1_333' title='bbox 1484 2606 1591 2638; x_wconf 90' lang='lat' dir='ltr'>non</span> <span class='ocrx_word' id='word_1_334' title='bbox 1613 2587 1786 2639; x_wconf 83' lang='lat' dir='ltr'>minus</span> <span class='ocrx_word' id='word_1_335' title='bbox 1807 2588 2037 2651; x_wconf 86' lang='lat' dir='ltr'>variant,</span> <span class='ocrx_word' id='word_1_336' title='bbox 2061 2604 2219 2653; x_wconf 85' lang='lat' dir='ltr'>quam</span> <span class='ocrx_word' id='word_1_337' title='bbox 2242 2587 2340 2649; x_wconf 87' lang='lat' dir='ltr'>hoc</span> <span class='ocrx_word' id='word_1_338' title='bbox 2369 2586 2499 2639; x_wconf 90' lang='lat' dir='ltr'>loco.</span> 
     </span>
     <span class='ocr_line' id='line_1_58' title="bbox 1483 2663 2505 2733; baseline -0.006 -14"><span class='ocrx_word' id='word_1_339' title='bbox 1483 2663 1588 2719; x_wconf 87' lang='lat' dir='ltr'>Sed</span> <span class='ocrx_word' id='word_1_340' title='bbox 1601 2682 1697 2733; x_wconf 81' lang='lat' dir='ltr'>ego</span> <span class='ocrx_word' id='word_1_341' title='bbox 1713 2665 1877 2716; x_wconf 88' lang='lat' dir='ltr'>miror</span> <span class='ocrx_word' id='word_1_342' title='bbox 1888 2665 2200 2717; x_wconf 86' lang='lat' dir='ltr'>Burmanno</span> <span class='ocrx_word' id='word_1_343' title='bbox 2211 2681 2320 2715; x_wconf 92' lang='lat' dir='ltr'>non</span> <span class='ocrx_word' id='word_1_344' title='bbox 2337 2663 2505 2716; x_wconf 85' lang='lat' dir='ltr'>inele-</span> 
     </span>
     <span class='ocr_line' id='line_1_59' title="bbox 1485 2746 2502 2814; baseline 0.002 -17"><span class='ocrx_word' id='word_1_345' title='bbox 1485 2755 1697 2814; x_wconf 87' lang='lat' dir='ltr'>gantem</span> <span class='ocrx_word' id='word_1_346' title='bbox 1724 2746 1884 2797; x_wconf 81' lang='lat' dir='ltr'>visam</span> <span class='ocrx_word' id='word_1_347' title='bbox 1913 2767 2020 2798; x_wconf 85' lang='lat' dir='ltr'>esse</span> <span class='ocrx_word' id='word_1_348' title='bbox 2055 2747 2210 2799; x_wconf 88' lang='lat' dir='ltr'>unius</span> <span class='ocrx_word' id='word_1_349' title='bbox 2236 2746 2502 2799; x_wconf 85' lang='lat' dir='ltr'>Leidensis</span> 
     </span>
     <span class='ocr_line' id='line_1_60' title="bbox 1487 2823 2503 2895; baseline 0.002 -19"><span class='ocrx_word' id='word_1_350' title='bbox 1487 2823 1624 2877; x_wconf 85' lang='lat' dir='ltr'>Cod.</span> <span class='ocrx_word' id='word_1_351' title='bbox 1642 2825 1939 2890; x_wconf 74' lang='lat' dir='ltr'>lectionem,</span> <span class='ocrx_word' id='word_1_352' title='bbox 1941 2826 2220 2891; x_wconf 78' lang='lat' dir='ltr'>jaculatur.</span> <span class='ocrx_word' id='word_1_353' title='bbox 2239 2825 2379 2878; x_wconf 76' lang='lat' dir='ltr'>Dicit</span> <span class='ocrx_word' id='word_1_354' title='bbox 2392 2826 2503 2895; x_wconf 90' lang='lat' dir='ltr'>qui·</span> 
     </span>
     <span class='ocr_line' id='line_1_61' title="bbox 1484 2902 2495 2971; baseline 0.006 -18"><span class='ocrx_word' id='word_1_355' title='bbox 1484 2902 1629 2969; x_wconf 89' lang='lat' dir='ltr'>dem,</span> <span class='ocrx_word' id='word_1_356' title='bbox 1648 2924 1700 2956; x_wconf 84' lang='lat' dir='ltr'>se</span> <span class='ocrx_word' id='word_1_357' title='bbox 1714 2902 1764 2954; x_wconf 83' lang='lat' dir='ltr'>id</span> <span class='ocrx_word' id='word_1_358' title='bbox 1781 2903 2052 2957; x_wconf 75' lang='lat' dir='ltr'>illustrasse</span> <span class='ocrx_word' id='word_1_359' title='bbox 2069 2905 2133 2957; x_wconf 85' lang='lat' dir='ltr'>ad</span> <span class='ocrx_word' id='word_1_360' title='bbox 2152 2906 2461 2958; x_wconf 90' lang='lat' dir='ltr'>Petronium</span> <span class='ocrx_word' id='word_1_361' title='bbox 2480 2944 2495 2971; x_wconf 88' lang='lat'>,</span> 
     </span>
     <span class='ocr_line' id='line_1_62' title="bbox 1483 2982 2500 3055; baseline 0.004 -21"><span class='ocrx_word' id='word_1_362' title='bbox 1483 3001 1591 3052; x_wconf 85' lang='lat' dir='ltr'>cap.</span> <span class='ocrx_word' id='word_1_363' title='bbox 1618 3002 1741 3055; x_wconf 74' lang='lat'><strong>¹⁰93</strong></span> <span class='ocrx_word' id='word_1_364' title='bbox 1763 2982 1854 3036; x_wconf 85' lang='lat' dir='ltr'>sed</span> <span class='ocrx_word' id='word_1_365' title='bbox 1868 3003 2072 3051; x_wconf 86' lang='lat' dir='ltr'>vereor,</span> <span class='ocrx_word' id='word_1_366' title='bbox 2094 2996 2150 3038; x_wconf 86' lang='lat' dir='ltr'>ut</span> <span class='ocrx_word' id='word_1_367' title='bbox 2167 2986 2233 3038; x_wconf 88' lang='lat' dir='ltr'>ibi</span> <span class='ocrx_word' id='word_1_368' title='bbox 2250 2986 2368 3039; x_wconf 86' lang='lat' dir='ltr'>satis</span> <span class='ocrx_word' id='word_1_369' title='bbox 2387 2986 2500 3038; x_wconf 88' lang='lat' dir='ltr'>ido-</span> 
     </span>
     <span class='ocr_line' id='line_1_63' title="bbox 1483 3061 2503 3131; baseline 0.004 -19"><span class='ocrx_word' id='word_1_370' title='bbox 1483 3061 1596 3113; x_wconf 86' lang='lat' dir='ltr'>neis</span> <span class='ocrx_word' id='word_1_371' title='bbox 1614 3062 1857 3131; x_wconf 81' lang='lat' dir='ltr'>exemplis</span> <span class='ocrx_word' id='word_1_372' title='bbox 1878 3081 1997 3115; x_wconf 86' lang='lat' dir='ltr'>usus</span> <span class='ocrx_word' id='word_1_373' title='bbox 2008 3064 2087 3116; x_wconf 86' lang='lat' dir='ltr'>sit.</span> <span class='ocrx_word' id='word_1_374' title='bbox 2112 3064 2266 3117; x_wconf 89' lang='lat' dir='ltr'>Unus</span> <span class='ocrx_word' id='word_1_375' title='bbox 2287 3069 2503 3117; x_wconf 78' lang='lat' dir='ltr'>medita-</span> 
     </span>
     <span class='ocr_line' id='line_1_64' title="bbox 1482 3139 2502 3207; baseline 0.002 -16"><span class='ocrx_word' id='word_1_376' title='bbox 1482 3148 1648 3191; x_wconf 84' lang='lat' dir='ltr'>tur.—</span> <span class='ocrx_word' id='word_1_377' title='bbox 1671 3139 1820 3207; x_wconf 72' lang='lat' dir='ltr'>Regii</span> <span class='ocrx_word' id='word_1_378' title='bbox 1848 3141 2010 3192; x_wconf 84' lang='lat' dir='ltr'>nostri</span> <span class='ocrx_word' id='word_1_379' title='bbox 2029 3143 2185 3192; x_wconf 87' lang='lat' dir='ltr'>ambo</span> <span class='ocrx_word' id='word_1_380' title='bbox 2206 3144 2502 3193; x_wconf 75' lang='lat' dir='ltr'>modulatur.</span> 
     </span>
    </p>

    <p class='ocr_par' dir='ltr' id='par_1_12' title="bbox 1483 3218 2503 4292">
     <span class='ocr_line' id='line_1_65' title="bbox 1559 3218 2498 3289; baseline 0.003 -19"><span class='ocrx_word' id='word_1_381' title='bbox 1559 3218 1666 3270; x_wconf 79' lang='lat'><strong>156.</strong></span> <span class='ocrx_word' id='word_1_382' title='bbox 1684 3221 1872 3271; x_wconf 70' lang='lat' dir='ltr'>Tmolo.</span> <span class='ocrx_word' id='word_1_383' title='bbox 1888 3219 2005 3272; x_wconf 92' lang='lat' dir='ltr'>Deo</span> <span class='ocrx_word' id='word_1_384' title='bbox 2022 3221 2215 3274; x_wconf 85' lang='lat' dir='ltr'>montis</span> <span class='ocrx_word' id='word_1_385' title='bbox 2231 3242 2242 3281; x_wconf 88' lang='lat'>;</span> <span class='ocrx_word' id='word_1_386' title='bbox 2267 3239 2498 3289; x_wconf 84' lang='lat' dir='ltr'>namqne</span> 
     </span>
     <span class='ocr_line' id='line_1_66' title="bbox 1485 3296 2499 3365; baseline 0.001 -17"><span class='ocrx_word' id='word_1_387' title='bbox 1485 3305 1539 3348; x_wconf 87' lang='lat' dir='ltr'>et</span> <span class='ocrx_word' id='word_1_388' title='bbox 1573 3296 1837 3349; x_wconf 87' lang='lat' dir='ltr'>montibus</span> <span class='ocrx_word' id='word_1_389' title='bbox 1864 3296 2205 3357; x_wconf 20' lang='lat' dir='ltr'>sua‘suerunt</span> <span class='ocrx_word' id='word_1_390' title='bbox 2242 3298 2462 3350; x_wconf 87' lang='lat' dir='ltr'>numina</span> <span class='ocrx_word' id='word_1_391' title='bbox 2482 3338 2499 3365; x_wconf 83' lang='lat'><strong>,</strong></span> 
     </span>
     <span class='ocr_line' id='line_1_67' title="bbox 1483 3373 2499 3428; baseline 0.002 -3"><span class='ocrx_word' id='word_1_392' title='bbox 1483 3374 1616 3425; x_wconf 78' lang='lat' dir='ltr'>sieut</span> <span class='ocrx_word' id='word_1_393' title='bbox 1634 3383 1686 3425; x_wconf 88' lang='lat' dir='ltr'>et</span> <span class='ocrx_word' id='word_1_394' title='bbox 1710 3373 1954 3426; x_wconf 81' lang='lat' dir='ltr'>sontibus.</span> <span class='ocrx_word' id='word_1_395' title='bbox 1978 3377 2076 3427; x_wconf 86' lang='lat' dir='ltr'>Ed.</span> <span class='ocrx_word' id='word_1_396' title='bbox 2092 3403 2160 3415; x_wconf 91' lang='lat'><em>-</em></span> <span class='ocrx_word' id='word_1_397' title='bbox 2187 3376 2328 3427; x_wconf 87' lang='lat' dir='ltr'>Hinc</span> <span class='ocrx_word' id='word_1_398' title='bbox 2353 3375 2499 3428; x_wconf 86' lang='lat' dir='ltr'>Deus</span> 
     </span>
     <span class='ocr_line' id='line_1_68' title="bbox 1485 3450 2499 3517; baseline 0.003 -15"><span class='ocrx_word' id='word_1_399' title='bbox 1485 3450 1707 3502; x_wconf 85' lang='lat' dir='ltr'>Tmolus</span> <span class='ocrx_word' id='word_1_400' title='bbox 1722 3451 2048 3517; x_wconf 85' lang='lat' dir='ltr'>describitur,</span> <span class='ocrx_word' id='word_1_401' title='bbox 2070 3462 2126 3504; x_wconf 90' lang='lat' dir='ltr'>ut</span> <span class='ocrx_word' id='word_1_402' title='bbox 2143 3453 2258 3504; x_wconf 86' lang='lat' dir='ltr'>alibi</span> <span class='ocrx_word' id='word_1_403' title='bbox 2276 3453 2499 3505; x_wconf 78' lang='lat' dir='ltr'>Inachus</span> 
     </span>
     <span class='ocr_line' id='line_1_69' title="bbox 1487 3527 2498 3601; baseline 0.003 -20"><span class='ocrx_word' id='word_1_404' title='bbox 1487 3527 1633 3581; x_wconf 87' lang='lat' dir='ltr'>Deus</span> <span class='ocrx_word' id='word_1_405' title='bbox 1656 3527 1800 3580; x_wconf 81' lang='lat' dir='ltr'>fluvii</span> <span class='ocrx_word' id='word_1_406' title='bbox 1827 3530 2019 3581; x_wconf 80' lang='lat' dir='ltr'>Inachi.</span> <span class='ocrx_word' id='word_1_407' title='bbox 2047 3529 2203 3582; x_wconf 85' lang='lat' dir='ltr'>Cous.</span> <span class='ocrx_word' id='word_1_408' title='bbox 2226 3530 2498 3601; x_wconf 83' lang='lat' dir='ltr'>descriptio</span> 
     </span>
     <span class='ocr_line' id='line_1_70' title="bbox 1486 3605 2501 3679; baseline 0.005 -21"><span class='ocrx_word' id='word_1_409' title='bbox 1486 3605 1715 3658; x_wconf 80' lang='lat' dir='ltr'>Atlantis</span> <span class='ocrx_word' id='word_1_410' title='bbox 1731 3605 1869 3673; x_wconf 86' lang='lat' dir='ltr'>apud</span> <span class='ocrx_word' id='word_1_411' title='bbox 1885 3606 2073 3658; x_wconf 88' lang='lat' dir='ltr'>Silium</span> <span class='ocrx_word' id='word_1_412' title='bbox 2092 3646 2106 3672; x_wconf 90' lang='lat'>,</span> <span class='ocrx_word' id='word_1_413' title='bbox 2131 3609 2185 3672; x_wconf 91' lang='lat'>1,</span> <span class='ocrx_word' id='word_1_414' title='bbox 2210 3614 2306 3661; x_wconf 76' lang='lat'>205</span> <span class='ocrx_word' id='word_1_415' title='bbox 2321 3627 2501 3679; x_wconf 80' lang='lat' dir='ltr'>sqq.—</span> 
     </span>
     <span class='ocr_line' id='line_1_71' title="bbox 1489 3685 2500 3754; baseline 0.006 -16"><span class='ocrx_word' id='word_1_416' title='bbox 1489 3688 1748 3743; x_wconf 77' lang='lat' dir='ltr'>Consedit,</span> <span class='ocrx_word' id='word_1_417' title='bbox 1766 3703 1912 3737; x_wconf 89' lang='lat' dir='ltr'>more</span> <span class='ocrx_word' id='word_1_418' title='bbox 1928 3685 2179 3754; x_wconf 75' lang='lat' dir='ltr'>judicum,</span> <span class='ocrx_word' id='word_1_419' title='bbox 2197 3688 2336 3742; x_wconf 90' lang='lat' dir='ltr'>unde</span> <span class='ocrx_word' id='word_1_420' title='bbox 2353 3696 2500 3743; x_wconf 83' lang='lat' dir='ltr'>sede-</span> 
     </span>
     <span class='ocr_line' id='line_1_72' title="bbox 1483 3762 2502 3831; baseline 0.008 -16"><span class='ocrx_word' id='word_1_421' title='bbox 1483 3782 1538 3815; x_wconf 85' lang='lat' dir='ltr'>re</span> <span class='ocrx_word' id='word_1_422' title='bbox 1551 3762 1758 3831; x_wconf 85' lang='lat' dir='ltr'>proprie</span> <span class='ocrx_word' id='word_1_423' title='bbox 1774 3762 1837 3814; x_wconf 90' lang='lat' dir='ltr'>de</span> <span class='ocrx_word' id='word_1_424' title='bbox 1863 3762 2130 3829; x_wconf 78' lang='lat' dir='ltr'>judicibus.</span> <span class='ocrx_word' id='word_1_425' title='bbox 2153 3765 2369 3821; x_wconf 85' lang='lat' dir='ltr'>Cinctus</span> <span class='ocrx_word' id='word_1_426' title='bbox 2387 3781 2502 3823; x_wconf 85' lang='lat' dir='ltr'>erat</span> 
     </span>
     <span class='ocr_line' id='line_1_73' title="bbox 1484 3840 2502 3901; baseline 0.007 -10"><span class='ocrx_word' id='word_1_427' title='bbox 1484 3844 1744 3893; x_wconf 77' lang='lat' dir='ltr'>arboribus</span> <span class='ocrx_word' id='word_1_428' title='bbox 1765 3880 1777 3901; x_wconf 86' lang='grc'>,</span> <span class='ocrx_word' id='word_1_429' title='bbox 1821 3840 2026 3893; x_wconf 81' lang='lat' dir='ltr'>coronis</span> <span class='ocrx_word' id='word_1_430' title='bbox 2049 3842 2309 3896; x_wconf 78' lang='lat' dir='ltr'>variarum</span> <span class='ocrx_word' id='word_1_431' title='bbox 2334 3848 2502 3898; x_wconf 87' lang='lat' dir='ltr'>arbo-</span> 
     </span>
     <span class='ocr_line' id='line_1_74' title="bbox 1486 3917 2503 3986; baseline 0.007 -17"><span class='ocrx_word' id='word_1_432' title='bbox 1486 3937 1608 3969; x_wconf 88' lang='lat' dir='ltr'>rum</span> <span class='ocrx_word' id='word_1_433' title='bbox 1624 3957 1639 3983; x_wconf 86' lang='lat'>,</span> <span class='ocrx_word' id='word_1_434' title='bbox 1666 3917 1785 3986; x_wconf 86' lang='lat' dir='ltr'>quia</span> <span class='ocrx_word' id='word_1_435' title='bbox 1809 3920 2001 3969; x_wconf 83' lang='lat' dir='ltr'>montis</span> <span class='ocrx_word' id='word_1_436' title='bbox 2024 3938 2271 3973; x_wconf 87' lang='lat' dir='ltr'>cacumen</span> <span class='ocrx_word' id='word_1_437' title='bbox 2300 3925 2503 3976; x_wconf 89' lang='lat' dir='ltr'>arbori-</span> 
     </span>
     <span class='ocr_line' id='line_1_75' title="bbox 1488 3997 2499 4070; baseline 0.007 -22"><span class='ocrx_word' id='word_1_438' title='bbox 1488 3997 1583 4048; x_wconf 85' lang='lat' dir='ltr'>bus</span> <span class='ocrx_word' id='word_1_439' title='bbox 1612 3997 1868 4049; x_wconf 87' lang='lat' dir='ltr'>consitum</span> <span class='ocrx_word' id='word_1_440' title='bbox 1904 4015 1916 4047; x_wconf 91' lang='lat'>:</span> <span class='ocrx_word' id='word_1_441' title='bbox 1950 4015 2034 4048; x_wconf 84' lang='lat' dir='ltr'>eas</span> <span class='ocrx_word' id='word_1_442' title='bbox 2073 4017 2215 4053; x_wconf 89' lang='lat' dir='ltr'>nunc</span> <span class='ocrx_word' id='word_1_443' title='bbox 2250 4000 2499 4070; x_wconf 83' lang='lat' dir='ltr'>deponit,</span> 
     </span>
     <span class='ocr_line' id='line_1_76' title="bbox 1487 4074 2496 4145; baseline 0.006 -18"><span class='ocrx_word' id='word_1_444' title='bbox 1487 4074 1577 4127; x_wconf 84' lang='lat' dir='ltr'>sed</span> <span class='ocrx_word' id='word_1_445' title='bbox 1602 4093 1697 4143; x_wconf 88' lang='lat' dir='ltr'>pro</span> <span class='ocrx_word' id='word_1_446' title='bbox 1715 4092 1779 4126; x_wconf 85' lang='lat' dir='ltr'>eo</span> <span class='ocrx_word' id='word_1_447' title='bbox 1797 4075 2000 4139; x_wconf 79' lang='lat' dir='ltr'>melius,</span> <span class='ocrx_word' id='word_1_448' title='bbox 2018 4080 2199 4129; x_wconf 81' lang='lat' dir='ltr'>liberat</span> <span class='ocrx_word' id='word_1_449' title='bbox 2214 4083 2496 4145; x_wconf 67' lang='lat' dir='ltr'>arbore‘bus‚·</span> 
     </span>
     <span class='ocr_line' id='line_1_77' title="bbox 1491 4155 2501 4225; baseline 0.011 -23"><span class='ocrx_word' id='word_1_450' title='bbox 1491 4155 1701 4204; x_wconf 82' lang='lat' dir='ltr'>auribus</span> <span class='ocrx_word' id='word_1_451' title='bbox 1734 4155 1876 4205; x_wconf 88' lang='lat' dir='ltr'>enim</span> <span class='ocrx_word' id='word_1_452' title='bbox 1919 4159 2107 4222; x_wconf 80' lang='lat' dir='ltr'>apertis</span> <span class='ocrx_word' id='word_1_453' title='bbox 2136 4174 2265 4225; x_wconf 84' lang='lat' dir='ltr'>opus</span> <span class='ocrx_word' id='word_1_454' title='bbox 2296 4170 2408 4210; x_wconf 87' lang='lat' dir='ltr'>erat</span> <span class='ocrx_word' id='word_1_455' title='bbox 2444 4161 2501 4213; x_wconf 90' lang='lat' dir='ltr'>in</span> 
     </span>
     <span class='ocr_line' id='line_1_78' title="bbox 1490 4230 2503 4292; baseline 0.009 -9"><span class='ocrx_word' id='word_1_456' title='bbox 1490 4230 1589 4284; x_wconf 87' lang='lat' dir='ltr'>hoc</span> <span class='ocrx_word' id='word_1_457' title='bbox 1612 4237 1893 4286; x_wconf 88' lang='lat' dir='ltr'>certamine</span> <span class='ocrx_word' id='word_1_458' title='bbox 1912 4237 2121 4290; x_wconf 83' lang='lat' dir='ltr'>musico.</span> <span class='ocrx_word' id='word_1_459' title='bbox 2145 4263 2212 4275; x_wconf 91' lang='lat'>—·</span> <span class='ocrx_word' id='word_1_460' title='bbox 2229 4240 2383 4290; x_wconf 84' lang='lat' dir='ltr'>Coma</span> <span class='ocrx_word' id='word_1_461' title='bbox 2402 4259 2503 4292; x_wconf 79' lang='lat' dir='ltr'>ca·-</span> 
     </span>
    </p>
   </div>
   <div class='ocr_carea' id='block_1_10' title="bbox 1490 4314 2503 4379">
    <p class='ocr_par' dir='ltr' id='par_1_13' title="bbox 1490 4314 2503 4379">
     <span class='ocr_line' id='line_1_79' title="bbox 1490 4314 2503 4379; baseline 0.01 -18"><span class='ocrx_word' id='word_1_462' title='bbox 1490 4314 1629 4376; x_wconf 88' lang='lat' dir='ltr'>rula,</span> <span class='ocrx_word' id='word_1_463' title='bbox 1670 4331 1790 4379; x_wconf 69' lang='lat' dir='ltr'>quia</span> <span class='ocrx_word' id='word_1_464' title='bbox 1819 4315 2026 4367; x_wconf 83' lang='lat' dir='ltr'>arbores</span> <span class='ocrx_word' id='word_1_465' title='bbox 2054 4325 2111 4370; x_wconf 82' lang='lat' dir='ltr'>et</span> <span class='ocrx_word' id='word_1_466' title='bbox 2142 4328 2350 4372; x_wconf 83' lang='lat' dir='ltr'>montes</span> <span class='ocrx_word' id='word_1_467' title='bbox 2372 4320 2503 4372; x_wconf 88' lang='lat' dir='ltr'>lon-</span> 
     </span>
    </p>
   </div>
   <div class='ocr_carea' id='block_1_11' title="bbox 2142 4420 2220 4483">
    <p class='ocr_par' dir='ltr' id='par_1_14' title="bbox 2142 4420 2220 4483">
     <span class='ocr_line' id='line_1_80' title="bbox 2142 4420 2220 4483; baseline 0.038 -3"><span class='ocrx_word' id='word_1_468' title='bbox 2142 4420 2220 4483; x_wconf 78' lang='lat'>16</span> 
     </span>
    </p>
   </div>
  </div>
 </body>
</html>
