3185 5138
709 507 840 597 498

1251 503 1332 568 P.
1401 501 1758 569 OVIDII
1818 498 2272 576 NASONIS

711 643 1006 718 Praeterit
1029 697 1047 729 ‚
1082 659 1148 715 et
1188 640 1470 742 Sybarin
1491 696 1511 728 ‚
1549 638 2095 740 Salentinumque
2127 641 2482 727 Neretum,

711 758 1181 859 Thurinosque
1213 756 1437 842 sinus,
1475 757 1959 856 Temesenque‚
1996 772 2064 828 et
2096 756 2363 858 Iapygis
2397 784 2569 832 arva.

712 876 974 975 Vixque
1010 873 1399 976 peremtio,
1440 900 1584 974 quae
1622 889 1925 973 spectant
1953 869 2182 960 litora,
2218 873 2445 960 terris,

710 991 976 1065 Invenit
1009 989 1264 1063 AEsarei
1300 987 1521 1062 satalia
1555 987 1850 1062 fluminis
1879 1016 2032 1073 ora;

711 1109 850 1179 Nee
881 1102 1117 1205 procul
1152 1102 1311 1176 hinc
1350 1099 1718 1189 tumulum,
1755 1102 1882 1176 sub
1925 1130 2060 1201 quo
2096 1117 2344 1174 sacrata
2383 1102 2702 1177 Crotonis
2795 1125 2872 1177 55

718 1222 891 1305 Ossa
928 1217 1195 1312 tegebat
1223 1216 1470 1291 humus
1499 1246 1515 1288 :
1546 1216 1858 1315 jussaque
1896 1214 1992 1287 ibi
2025 1214 2266 1288 moenia
2298 1230 2468 1288 terra

717 1334 1076 1420 Condidit,
1118 1350 1184 1406 et
1209 1361 1452 1406 nomen
1486 1330 1794 1405 tumulati
1829 1331 2027 1406 traxit
2059 1330 2131 1404 in
2167 1332 2420 1406 urbem.

716 1450 902 1525 Talia
937 1449 1283 1523 constabat
1315 1467 1493 1523 certa
1524 1447 1896 1550 primordia·
1919 1449 2089 1521 fama

719 1569 883 1641 Esse
910 1566 1075 1655 loci,
1109 1566 1477 1666 positaeque
1510 1564 1696 1638 Italis
1732 1566 1800 1638 in
1837 1565 2084 1638 finibus
2117 1565 2325 1638 urbis.

814 1685 903 1756 ll.
942 1683 1067 1755 vir
1097 1683 1226 1756 fuit
1257 1682 1369 1756 hie
1405 1701 1557 1756 ortu
1594 1681 1852 1756 Samius
1882 1710 1897 1753 ε
1927 1680 2042 1754 sed
2080 1681 2338 1776 fugerat
2376 1709 2509 1754 una

2787 1707 2858 1756 6⁰

718 1867 813 1917 qno
831 1857 884 1900 el
901 1849 1481 1918 Iapygiae-Neretum,
1513 1846 1656 1917 quod
1678 1867 1734 1901 se
1830 1845 2029 1901 santur.
2056 1845 2173 1900 Nisi
2197 1846 2333 1900 dicas
2359 1886 2373 1912 ‚
2415 1846 2706 1901 Herculem
2740 1846 2855 1902 sato

718 1925 876 1978 etiam
911 1924 1105 1976 Lenzio
1132 1924 1418 1993 probavit,
1464 1925 1732 1990 dedimus,

1831 1928 1903 1981 sic
1927 1928 2137 1980 volente
2162 1928 2232 1980 ita
2260 1927 2790 1995 jussisse—Sacrate
2801 1939 2856 1981 et

718 2005 838 2075 quia
855 2003 943 2069 sic,
962 2015 1050 2056 aut
1062 2006 1327 2057 Nee-elbum
1343 2004 1594 2074 scriptum
1611 2004 1735 2056 duo·
1832 2016 2014 2057 sancta
2036 2016 2190 2057 erant
2208 2003 2442 2073 sepulcra
2459 2044 2474 2069 ,
2492 2004 2613 2072 quia
2635 2004 2818 2057 violari
2836 2045 2852 2070 ‚

714 2084 812 2138 bus
831 2081 1022 2135 Maffei
1045 2081 1217 2148 MSS,
1245 2083 1300 2134 in
1319 2082 1531 2135 Fames.
1556 2092 1612 2135 et
1629 2101 1739 2135 uno

723 2159 929 2215 Calest.
965 2159 1160 2230 reperit
1197 2156 1456 2213 Ciofanus
1472 2199 1488 2226 ‚
1528 2170 1583 2213 et
1611 2161 1738 2213 olim

721 2239 976 2294 edebatur
996 2241 1293 2293 Neraelhum.
1322 2239 1564 2308 Namque
1591 2240 1740 2292 Nee-

720 2321 858 2376 thum
882 2315 1079 2389 Regius
1102 2315 1302 2371 nullam
1324 2317 1478 2372 aliam
1509 2317 1578 2369 ob
1602 2335 1739 2370 cau-

724 2420 834 2464 sam
861 2398 1058 2452 invexit
1075 2437 1088 2464 ‚
1113 2417 1271 2467 quam
1301 2398 1440 2467 quod
1466 2398 1739 2451 memine-

724 2487 805 2530 rat
822 2515 837 2543 ,
858 2475 1177 2530 Strabonem
1199 2474 1340 2527 hunc
1359 2474 1531 2527 facere
1555 2473 1740 2527 Salen-

724 2558 958 2611 tinorum
983 2553 1221 2608 fluvium.
1258 2554 1441 2607 Posset
1476 2553 1657 2607 forsan
1687 2562 1741 2606 et

724 2654 844 2690 cum
861 2642 1087 2702 quatuor
1096 2631 1356 2685 Vaticanis
1371 2641 1425 2683 et
1440 2632 1604 2683 altero
1623 2629 1738 2684 Cae·

723 2711 913 2767 lestino
929 2714 1153 2764 Veretum
1167 2708 1318 2762 scribi
1338 2730 1351 2770 ς
1372 2708 1573 2761 Plinius
1590 2746 1606 2774 ‚
1624 2708 1737 2774 ΙΙΙ,

734 2816 750 2846 ι
768 2815 784 2846 ι
804 2814 844 2845 s.
875 2792 934 2845 16
951 2830 966 2858 ,
991 2792 1354 2843 Saleatmorum
1383 2791 1606 2848 Alele'm',
1636 2790 1742 2839 Ne-

724 2879 905 2934 rctiaa’,
948 2874 1235 2932 Valentini,
1277 2873 1511 2924 Verctim'.
1551 2868 1741 2921 Ptole-

726 2969 886 3005 maeus
909 2948 1124 3016 quidem
1145 2946 1256 3013 111,
1282 2962 1303 2998 1
1322 2986 1339 3011 ‚
1364 2957 1417 2999 et
1440 2949 1671 2999 Neretum
1687 2955 1742 2998 et

736 3033 981 3081 Veretrum
1003 3025 1057 3076 in
1082 3023 1479 3093 mediterraneis
1500 3023 1742 3076 Salenti-

725 3123 916 3160 norum
939 3103 1087 3170 pouit
1108 3122 1123 3163 ;
1153 3099 1242 3153 sed
1265 3101 1383 3154 talia
1401 3099 1627 3153 Ovidius
1650 3121 1743 3169 pa-

726 3201 844 3239 rum
869 3178 1081 3251 curavit.
1108 3206 1172 3217 ·-
1202 3176 1386 3235 Codex
1422 3188 1600 3231 noster
1620 3178 1740 3232 Re·-

725 3261 838 3329 gius
864 3259 910 3311 A
931 3296 947 3324 ‚
986 3267 1243 3325 quantum
1281 3255 1498 3324 perspici
1531 3266 1739 3324 potest,

726 3337 815 3389 dat
847 3335 1140 3397 Nerelhum3
1174 3330 1337 3386 codex
1358 3331 1403 3383 B
1429 3334 1742 3386 Acratum.—

723 3415 810 3469 De
838 3416 1067 3471 Temese.
1088 3411 1216 3464 urbe
1235 3410 1568 3463 Bruttiorum
1584 3450 1599 3474 ,
1618 3411 1740 3463 vidi·

729 3512 845 3546 mus
859 3491 921 3543 ad
944 3491 1044 3544 Vll
1061 3529 1077 3558 ,
1096 3510 1205 3558 207.
1222 3488 1327 3542 Sed
1344 3508 1458 3541 eam
1474 3488 1740 3557 preterire

725 3590 835 3624 non
851 3579 1051 3639 potest,
1069 3568 1158 3637 qui
1180 3588 1207 3621 e
1224 3567 1425 3622 Groecia
1445 3566 1708 3636 profectus
1723 3605 1740 3632 ,

727 3650 924 3705 AEsaris
947 3649 1075 3711 ostia
1098 3649 1241 3718 petit.
1264 3649 1446 3716 ltaque
1472 3648 1741 3701 Burman-

725 3751 826 3786 nus
847 3770 861 3797 ,
898 3740 1170 3799 postquam
1205 3729 1473 3791 Εηὶιιιίσεπ,
1506 3731 1740 3780 Cameren

727 3821 819 3863 aut
839 3808 1079 3879 Tenqenen
1095 3806 1461 3875 reponendum
1477 3816 1737 3871 suaserat,

728 3883 894 3941 credit
915 3922 930 3948 ,
961 3884 1215 3936 Nostrum
1238 3892 1476 3934 secutum
1495 3901 1603 3934 esse
1623 3899 1738 3948 eos,

725 3965 818 4032 qui
848 3964 1080 4014 Temesen
1103 3959 1345 4013 eamdem
1373 3961 1557 4012 urbem
1580 3958 1737 4012 fuisse

724 4051 979 4113 putarunt
995 4081 1010 4107 ,
1036 4060 1150 4110 quae
1169 4051 1222 4094 et
1239 4040 1616 4094 Brundusium.
1637 4040 1741 4092 Atii

725 4121 891 4173 aliter.
1388 4150 1399 4159 ·

788 4201 868 4263 54.
894 4201 1126 4256 Fatale'a.
1165 4198 1230 4252 ab
1256 4198 1484 4251 Hercule
1519 4197 1564 4250 ei
1594 4195 1741 4249 adsi-

723 4290 891 4348 gnata.
918 4282 1048 4330 Fata
1072 4279 1215 4333 enim
1246 4289 1369 4331 sunt
1393 4299 1451 4331 ea
1469 4317 1483 4342 ,
1512 4270 1629 4346 iluae
1649 4275 1740 4328 Dii

1835 2083 2036 2135 moveri
2052 2120 2066 2146 ‚
2083 2082 2245 2136 deleri
2269 2081 2382 2135 sine
2404 2099 2558 2150 poena
2574 2100 2688 2134 non
2711 2093 2854 2151 pote-

1836 2165 2236 2220 rant.—Haems
2255 2166 2348 2215 snb
2370 2165 2559 2216 tumulo
2584 2166 2713 2228 tegit
2731 2179 2855 2214 ossa

1837 2262 1870 2294 e
1882 2259 2128 2295 sermone
2151 2241 2356 2309 poetico
2376 2239 2742 2293 Romanorum
2757 2238 2854 2292 flu·

1838 2320 1940 2384 xit,
1970 2339 2001 2372 e
2034 2338 2141 2387 quo
2162 2318 2322 2371 etiam
2350 2317 2630 2386 Virgilius,
2659 2315 2851 2386 Genu-g.

1839 2396 1938 2461 IV,
1965 2401 2089 2465 457,
2118 2394 2276 2459 dixit,
2318 2394 2681 2461 stllussnaedi!
2705 2398 2854 2446 bum

1840 2480 2056 2537 metuam·
2079 2472 2195 2526 vide
2220 2471 2282 2524 ad
2304 2472 2382 2524 xl
2402 2510 2417 2536 ,
2444 2472 2558 2524 603.

1904 2554 1984 2606 58.
2018 2554 2168 2606 Talia
2194 2552 2465 2604 constabat
2476 2589 2487 2601 .
2503 2591 2514 2603 .
2533 2589 2545 2601 .
2561 2554 2712 2603 urbis.
2738 2547 2853 2603 Hos

1839 2652 2017 2685 versus
2037 2631 2168 2683 duos
2186 2628 2478 2698 suppositos
2501 2647 2610 2681 esse
2635 2628 2853 2680 arbitra-

1838 2710 1994 2763 batur
2021 2707 2222 2775 Tanaq.
2257 2707 2458 2768 Faber3
2493 2704 2581 2760 sed
2608 2706 2854 2775 leguntur

1839 2789 1894 2841 in
1915 2787 2158 2840 omnibus
2184 2785 2328 2838 libris
2349 2785 2564 2853 scriptis.
2585 2783 2849 2836 Eia—De

1839 2866 2124 2937 originibus
2175 2865 2422 2919 Crotonis
2480 2864 2646 2917 multa
2694 2863 2852 2917 babet

1840 2943 2094 3013 Leopard.
2120 2943 2173 2996 in
2195 2942 2500 2996 Emendatt.
2519 2962 2631 3012 cap.
2663 2946 2733 3007 14,

1901 3023 2118 3089 60-478.
2143 3023 2398 3088 Πομπαῖα
2415 3026 2655 3073 nonnulla
2668 3023 2850 3089 Psan-

1833 3104 2007 3168 μνᾶ-α
2024 3140 2037 3161 ,
2067 3117 2182 3167 quoe
2199 3117 2364 3167 quum
2381 3097 2453 3151 de
2477 3098 2848 3151 mutationibus

1839 3189 2013 3248 agant,
2033 3189 2384 3246 ornatumque
2399 3177 2550 3231 facile
2573 3179 2848 3231 admittant

1839 3258 2101 3327 poeticum
2120 3296 2134 3322 ,
2159 3257 2334 3310 locum
2356 3257 2411 3308 in
2437 3255 2535 3309 hoc
2563 3275 2718 3325 opere
2741 3256 2846 3308 ha-

1838 3333 2336 3388 bentcomrnodum.
2355 3333 2526 3386 Etiam
2544 3333 2642 3387 hoc
2653 3333 2811 3402 piacet
2825 3372 2843 3398 ,

1839 3412 1978 3481 quod
1999 3412 2317 3484 Pythagoras
2340 3411 2447 3480 ipse
2470 3411 2664 3465 docens
2689 3410 2848 3463 indu·-

1837 3491 1987 3543 citur.
2018 3489 2100 3544 De
2126 3489 2417 3562 Pythagora
2439 3528 2453 3554 ,
2487 3489 2599 3542 viro
2625 3487 2809 3558 insigni
2826 3527 2843 3551 ‚

1839 3570 1951 3636 ejus
1970 3568 2124 3621 rebus
2141 3608 2155 3632 ‚
2188 3567 2438 3625 institutis
2455 3607 2469 3633 ,
2507 3567 2701 3621 familia
2720 3609 2736 3633 ,
2767 3585 2847 3621 00-

1839 3650 1978 3717 piose
2015 3659 2068 3701 et
2100 3647 2360 3701 subtiliter
2383 3646 2612 3717 disputat
2634 3649 2847 3699 minen

1835 3733 1891 3778 in
1918 3732 2006 3778 der
2027 3728 2329 3779 Gcschicltle
2350 3729 2440 3778 der
2473 3727 2774 3780 Wekseasch.
2791 3727 2847 3775 in

1835 3805 2217 3857 'Griecbenland
2225 3806 2334 3855 und
2341 3805 2470 3854 Rom
2488 3812 2615 3854 tom.
2630 3803 2648 3854 l
2667 3840 2682 3866 ‚
2701 3801 2785 3853 tib.
2798 3802 2844 3853 3.

1901 3882 2088 3950 tio-72.
2119 3879 2430 3949 Versuitetc.
2451 3880 2534 3933 De
2556 3878 2849 3951 Pythagora

1837 3959 1949 4029 ipso
1967 3999 1982 4024 ,
2010 3960 2229 4027 ejusque
2253 3958 2575 4028 philosophia
2595 3958 2848 4010 universe.

1835 4064 1902 4077 —-
1917 4039 2044 4098 Hic,
2071 4036 2335 4101 Crotone,
2352 4025 2529 4105 posiea
2547 4037 2708 4089 etiam
2728 4034 2846 4087 Me-

1838 4116 2036 4185 taponti
2051 4156 2065 4182 ,
2087 4118 2174 4169 ubi
2192 4116 2409 4169 decessit
2425 4138 2439 4177 ;
2456 4114 2628 4168 Cicer.
2644 4115 2761 4167 Fin.
2779 4113 2852 4179 V,

1838 4216 1864 4246 2
1882 4216 1895 4255 ς
1919 4194 2159 4247 Justinus
2174 4234 2189 4259 ,
2213 4194 2318 4247 XX
2335 4232 2350 4258 ‚
2370 4198 2415 4259 4.
2442 4195 2701 4247 Reversus
2720 4212 2748 4245 a
2765 4210 2849 4259 pe·

1834 4275 2187 4343 regrinatione
2206 4314 2220 4339 ,
2246 4293 2348 4343 qua
2364 4273 2658 4346 AEgyptum
2671 4273 2846 4326 lustra·
