3185 5138
505 517 514 525 ’
596 532 1640 602 METAMORPHOSEON
1689 538 1878 605 LIB.
1940 541 2169 608 VIII.
2379 548 2454 609 15

417 671 504 742 ll.
543 671 722 744 Vota
751 670 907 756 Jovi
944 670 1176 745 Minos
1211 689 1555 748 taurorum
1590 703 1869 777 corpora
1903 698 2170 754 centum

321 784 537 859 Solvit
558 842 577 874 ‚
610 805 688 862 nt
724 814 1026 883 egressus
1053 788 1309 864 ratibus
1347 791 1665 866 Curetida
1701 810 1941 869 terram

321 905 660 1001 Contigit3
696 922 765 979 et
801 904 1038 1005 spoliis
1074 905 1377 982 decorata
1410 926 1512 983 est
1546 911 1729 1006 regia
1747 911 1927 986 fixis.

324 1022 634 1094 Creverat
666 1021 1114 1122 opprobrium
1149 1024 1444 1118 generis;
1475 1025 1857 1128 soedumque
1893 1029 2167 1135 patebat
2366 1054 2458 1106 155

321 1136 564 1208 Matris
599 1134 1037 1223 adulterium,
1075 1140 1360 1213 monstri
1394 1142 1687 1217 novitate
1720 1143 2048 1219 biformis.

320 1250 629 1323 Destinat
662 1250 841 1324 hunc
879 1252 1113 1327 Minos
1147 1253 1452 1329 thalamis
1486 1285 1817 1332 removere
1845 1258 2168 1359 pudorem
2191 1317 2209 1347 ‚

318 1476 444 1545 gino
469 1480 592 1529 cirili·
610 1485 688 1528 est
704 1475 868 1545 piscis.
885 1475 1063 1549 Etym.
1085 1477 1163 1529 M.
1180 1480 1339 1555 Κίρῥις

322 1560 342 1611 ὅ
384 1560 530 1623 ἰχθύς.
563 1554 699 1608 Vide
742 1554 1071 1608 Munkerum
1102 1555 1166 1608 ad
1203 1557 1336 1630 Hy-

317 1634 518 1703 ginum.
548 1632 654 1687 Sed
684 1631 889 1703 Virgilii
920 1633 1031 1688 Cir.
1052 1654 1184 1688 vers.
1206 1637 1334 1708 489,

315 1714 405 1766 ubi
451 1714 537 1767 illa
581 1714 1021 1783 metamorphosis
1067 1715 1336 1785 eleganter

313 1792 435 1845 satis
452 1791 762 1845 describitur
775 1831 789 1858 ,
809 1802 888 1845 est
908 1792 1014 1846 avis
1036 1793 1332 1859 versicolor,

315 1870 467 1922 crista
502 1889 768 1939 purpurea
789 1870 845 1921 in
868 1870 1033 1939 capite
1063 1910 1078 1937 ,
1116 1880 1171 1924 et
1199 1888 1334 1923 cru-

314 1947 456 2001 ribus
470 1947 777 2000 rubentibus
794 1947 1013 2018 insignis
1030 1987 1044 2014 ,
1063 1949 1330 2017 vitamque

314 2025 597 2079 solitariam
625 2027 679 2078 in
704 2026 825 2080 locis
850 2025 1066 2080 desertis
1082 2046 1334 2098 agens.—

317 2109 373 2158 A
391 2116 536 2159 tonso
560 2111 750 2173 capillo
768 2147 782 2168 ,
811 2108 900 2160 ἀπὸ
920 2117 999 2162 τοῦ
1013 2116 1174 2183 κείρειν
1195 2107 1333 2160 dicta

315 2195 393 2237 est
421 2189 557 2238 σιἠἱσ.
603 2184 744 2252 Quoe
777 2195 959 2238 autem
988 2185 1093 2238 avis
1124 2184 1330 2238 intelli-

315 2264 485 2335 genda
511 2264 577 2318 sit
596 2304 610 2330 ,
640 2283 751 2318 non
776 2263 956 2334 liquet.
996 2266 1144 2319 Alius
1171 2266 1333 2319 intel·

310 2343 432 2397 lexit
448 2362 613 2412 genus
636 2343 890 2412 accipitris
910 2383 926 2409 ,
945 2344 1073 2397 alius
1090 2345 1293 2398 circum
1310 2382 1325 2411 ,

313 2419 440 2473 alius
453 2438 634 2473 rursus
645 2420 773 2489 perd
780 2420 934 2486 icem,
953 2420 1212 2488 alaudam,
1228 2432 1328 2475 etc.

311 2497 506 2551 Noster
538 2497 945 2568 descriptionem
980 2499 1093 2567 ejus
1125 2498 1328 2552 nullam

310 2577 482 2644 dedit,
507 2597 606 2632 nec
621 2578 975 2632 mutationem
993 2579 1157 2647 ipsam
1177 2596 1327 2631 more

306 2676 404 2710 suo
426 2657 707 2726 diligenter
725 2657 1014 2728 designavit
1032 2697 1048 2723 ,
1066 2657 1204 2710 baud
1225 2657 1330 2711 du-

307 2734 388 2788 bie
405 2747 680 2805 propterea
693 2777 706 2797 ,
733 2735 856 2804 quia
873 2745 1058 2789 auctor
1079 2735 1328 2789 carminis

310 2809 446 2865 Ciris
468 2811 554 2865 illa
579 2811 786 2882 egregie
814 2822 1171 2880 occupaverat.

375 2893 622 2944 isa-182.
645 2892 902 2944 Ariadnes
920 2909 1105 2944 corona
1119 2895 1251 2944 inter
1258 2897 1327 2944 si-

305 2972 439 3022 dera.
463 2969 814 3023 Athenienses
838 2968 1015 3022 Minoi
1042 2970 1325 3039 quotannis

303 3059 546 3119 septenos
576 3068 768 3120 pueros
799 3049 1127 3119 totidemque
1163 3051 1326 3120 virgi-

307 3145 398 3179 nes
423 3127 604 3179 tributi
628 3127 743 3181 loco
764 3127 976 3180 mittere
1001 3127 1325 3197 cogebantur

306 3202 636 3258 devorandos
658 3207 950 3258 Iliaeotauro
963 3244 977 3266 ‚
1022 3205 1113 3273 qui
1135 3221 1322 3257 serva—

305 3277 459 3333 batur
478 3281 533 3333 in
556 3285 871 3353 labyrintho,
916 3301 944 3335 a
980 3279 1199 3334 Daedalo
1231 3299 1324 3333 ex-

305 3369 516 3414 structo.
544 3359 728 3413 Tertia
758 3379 869 3413 sors
891 3378 1058 3429 quum
1082 3359 1322 3411 mittere-

307 3450 426 3506 tur,
463 3442 714 3494 comitem
741 3460 797 3494 se
830 3440 1018 3494 obtulit
1041 3440 1148 3508 ipse
1178 3440 1321 3491 The-

302 3536 429 3570 seus.
447 3517 735 3571 Interfecto
754 3518 1084 3582 Minotauro,
1102 3534 1201 3584 ope
1216 3513 1288 3566 fili
1302 3553 1318 3580 ,

303 3597 441 3666 quod
466 3598 531 3650 ab
554 3599 818 3658 Ariadna,
846 3597 1046 3650 Minois
1063 3596 1168 3648 fitia
1187 3635 1203 3662 ,
1233 3614 1322 3649 ac·-

302 3687 508 3743 ceperat
526 3715 542 3742 ‚
560 3696 614 3728 se
639 3695 700 3728 ex
717 3675 999 3748 labyrinthi
1019 3673 1320 3744 ambagibus

299 3755 503 3807 evolvit.
551 3753 822 3807 Ariadnen
851 3765 1029 3808 autem
1059 3754 1115 3807 in
1151 3753 1320 3807 insula

299 3833 407 3884 Dia
429 3833 660 3901 reliquit.
688 3831 855 3884 Casus
872 3870 887 3897 ‚
928 3851 1061 3900 quos
1080 3831 1150 3884 ibi
1176 3850 1319 3899 passa

299 3908 400 3975 sit,
424 3910 562 3962 varie
600 3921 903 3962 narrantur.
938 3910 981 3957 V
990 3909 1058 3961 id.
1092 3910 1316 3962 Homer.

299 3985 409 4040 Od.
435 3999 478 4041 A
497 4027 513 4053 ,
556 3989 654 4040 320
676 4009 689 4050 ;
734 3987 998 4041 Plutarch.
1024 3987 1182 4040 Thes.
1206 4006 1316 4056 cap.

306 4069 365 4118 15
387 4087 402 4128 ;
446 4065 643 4136 Hygia.
668 4066 768 4118 sab.
788 4069 849 4132 42
876 4076 929 4119 et
953 4066 1016 4132 43
1037 4086 1050 4127 ;
1075 4064 1314 4133 Apollod.

300 4141 421 4208 111,
450 4158 471 4193 ι
496 4182 511 4210 ,
554 4152 601 4210 4.
632 4170 699 4183 —
724 4143 1091 4197 Hecatomben
1134 4141 1316 4195 Minos

298 4220 421 4275 Jovi
443 4224 603 4275 oss‘ert
618 4263 633 4288 ,
661 4223 744 4276 cui
767 4224 835 4276 ob
859 4224 1131 4277 victoriam
1156 4232 1209 4274 et
1226 4224 1311 4274 se-

301 4299 450 4353 licem
473 4300 708 4356 reditum
734 4321 877 4356 sacra
913 4302 1031 4356 fieri
1062 4301 1323 4360 solebant.

1433 1506 1500 1518 —
1509 1480 1642 1531 Vota
1652 1489 1822 1548 potest
1831 1489 1891 1532 ut
1905 1479 2220 1549 adjectivum
2232 1484 2390 1555 accipi
2406 1498 2460 1539 et

1433 1576 1557 1610 cum
1581 1578 1793 1626 corpora
1807 1560 2074 1630 conjungi.
2095 1563 2176 1615 lta
2190 1581 2321 1617 vers.
2338 1566 2452 1630 265,

1432 1649 1581 1692 wius
1600 1644 1847 1707 sanguin
1890 1639 1997 1692 Vll
2017 1680 2031 1706 ,
2080 1642 2169 1694 162
2189 1682 2205 1708 ,
2246 1648 2454 1697 w'ctt'ma

1432 1725 1565 1770 wia.
1610 1717 1699 1771 Sic
1721 1726 1842 1769 vota
1864 1736 2072 1783 corpora
2086 1722 2240 1771 solvit
2257 1728 2453 1790 βραχυ-

1432 1800 1571 1864 tayo».
1595 1794 1795 1849 dictum
1812 1835 1827 1862 ,
1847 1814 2068 1866 corpora
2093 1807 2212 1850 vota
2228 1810 2451 1866 mactat,

1430 1885 1492 1927 ut
1528 1884 1715 1927 votum
1749 1875 1929 1928 solvat.
1970 1876 2141 1929 Possis
2177 1887 2356 1932 autem
2398 1889 2452 1931 et

1431 1952 1581 2007 aliter
1602 1954 1966 2023 interpretari3
1992 1965 2113 2009 vota
2137 1957 2313 2023 solvit,
2336 1977 2452 2027 qua

1430 2029 1648 2098 quidem
1674 2041 1828 2084 erant
1855 2043 2073 2085 centum
2096 2052 2306 2100 corpora
2322 2044 2451 2087 taa—

1427 2127 1621 2169 νσηωι,
1653 2107 1708 2160 id
1733 2118 1812 2162 est
1828 2148 1843 2175 ,
1864 2110 2001 2163 tauri
2017 2149 2033 2176 ,
2059 2130 2089 2164 e
2108 2111 2332 2164 solemni
2353 2131 2450 2181 pe-

1430 2184 1666 2254 riphrasi.
1714 2188 1934 2253 Corpora
1964 2186 2160 2245 habent
2184 2199 2447 2256 prestan—

1427 2263 1586 2317 tiores
1600 2285 1613 2326 ;
1627 2264 1801 2317 caeteri
1819 2304 1835 2331 ‚
1853 2270 2098 2333 sanguim
2110 2306 2124 2329 ,
2158 2266 2298 2335 quod
2322 2267 2447 2319 olim

1424 2340 1919 2411 edebant—Regii
1932 2344 2099 2396 nostri
2112 2342 2308 2396 habent
2320 2362 2448 2396 san-

1418 2424 1599 2486 guine,
1635 2428 1688 2472 at
1715 2418 1900 2473 Codex
1920 2420 1966 2473 B
1984 2459 1998 2485 ,
2026 2440 2057 2473 a
2079 2420 2309 2473 secunda
2333 2440 2445 2473 ma—

1423 2516 1498 2549 nu
1523 2536 1538 2563 ,
1584 2498 1896 2567 perantiqua
1929 2508 2107 2552 tamen
2141 2520 2156 2562 ς
2205 2518 2236 2551 a
2275 2500 2443 2566 prima

1423 2575 1648 2628 habebat
1662 2595 1889 2644 corpora.
1900 2603 1966 2616 --
1979 2578 2173 2630 Curetezr
2195 2586 2327 2629 terra
2347 2597 2446 2630 an·-

1423 2653 1644 2722 tiquitus
1667 2653 1804 2707 dicta
1819 2665 1897 2707 est
1915 2652 2079 2708 Creta
2100 2674 2130 2707 a
2147 2653 2446 2711 Curetibus.

1422 2732 1630 2786 Plinius
1649 2772 1664 2799 ,
1691 2731 1792 2798 lv,
1827 2753 1883 2785 η
1907 2753 1920 2795 ;
1949 2732 2165 2785 AEneid.
2189 2732 2307 2800 111,
2335 2735 2444 2788 131.

1421 2835 1488 2849 -
1505 2811 1682 2876 &allia
1701 2817 1740 2871 ,'
1762 2808 1863 2863 hoc
1887 2820 1964 2864 est
1985 2850 2000 2877 ,
2027 2821 2197 2865 vestes
2222 2823 2275 2864 et
2298 2832 2446 2865 arma

1420 2885 1655 2940 hostibus
1686 2887 1862 2940 occisis
1898 2887 2132 2941 detracta
2158 2927 2174 2955 ,
2212 2889 2266 2941 in
2292 2899 2441 2943 tem-

1419 2966 1546 3036 plis,
1571 2972 1723 3034 regiis
1745 2977 1836 3019 aut
1867 2966 1976 3020 aliis
2004 2968 2128 3021 locis
2152 2969 2443 3038 conspicuis

1420 3043 1560 3113 affigi
1575 3044 1814 3098 solebant
1828 3066 1842 3108 ;
1860 3045 2047 3113 quibus
2066 3046 2348 3114 antiquitas
2363 3067 2445 3099 ve-

1418 3126 1759 3180 nerationem
1777 3138 1831 3181 et
1848 3129 2177 3196 majestatem
2190 3128 2410 3198 augebat
2427 3149 2438 3180 :

1419 3225 1480 3258 ea
1518 3217 1795 3259 consumta
1832 3206 1979 3260 refici
2011 3225 2125 3258 non
2159 3216 2273 3259 erat
2308 3224 2436 3258 mos.

1419 3286 1661 3339 Perizon.
1685 3286 1965 3339 Animadv.
1990 3285 2171 3339 histor.
2187 3304 2297 3354 cap.
2326 3305 2369 3354 7.

1488 3369 1598 3419 155.
1652 3369 1975 3436 Oppmbrium
1997 3407 2011 3428 ,
2055 3367 2393 3418 Minotaurus
2422 3405 2435 3426 ‚

1417 3443 1506 3512 qui
1519 3444 1803 3514 opprobrio
1815 3455 1927 3498 erat
1943 3443 2189 3512 (Heroid.
2209 3442 2309 3509 IV,
2327 3439 2433 3510 57),

1414 3527 1600 3575 crimen
1621 3524 1822 3588 matris)
1847 3521 1920 3575 illi
1939 3526 2138 3589 generi,
2166 3521 2277 3587 jam
2308 3518 2437 3571 ado-

1414 3599 1644 3667 leverat,
1676 3612 1729 3654 et
1759 3600 1889 3652 dum
1911 3607 2180 3651 monstrum
2207 3595 2332 3650 illud
2355 3602 2439 3650 bi-

1398 3677 1568 3746 some
1602 3679 1658 3730 in
1697 3678 1839 3746 regia
1882 3694 2092 3729 versans
2111 3715 2127 3742 ,
2168 3681 2388 3728 novitate
2414 3715 2428 3733 .

1414 3756 1660 3810 inusitata
1681 3775 1775 3809 sua
1796 3757 1968 3808 forma
1994 3765 2046 3807 et
2068 3765 2257 3810 natura
2273 3794 2289 3821 ‚
2316 3773 2438 3806 om-

1413 3836 1568 3890 nibus
1584 3836 1880 3906 spectaculo
1903 3846 2016 3888 erat
2033 3875 2048 3902 ‚
2068 3838 2283 3902 patebat
2296 3851 2434 3901 quo-

1414 3914 1539 3968 tidie
1576 3916 1762 3968 matris
1806 3917 2104 3967 adulterium
2127 3911 2319 3979 sedum
2336 3950 2349 3972 ‚
2379 3908 2431 3961 id

1413 4003 1493 4044 est
1510 4031 1524 4057 ,
1564 4012 1595 4044 a
1631 4004 1821 4045 natura
1861 3991 2092 4043 humana
2131 3986 2435 4040 abhorrens.

1417 4070 1599 4122 Minos
1637 4070 1796 4137 igitur
1830 4072 2082 4128 destinat,
2118 4065 2388 4118 constituit
2417 4105 2432 4130 ,

1414 4146 1526 4198 vult
1537 4185 1552 4211 ,
1573 4147 1974 4209 huncpudarem,
1992 4143 2092 4196 hoc
2105 4153 2401 4196 monstrum
2417 4183 2431 4206 ‚

1415 4222 1557 4292 quod
1596 4222 1644 4275 ei
1672 4221 1861 4292 pudori
1895 4232 2008 4274 erat
2036 4220 2061 4292 (
2086 4221 2157 4275 sic
2184 4226 2351 4289 pudor
2379 4233 2433 4275 et

1417 4300 1496 4354 lx
1515 4341 1530 4369 ,
1570 4304 1665 4371 577
1687 4303 1706 4366 )
1727 4341 1741 4370 ,
1769 4320 2005 4355 removere
2026 4301 2089 4355 ab
2114 4301 2228 4354 aula
2246 4319 2353 4354 sua.
