3185 5138
653 566 1730 637 METAMORPHOSEON
1776 570 1970 638 LIB.
2030 574 2256 643 XIV.

369 707 570 781 Rexit
603 735 800 809 opes;
837 709 1280 810 Numitorque
1312 736 1508 784 senex
1538 710 1776 785 amissa
1806 729 2126 812 nepotum

370 825 651 900 Munere
685 857 890 924 regna
920 829 1132 928 capit;
1166 828 1487 929 festisque
1523 827 1850 904 Palilibus
1887 831 2095 905 Urbis

373 940 624 1015 Moenia
658 943 1035 1016 conduntur
1069 973 1085 1016 ε
1114 943 1479 1044 Tatiusque
1512 961 1867 1045 patresque
1904 945 2130 1019 Sabini

2406 970 2504 1042 77⁵

373 1057 558 1131 Bella
594 1077 869 1155 geruum
908 1060 1207 1159 arcisque
1242 1059 1345 1131 via
1380 1058 1660 1159 Tarpeia
1694 1057 1949 1132 reclusa

373 1172 597 1270 Digna
630 1176 911 1248 animam
945 1203 1141 1276 poena
1174 1177 1508 1269 congestis
1540 1176 1722 1250 exuit
1755 1176 1972 1251 armis.

372 1289 537 1363 lnde
569 1291 692 1364 sati
726 1291 1019 1366 Curibus
1041 1347 1059 1379 ,
1097 1292 1449 1366 tacitorum
1482 1320 1664 1365 more
1698 1290 2009 1393 luporum
2035 1348 2054 1381 ‚

377 1407 515 1479 Ore
548 1423 859 1505 premunt
886 1434 1080 1480 voces
1101 1462 1120 1494 ‚
1157 1425 1222 1479 et
1258 1434 1538 1506 corpora
1570 1409 1740 1480 victa
1777 1435 2012 1507 sopore

373 1521 740 1611 Invadunt,
776 1540 1136 1624 portasque
1170 1539 1413 1625 petunt
1435 1580 1454 1611 ,
1493 1551 1657 1624 quas
1691 1523 1899 1621 objice
1934 1522 2122 1599 firma

375 1636 715 1713 Clauserat
753 1639 990 1714 Iliades
1021 1670 1036 1712 τ
1068 1668 1263 1714 unam
1301 1658 1519 1714 tamen
1556 1641 1699 1740 ipsa
1731 1639 2056 1731 recludit,
2095 1644 2099 1648 ⁴

372 1753 519 1828 Nec
554 1755 902 1856 strepitum
938 1785 1125 1830 verso
1161 1757 1465 1830 Saturnia
1503 1757 1766 1830 cardine
1801 1757 1974 1831 fecit.

379 1867 534 1942 Sola
570 1871 798 1943 Venus
833 1889 1039 1971 portae
1071 1871 1380 1945 cecidisse
1419 1871 1731 1972 repagula
1764 1872 2003 1960 sensit3

293 2001 299 2008 ’
376 1989 470 2060 Et
502 1987 801 2063 clausura
833 1989 1005 2078 fuit3
1038 1991 1167 2064 nisi
1205 1989 1388 2092 quod
1420 1990 1789 2064 rescindere
1817 2019 2156 2091 nunquam

380 2170 544 2221 gnum
568 2152 717 2207 fratri
742 2165 1017 2222 ereptum:
1048 2157 1209 2209 Βίτω-
1235 2157 1396 2209 Amu-

377 2234 480 2283 lius
504 2232 636 2285 Fast.
663 2233 764 2298 lv,
793 2235 1231 2286 53.—Pal1'le'bus.
1263 2234 1394 2286 Ple-

376 2309 529 2377 rique
555 2311 839 2368 Parilibus:
875 2312 1214 2363 Burmannus
1245 2320 1397 2363 notat

380 2387 612 2455 quinque
634 2426 647 2449 ,
667 2387 722 2439 in
740 2388 927 2454 quibus
934 2391 1200 2454 parat1‘bus
1218 2386 1243 2456 (
1261 2397 1318 2439 ut
1339 2388 1395 2439 in

378 2463 558 2517 codice
590 2473 771 2516 nostro
812 2465 979 2534 Regio
1012 2466 1053 2516 Α
1080 2488 1091 2528 ;
1129 2464 1290 2517 codex
1315 2465 1358 2516 B
1378 2503 1393 2529 ‚

377 2545 695 2611 Pale'libus);
721 2542 835 2596 vide
865 2543 1143 2597 Heinsium
1171 2542 1232 2596 ad
1260 2544 1396 2598 Fast.

379 2622 480 2688 IV,
504 2640 614 2689 7²¹·
634 2625 827 2675 Pale'leia
845 2621 953 2674 dies
970 2622 1131 2675 festus
1153 2623 1204 2674 in
1225 2621 1399 2674 liono-

377 2719 494 2754 rem
512 2700 661 2754 Pales
679 2741 694 2766 ,
714 2700 842 2755 Deoe
861 2702 1139 2770 pastoritia
1154 2741 1167 2767 ‚
1194 2719 1299 2769 quo
1313 2699 1395 2755 die

378 2778 551 2832 Roma
589 2776 799 2832 condita
841 2779 862 2844 (
890 2776 1121 2830 Velleius
1140 2816 1155 2842 ‚
1206 2778 1223 2829 Ι
1251 2776 1306 2846 ),
1345 2785 1398 2830 et

380 2876 539 2927 quem
577 2857 696 2910 ideo
729 2876 935 2910 summa
970 2856 1220 2927 religione
1251 2857 1399 2910 cele-

377 2936 600 2990 brabant
618 2936 847 2988 Romani
870 2956 883 2997 3
908 2934 1127 3007 Dionys.
1145 2933 1314 2987 Halic.
1334 2935 1358 2987 I
1380 2973 1396 3000 ,

381 3014 460 3068 88.
484 3042 549 3054 —
572 3015 727 3066 Bella
753 3024 931 3081 gerunt
950 3022 1165 3082 propter
1190 3022 1399 3081 raptum

381 3091 715 3146 Sabinarum.
758 3094 857 3145 Ed.
887 3120 952 3132 —
974 3094 1108 3146 Arci
1144 3091 1400 3144 Romane

382 3182 603 3241 praeerat
628 3172 718 3241 Sp.
756 3173 999 3238 Tarpeius
1020 3211 1033 3232 ,
1082 3171 1231 3238 cujus
1259 3168 1361 3222 filia
1382 3207 1398 3236 ,

385 3267 550 3319 quum
588 3269 776 3319 aquarn
809 3251 965 3304 sacris
999 3249 1222 3320 petitum
1256 3261 1402 3303 extra

385 3330 579 3381 moenia
596 3329 714 3381 isset
733 3368 746 3394 ‚
764 3330 1030 3398 corrumpi
1045 3349 1097 3382 se
1117 3347 1245 3381 auro
1258 3347 1402 3398 passa

386 3415 464 3458 est
484 3424 512 3457 a
538 3407 700 3465 Tatio,
727 3416 786 3457 ut
808 3407 1022 3458 Sabinos
1038 3405 1092 3457 in
1108 3405 1291 3458 urbem
1315 3424 1402 3459 ac·

385 3484 585 3552 ciperet
608 3500 621 3534 2
651 3482 931 3535 intromissi
968 3488 1219 3549 congestis
1249 3489 1404 3536 armis·

324 3561 345 3568 ⁹
388 3562 630 3615 obrutam
649 3579 914 3613 necavere.
936 3560 1096 3612 Varie
1124 3570 1295 3612 tamen
1319 3560 1403 3613 illa

386 3659 471 3692 res
492 3637 704 3699 tradita;
734 3636 836 3688 vid.
858 3636 1032 3688 Livius
1049 3676 1064 3701 ,
1086 3637 1111 3689 1
1129 3674 1144 3700 ‚
1171 3656 1197 3687 α
1218 3657 1230 3697 ;
1258 3636 1403 3688 Dio—

388 3717 568 3790 nysius
603 3715 769 3769 Halic.
810 3714 899 3779 II,
929 3715 1114 3780 38-40.
1138 3742 1204 3755 -
1231 3717 1405 3782 Dekna

393 3800 615 3848 animam
634 3813 803 3860 paena.
835 3790 1010 3860 Vulgo
1044 3793 1064 3857 (
1088 3803 1142 3846 ct
1166 3793 1219 3845 in
1248 3793 1403 3846 codi-

392 3873 536 3927 cibus
550 3870 761 3941 Regiis)
774 3872 994 3938 Dignam
1008 3875 1228 3922 anae'tnam
1237 3890 1406 3936 paena.

395 3949 583 4002 ——Pro
602 3954 745 4002 exuit
766 3947 1012 4017 permulti
1036 3947 1061 4017 (
1086 3958 1138 4000 et
1163 3948 1290 4017 Reg.
1319 3949 1363 4001 B
1383 3950 1403 4015 )

394 4030 579 4091 edidit:
605 4027 882 4091 Heinsius,
909 4044 1073 4094 quum
1092 4027 1147 4078 in
1163 4026 1405 4079 vetustio-

398 4106 541 4160 ribus
562 4104 588 4175 (
609 4115 666 4158 ut
691 4105 743 4158 in
766 4104 941 4158 codice
962 4105 1129 4174 Regio
1145 4105 1187 4157 Α
1208 4107 1227 4170 )
1247 4109 1405 4167 eruit,

390 4184 679 4253 suspicatur
700 4186 866 4235 obruit
878 4202 894 4234 .·
914 4181 1099 4235 suadet
1125 4181 1283 4234 etiam
1309 4183 1411 4233 Da·-

392 4282 506 4330 fflae
526 4265 747 4314 animam
762 4280 925 4328 paenae
947 4264 1198 4327 congestis
1220 4262 1416 4314 dedidit

395 4346 567 4396 amis.
591 4338 860 4397 catorum
880 4344 1021 4395 εικῆ
1038 4343 1263 4394 antimum
1276 4378 1291 4407 ,
1316 4337 1411 4393 de-

1494 2156 1665 2225 posito
1700 2175 1919 2225 corpore
1957 2166 2223 2224 tamquam
2260 2167 2429 2223 veste,
2457 2169 2518 2211 ut

1493 2244 1634 2285 recte
1675 2233 1744 2284 ait
1774 2234 2007 2285 Lutatius
2045 2233 2106 2284 ad
2144 2235 2404 2302 Statium,
2432 2236 2513 2302 X,

1492 2313 1590 2383 943
1607 2350 1620 2374 ,
1650 2310 1738 2363 ubi
1767 2314 2073 2379 Etue’turque
2095 2317 2307 2364 am'mus.

1562 2390 1669 2456 778.
1702 2388 1819 2439 Sati
1843 2407 1985 2441 nunc
2022 2400 2143 2442 sunt
2181 2390 2358 2443 incoloe
2399 2393 2513 2444 Cu-

1491 2469 1618 2516 rium
1637 2505 1648 2522 ,
1702 2466 1842 2517 urbis
1877 2467 2134 2533 primariae
2178 2467 2514 2523 Sabinorum.

1492 2544 1883 2605 —Tace'torum‚
1917 2544 2036 2614 quia
2062 2545 2290 2613 praedam
2313 2556 2514 2615 petunt.

1496 2619 1732 2688 Quidam
1757 2620 1951 2673 habent
1970 2627 2277 2689 reptilae-um,
2306 2634 2395 2676 aut
2418 2644 2515 2675 m—

1495 2700 1733 2751 be'dorum.
1760 2727 1827 2738 —
1856 2693 2073 2767 Corpora
2103 2700 2315 2766 melius,
2356 2720 2514 2769 quam

1495 2776 1800 2841 Romanos,
1844 2777 1965 2845 quia
2005 2777 2069 2829 de
2102 2796 2287 2845 sopore
2323 2798 2516 2832 sermo.

1496 2854 1660 2906 Hunc
1699 2854 1874 2905 locum
1918 2854 2213 2907 Priscianus
2240 2895 2255 2922 ,
2293 2855 2379 2909 lib.
2425 2857 2475 2911 II
2498 2897 2514 2925 ‚

1496 2950 1545 3000 p.
1571 2933 1664 2984 582
1685 2970 1700 2996 ‚
1726 2930 1846 3001 legit
1869 2932 1939 2983 ita
1958 2951 1971 2983 ι
1989 2943 2047 2984 ut
2065 2952 2349 2999 corpora...
2367 2936 2519 2987 Inva-

1495 3012 1635 3067 dunt.
1648 3018 1919 3077 portasque
1925 3021 2182 3077 premant,
2213 3031 2339 3079 quas
2354 3016 2519 3081 objice

1482 3087 1676 3159 fultas*
1688 3088 1951 3141 Clauserat
1983 3090 2213 3153 Ile'ades‚·
2252 3101 2305 3143 et
2344 3090 2520 3148 laudat

1496 3166 1664 3231 objice
1675 3165 1877 3232 sullas,
1918 3165 1968 3218 id
1993 3178 2069 3219 est
2088 3166 2319 3220 firmatas
2340 3209 2353 3231 ‚
2388 3188 2522 3221 mu-

1498 3244 1633 3297 nitas
1650 3263 1662 3295 :
1680 3262 1788 3296 non
1805 3244 1940 3298 male
1959 3267 1973 3310 ;
1991 3245 2230 3298 Tibullus
2246 3283 2259 3310 ‚
2285 3245 2306 3297 I
2328 3285 2342 3309 ,
2362 3262 2403 3297 11
2421 3286 2434 3311 ,
2454 3248 2487 3299 6
2501 3286 2517 3313 ,

1504 3323 1772 3373 Clauditur
1789 3333 1842 3373 et
1858 3325 1985 3374 dura
1998 3325 2169 3389 janua
2186 3322 2332 3388 sulla
2365 3341 2480 3374 scra
2500 3341 2520 3387 ,·

1501 3398 1649 3470 Vir-g.
1675 3399 1889 3453 AEneid.
1916 3401 2086 3466 VIII,
2116 3422 2208 3468 ²27
2231 3440 2245 3466 ,
2258 3400 2523 3470 fultosque

1496 3483 1706 3531 emuniit
1725 3479 1888 3545 objice
1913 3485 2091 3544 postes
2114 3495 2136 3541 ,·
2174 3479 2364 3531 Noster
2403 3480 2524 3533 Art.

1504 3558 1678 3609 Amat.
1705 3556 1757 3608 {I
1781 3595 1795 3620 ,
1831 3557 1926 3621 244
1943 3595 1957 3619 ‚
1984 3555 2150 3623 Atque
2169 3561 2267 3608 crit
2287 3562 2521 3624 apposita

1486 3634 1814 3703 januasulta
1835 3636 2235 3691 serm—Iliades.
2266 3635 2523 3690 Romulus

1503 3714 1612 3767 Iliae
1639 3713 1775 3767 filius
1791 3750 1806 3778 ,
1834 3731 1949 3780 quae
1972 3712 2157 3765 eadem
2182 3713 2329 3766 Rhea
2348 3715 2524 3786 Sylvia

1503 3790 1639 3843 dicta
1666 3810 1679 3853 ς
1720 3790 1858 3845 Fast.
1883 3789 1980 3857 IV,
2013 3793 2107 3857 543
2145 3790 2262 3843 vide
2296 3792 2522 3845 Perizo-

1503 3870 1654 3922 nium
1699 3880 1754 3934 et
1794 3867 1959 3923 Rickii
1996 3868 2231 3938 epistolas
2267 3872 2522 3925 amoebeas

1504 3946 1570 3999 de
1596 3966 1657 4000 ea
1682 3945 1747 3999 ad
1774 3946 1967 3998 AEliani
1999 3945 2123 4000 Var.
2149 3948 2285 4001 Hist.
2309 3958 2434 4002 tom.
2461 3950 2484 4001 l
2505 3989 2520 4017 ‚

1504 4043 1619 4094 pag.
1641 4029 1738 4077 510
1754 4043 1864 4092 sqq.
1889 4050 1954 4064 -
1972 4026 2078 4077 Pro
2095 4028 2335 4087 recludit,
2368 4026 2524 4097 vulgo

1508 4105 1529 4170 (
1553 4116 1605 4157 et
1630 4104 1682 4156 in
1711 4103 1888 4157 codice
1917 4104 2083 4174 Regio
2105 4103 2194 4172 B)
2215 4109 2433 4160 reclusit.
2457 4135 2524 4149 —

1505 4184 1766 4243 Saturnia,
1795 4184 1943 4235 Juno
1964 4193 2198 4235 veterem
2220 4184 2353 4236 iram
2378 4204 2530 4239 exer-

1506 4281 1631 4317 cens
1654 4262 1812 4316 etiam
1839 4262 1892 4315 in
1920 4260 2105 4317 AEneae
2130 4274 2377 4333 posteros.

1578 4341 1688 4409 784.
1704 4341 1829 4397 Nisi
1835 4342 1972 4409 quod
1983 4351 2078 4396 etc.
2094 4340 2212 4395 vide
2231 4341 2294 4395 ad
2315 4341 2370 4395 11
2385 4381 2399 4409 ,
2419 4342 2532 4411 677.
