3185 5138
657 545 1671 617 METAMORPHOSEON
1732 553 1928 620 LIB.
1980 556 2113 621 IX.

2317 559 2435 648 137

319 682 604 785 Byblida
636 712 773 757 non
812 684 1004 758 aliter
1030 686 1203 761 latos
1234 679 1515 764 ululasse
1549 709 1668 791 p‘er
1699 719 1894 787 agros

320 799 690 875 Bubasides
727 799 945 874 videre
976 830 1186 877 nurus
1215 835 1230 877 ε
1270 805 1515 905 quibus
1550 806 1662 881 illa
1694 807 1938 882 relictis

328 915 529 987 Caras
549 972 568 1002 ,
602 935 670 989 et
699 917 1036 991 armiferos
1068 919 1341 1015 Lelegas
1369 923 1765 1025 Lyciamque
1797 942 2103 1025 pererrat.

325 1033 474 1105 Jam
495 1033 758 1128 Cragon
778 1090 796 1121 ,
833 1056 896 1107 et
910 1035 1218 1136 Lymiren
1234 1092 1253 1123 ‚
1283 1038 1669 1139 Xanthique
1689 1039 2041 1140 reliquerat
2064 1040 2274 1114 undas
2294 1095 2312 1126 ‚
2343 1060 2442 1128 645

330 1147 621 1247 Quoque
655 1148 975 1223 Chimaera
999 1151 1165 1249 jugo
1195 1151 1426 1224 mediis
1462 1151 1530 1224 in
1564 1154 1868 1253 partibus
1901 1155 2121 1249 ignem
2146 1212 2163 1242 ,

328 1261 566 1335 Pectus
597 1279 663 1335 et
699 1292 813 1336 ora
846 1262 997 1350 leae,
1033 1263 1308 1338 caudam
1343 1269 1667 1368 serpentis
1700 1269 2005 1343 habebat.

330 1375 665 1450 Deficiunt
697 1377 911 1467 silvae3
950 1409 1154 1480 quum
1189 1400 1262 1454 tu
1294 1380 1530 1455 lassata
1564 1384 1900 1483 sequendo

330 1491 665 1581 Procidis,
708 1513 808 1583 et,
847 1495 1010 1569 dura
1039 1496 1279 1596 positis
1313 1497 1544 1572 tellure
1584 1497 1867 1599 capillis,

329 1607 565 1709 Bybli,
599 1609 809 1707 jaces,
851 1610 1249 1712 frondesque
1283 1632 1399 1687 tuo
1432 1616 1676 1716 premis
1712 1644 1825 1689 ore
1861 1616 2156 1690 caducas.

2353 1639 2452 1688 650

332 1724 515 1824 Saepe
551 1725 740 1798 etiam
775 1727 1095 1827 Nymphae
1131 1728 1367 1803 teneris
1400 1729 1772 1826 Lelegeides
1806 1730 1980 1805 ulnis

330 1839 588 1914 Tollere
623 1861 976 1931 conantur-3
1010 1871 1184 1944 saepe
1205 1901 1223 1931 ‚
1257 1864 1336 1919 ut
1364 1841 1749 1922 moderetur
1774 1849 2018 1935 amori,

333 1957 761 2057 Praecipiunt,
797 1959 1136 2061 surdaeque
1170 1961 1487 2036 adhibent
1518 1963 1749 2038 solatia
1784 1966 2010 2040 menti.

332 2132 472 2185 ribus
486 2132 1147 2196 celebrantur.—Bubasus‚
1169 2135 1340 2189 Cariae

337 2211 507 2280 regio,
532 2212 668 2265 Ptin.
695 2214 766 2278 V,
784 2233 848 2284 ²9
866 2251 881 2278 ‚
915 2224 970 2266 et
988 2215 1140 2281 urbs,
1170 2214 1341 2268 Sthe—

339 2289 490 2357 phan.
509 2289 633 2361 Byz.
654 2294 872 2350 Βῦὅισσος
892 2291 1085 2357 (etiam
1111 2292 1311 2346 Plinius
1327 2332 1342 2359 ‚

339 2370 601 2421 Bubassus
629 2369 649 2433 )
686 2373 809 2429 ια’λις
834 2378 1023 2445 Καρίας.
1046 2398 1111 2412 ·-·
1137 2373 1306 2422 Natus
1322 2411 1336 2432 ‚

337 2447 594 2502 mulieres.
612 2476 679 2487 -—
701 2450 907 2515 leleges
921 2490 934 2510 ,
970 2451 1105 2503 Asiae
1128 2450 1346 2504 minoris

337 2526 517 2581 incolae
531 2565 547 2594 ,
567 2525 790 2582 Caribus
805 2528 976 2583 vieini.
993 2528 1116 2582 Vid.
1133 2528 1343 2598 Strabo,

398 2682 511 2749 645.
532 2685 726 2752 Cragus
738 2704 890 2739 mons
905 2684 1073 2757 Lyeiae
1086 2723 1101 2751 ,
1117 2684 1255 2737 Plin.
1270 2686 1344 2751 V,

338 2783 396 2831 ²7
403 2801 417 2827 ,
424 2768 810 2829 promontorium
824 2762 1028 2816 dicitur.
1042 2774 1110 2803 —‘-
1121 2765 1319 2833 Lymire
1331 2802 1343 2824 ‚

338 2841 525 2896 fluvius
537 2853 593 2895 et
609 2843 860 2912 oppidum
877 2842 1212 2916 Lyeiae.—De
1236 2844 1348 2895 Che·-

338 2940 484 2973 nzaera
497 2921 616 2975 vide
632 2921 698 2974 ad
717 2921 797 2974 Vl
811 2960 826 2987 ‚
843 2922 971 2993 339:
991 2940 1155 2990 quum
1170 2931 1349 2974 autem

339 3010 391 3053 et
411 3019 599 3069 corpus
626 2999 861 3053 habuisse
882 2999 1084 3053 dicatur
1105 3019 1271 3070 capre
1295 3010 1348 3053 et

337 3078 514 3148 ignem
539 3076 795 3131 vomuisse
813 3116 829 3143 ‚
856 3078 1135 3146 queritur,
1168 3089 1349 3131 utrum

341 3153 393 3207 h.
412 3155 446 3207 l.
468 3161 633 3223 ignem
661 3174 726 3209 an
749 3158 940 3208 hircum
964 3154 1350 3225 praeserendum

342 3234 406 3286 sit
444 3254 458 3287 z
499 3252 626 3286 nam
671 3232 817 3286 MSS
859 3232 1074 3286 trahunt
1108 3244 1349 3301 utroque.

343 3312 635 3382 Naugerius
657 3310 867 3380 conjicit
885 3314 1115 3376 partibus
1140 3317 1346 3377 ὤμω,-

347 3387 622 3444 Constant.
660 3390 787 3442 Fan.
814 3390 1058 3442 Perottus
1072 3428 1086 3453 ,
1123 3388 1351 3441 Glarea-

342 3485 468 3532 nus,·
488 3465 730 3538 Micyllus
743 3505 757 3530 ,
774 3466 996 3519 Farnab.
1013 3465 1148 3518 Rod.
1164 3469 1352 3517 hircum

343 3547 769 3615 praeserebant.—
783 3547 934 3617 Regii
956 3547 1120 3599 nostri
1139 3587 1152 3607 ,
1175 3551 1351 3614 ignem.

343 3626 661 3679 —Heinsius
672 3626 868 3694 recepit
884 3630 1045 3693 ignem
1057 3665 1069 3686 ‚
1090 3626 1208 3693 quia
1226 3622 1353 3676 Chi-

346 3722 502 3756 maera
513 3714 730 3757 vocatur
738 3713 822 3779 πῦρ
840 3707 1029 3757 ιι-νίουσα
1044 3742 1059 3768 ,
1074 3703 1287 3771 igmsera
1300 3712 1353 3755 et

344 3787 502 3847 ἐμω.
529 3783 734 3837 Verum
769 3780 868 3834 hoe
899 3799 1007 3833 non
1038 3780 1158 3833 satis
1185 3792 1261 3834 est
1288 3778 1349 3832 ad

347 3858 733 3913 defendendam
747 3859 889 3912 illam
903 3859 1181 3913 lectionem
1196 3881 1209 3921 ;
1226 3877 1353 3911 nam

345 3937 501 3989 etiam
520 3942 667 4004 μέσση
695 3947 896 4015 χιμαίῥα
917 3948 1132 3991 Vocatur
1154 3937 1216 3990 ab
1237 3939 1355 3990 Ho-

346 4036 498 4071 mero
515 4057 529 4084 ‚
543 4019 616 4072 ἸΙ.
634 4030 668 4072 Ζ
686 4060 701 4085 ,
732 4025 855 4084 ι55;
886 4019 1136 4074 Hesiodo.
1154 4019 1352 4090 Theog.

346 4096 458 4147 322.
482 4096 669 4165 Ignem
693 4117 817 4151 vero
842 4117 951 4151 non
973 4118 1002 4150 e
1027 4095 1211 4149 mediis
1232 4116 1353 4166 par-

346 4172 481 4226 tibus
496 4211 511 4237 ‚
539 4174 629 4227 sed
653 4195 682 4228 e
706 4176 938 4230 faucibus
961 4176 1178 4229 vomuit.
1195 4177 1355 4229 Favet

350 4260 522 4305 tamen
565 4263 642 4326 τῷ
665 4259 827 4321 ι’ῃιειη
864 4255 990 4308 alius
1032 4255 1171 4307 locus
1188 4294 1202 4321 ‚
1240 4255 1353 4320 lv»,

350 4327 625 4398 Tristwn‘,
646 4334 706 4399 ¹4
719 4371 734 4400 ,
751 4332 840 4386 ubi
855 4335 1167 4401 cameram,
1193 4335 1247 4387 A
1260 4344 1357 4387 tm·

1436 2158 1493 2191 ce
1508 2179 1520 2200 ‚
1544 2158 1651 2204 quae
1657 2141 1885 2206 flammis
1904 2148 2108 2207 separat
2124 2131 2287 2206 angui:
2307 2142 2451 2191 leam.

1443 2213 1709 2268 Caeterum
1740 2214 2059 2269 Chimaeram
2084 2227 2323 2269 montem
2350 2216 2449 2287 Ly-

1439 2294 1529 2347 ciae
1541 2294 1696 2346 fuisse
1711 2294 2007 2363 perhibent,
2019 2312 2175 2362 quem
2184 2312 2454 2346 summum

1437 2371 1617 2424 leones
1633 2412 1647 2438 ,
1672 2371 1908 2424 medium
1922 2391 2090 2440 caprae
2104 2412 2116 2436 ,
2145 2371 2311 2423 imum
2328 2371 2455 2423 ‹lra-

1439 2467 1597 2502 cones
1631 2448 1912 2502 tenuerint.
1949 2448 2084 2500 Vide
2112 2448 2355 2501 Servium
2387 2448 2452 2500 ad

1442 2525 1588 2595 Virg.
1610 2524 1818 2580 AEneid.
1838 2525 1916 2579 Vl
1935 2565 1948 2592 ,
1972 2527 2081 2579 288.
2098 2554 2164 2565 -
2184 2527 2291 2580 Lea
2306 2567 2317 2588 ,
2342 2526 2377 2578 i.
2402 2545 2451 2595 q.

1437 2611 1607 2660 leena.
1652 2607 1788 2660 Vide
1806 2606 2133 2659 Munkerum
2157 2605 2221 2658 ad
2248 2607 2451 2678 Hygini
2554 2602 2559 2608 ⁵

1442 2684 1670 2738 fabulam
1700 2686 1803 2743 185.
2402 2738 2405 2741 .

1506 2762 1619 2827 548.
1636 2763 1889 2830 Deficiunt
1905 2765 2074 2824 silvae5
2098 2754 2390 2814 Bersmann
2398 2780 2455 2813 us

1443 2841 1654 2907 conjicit
1686 2845 1995 2907 desmuun13
2033 2840 2167 2893 male
2193 2858 2206 2890 τ
2231 2840 2338 2907 jam
2366 2838 2419 2887 V
2436 2876 2450 2905 ‚

1443 2920 1540 2985 463
1555 2959 1570 2985 ,
1596 2920 1661 2972 de
1688 2918 1885 2972 Cerere
1901 2957 1916 2984 ‚
1941 2923 2180 2987 querenti
2194 2918 2359 2986 defuit
2375 2937 2457 2970 or·-

1444 3001 1537 3051 bo.
1553 3000 1861 3051 -Pmcaews
1882 2997 2186 3065 comprobat
2211 2996 2459 3050 Heinsius

1446 3076 1707 3145 exemplis.
1735 3075 1841 3128 Sed
1867 3086 1921 3128 et
1942 3076 2209 3146 vulgatum
2233 3078 2457 3127 concidis

1443 3154 1580 3207 bene
1605 3174 1658 3207 se
1681 3152 1838 3207 habet
1858 3173 1871 3207 t
1893 3153 2082 3207 dieitur
2105 3154 2248 3206 enim
2274 3154 2339 3206 de
2364 3153 2424 3205 iis
2442 3192 2456 3218 ,
2540 3195 2543 3198 >

1447 3232 1536 3300 qui
1548 3232 1627 3284 vel
1642 3231 1925 3284 morientes
1938 3232 2019 3284 vel
2032 3233 2209 3284 animo
2223 3231 2457 3298 linquen-

1446 3320 1523 3363 tes
1544 3310 1754 3363 eadunt.
1783 3312 1957 3380 Atque
1976 3310 2047 3362 ita
2063 3321 2115 3363 et
2137 3302 2367 3362 Laetant.
2384 3307 2461 3360 le—

1449 3390 1522 3458 git
1539 3429 1554 3455 ,
1573 3400 1632 3442 ut
1647 3409 1707 3442 ex
1727 3389 1851 3458 Arg.
1879 3388 2323 3458 apparete-Regii
2342 3405 2460 3439 nos-

1449 3468 1548 3532 tri,
1587 3471 1826 3520 concidtlt.
1854 3494 1923 3506 —
1944 3469 2164 3519 Frondes
2197 3468 2421 3517 caducas
2436 3505 2449 3525 ‚

1447 3545 1568 3597 solia
1583 3584 1599 3609 ‚
1617 3563 1732 3614 quae
1747 3543 2056 3597 deciderunt
2074 3542 2189 3595 :sed
2207 3543 2286 3594 Vl
2303 3582 2318 3608 ,
2332 3543 2430 3614 396
2445 3583 2458 3608 ,

1447 3628 1678 3697 lacrsmoe
1691 3628 1894 3676 caduce
1906 3664 1918 3683 ‚
1937 3642 2051 3692 quae
2065 3622 2327 3678 decidunt.
2341 3624 2461 3675 Vir-

1449 3702 1599 3773 gilius
1615 3740 1630 3767 ,
1660 3701 1783 3753 AEn.
1810 3702 1857 3753 Χ
1877 3741 1892 3767 ,
1916 3701 2011 3753 622
2032 3741 2046 3766 ,
2066 3701 2270 3768 juvenis
2292 3703 2463 3754 cadu—

1450 3800 1554 3842 cus,
1575 3798 1800 3833 casurus.
1826 3779 2043 3831 Sueton.
2074 3777 2231 3831 Galb.
2256 3800 2310 3849 ¹7
2327 3819 2341 3844 ,
2372 3798 2466 3830 ca·-

1449 3864 1629 3913 ducum
1643 3863 1931 3927 auspicium,
1946 3877 2120 3912 casum
2132 3857 2464 3911 denuntians.

1517 3942 1578 3994 65
1588 3962 1607 3995 ι
1617 3983 1628 3994 .
1644 3943 1779 4008 δ’σρε
1794 3946 1972 4004 etiarm
1992 3939 2146 4008 vulgo
2161 3957 2289 4006 sepe
2304 3940 2460 3990 illam.

1451 4020 1668 4088 —Regii
1691 4020 1880 4085 nostri,
1905 4038 2033 4086 soepe
2052 4018 2463 4071 Illam—Mode-

1450 4110 1620 4165 retur‚·
1660 4100 1810 4167 Regii
1852 4099 2072 4153 Codices
2110 4101 2373 4151 medeatur.
2400 4124 2465 4138 —·

1455 4180 1912 4232 Adh1·bcntsolatia
1926 4219 1938 4239 ,
1960 4188 2049 4242 ut,
2079 4177 2162 4232 III
2184 4217 2198 4242 ,
2223 4177 2318 4246 376
2341 4216 2355 4244 ,
2380 4180 2469 4230 ad-

1454 4257 1617 4308 hibete
1641 4271 1847 4323 preces:
1886 4265 1937 4307 et
1983 4254 2120 4324 apud
2154 4253 2422 4307 Tibullum
2449 4294 2466 4322 ,

1457 4334 1539 4388 111
1560 4372 1575 4401 ,
1608 4350 1683 4402 tv,
1712 4336 1772 4404 75
1789 4373 1805 4402 ,
1830 4336 2066 4388 adbibere
2086 4337 2322 4403 querelas.
