3185 5138
627 518 750 561 120

1170 499 1247 563 P.
1308 499 1662 567 OVIDII
1717 498 2113 566 NASONI
2140 499 2187 567 S

617 635 742 708 Cui
782 635 1073 724 studeat,
1110 638 1296 713 Deus
1330 640 1546 713 omnis
1579 640 1824 727 habet;
1861 641 2225 743 crescitque
2263 643 2483 716 favore

2646 664 2749 733 425

615 753 917 826 Turbida
948 755 1226 842 seditio;
1265 757 1469 830 donec
1502 785 1620 830 sua
1645 758 1959 858 Juppiter
1991 787 2109 830 ora

551 913 562 922 -
620 870 874 958 Solvit;
910 890 1013 958 et,
1054 906 1087 937 «
1131 874 1235 961 O,
1272 873 1484 947 nostri
1520 872 1576 946 si
1614 903 1744 973 qua
1777 890 1878 946 est
1907 873 2267 948 reverentia
2290 931 2309 961 ,
2348 874 2550 964 dixit,

577 1057 590 1066 ,
623 1018 659 1049 >>
702 987 859 1082 Quo
892 988 1085 1063 ruitis
1113 991 1143 1061 Ρ
1178 1006 1515 1063 tantumne
1549 988 1678 1063 sibi
1717 989 1867 1089 quis
1901 1017 2096 1089 posse
2129 989 2428 1078 videtur,

622 1137 656 1168 n
698 1106 860 1178 Fata
886 1135 1155 1207 quoque
1184 1125 1258 1178 ut
1295 1108 1615 1206 superet?
1648 1106 1828 1179 Fatis
1855 1105 2078 1180 Iolaus
2110 1106 2180 1179 in
2212 1136 2455 1196 annoS,

629 1255 663 1285 »
704 1221 898 1317 Quos
934 1220 1108 1314 egit,
1147 1222 1344 1296 rediit
1374 1253 1386 1294 :
1419 1223 1572 1296 fatis
1603 1224 2018 1320 juvenescere
2047 1222 2293 1297 debent

2651 1246 2754 1315 430

627 1370 661 1402 n
699 1336 1033 1410 Callirhoe
1070 1337 1312 1431 geniti3
1351 1367 1486 1411 non
1520 1337 1921 1425 ambitione,
1958 1366 2079 1410 nec
2113 1336 2331 1411 armiS.

627 1487 662 1518 »
698 1453 839 1525 Vos
875 1453 1106 1541 etiam,
1145 1483 1409 1555 quoque
1445 1455 1572 1527 hoc
1608 1454 1828 1527 animo
1862 1454 2133 1529 meliore
2166 1452 2429 1542 feratis,

628 1602 661 1632 n
699 1571 816 1642 Me
845 1599 1111 1670 quoque
1135 1627 1152 1656 ‚
1185 1570 1317 1642 fata
1347 1588 1587 1665 regunt
1617 1599 1631 1642 ε
1665 1598 1809 1671 quae
1838 1570 1894 1642 si
1927 1587 2180 1644 mutare
2214 1570 2532 1655 valerem,

631 1718 665 1748 »
702 1688 840 1759 Nec
874 1703 1175 1758 nostrum
1207 1688 1330 1759 seri
1367 1704 1712 1760 curvarent
1748 1688 2000 1760 AEacon
2029 1687 2220 1775 anni,

632 1835 665 1864 »ι
704 1800 1242 1903 Perpetuumque
1274 1803 1391 1876 aevi
1422 1803 1651 1876 ssorem
1685 1802 2232 1876 Rhadamanthus
2264 1802 2573 1890 haberet,
2656 1821 2757 1893 435

632 1950 665 1980 ν»
710 1917 876 1991 Cum
909 1918 1141 1991 Minoe
1177 1947 1360 2004 meo;
1401 1919 1515 2019 qui
1552 1935 1830 2018 propter
1855 1947 2069 1992 amara
2101 1937 2375 1993 senectae

635 2066 668 2096 »
706 2032 1010 2107 Pondera
1044 2034 1440 2135 despicitur,
1475 2064 1634 2123 nec,
1673 2065 1808 2136 quo
1843 2035 2066 2135 prius»,
2104 2035 2336 2109 ordine
2368 2052 2618 2131 regnat.
2655 2068 2690 2099 υ

629 2215 630 2222 ’
692 2219 804 2281 425.
822 2220 1162 2270 Caistudeat:
1188 2236 1324 2271 unus
1348 2216 1614 2273 Leidensis
1630 2257 1645 2283 ,

627 2300 980 2356 cetistudeant:
1000 2306 1126 2349 tunc
1142 2296 1392 2349 Heinsius
1407 2296 1552 2348 malit
1561 2300 1649 2348 ba·

628 2377 766 2434 beni,
797 2385 854 2426 et
869 2375 1249 2443 copiosissimus
1271 2385 1348 2428 est
1369 2375 1420 2427 in
1449 2374 1547 2427 hoc
1576 2375 1652 2426 Ιο-

632 2452 825 2520 quendi
851 2473 1043 2522 genere
1061 2454 1307 2522 exemplis
1324 2452 1647 2507 illustrando.

631 2532 1036 2594 —tht'studeat3
1054 2532 1136 2585 cui
1153 2533 1347 2597 faveat,
1371 2533 1520 2601 cujus
1534 2550 1649 2585 rem

633 2619 765 2677 agat.
790 2610 876 2662 Sic
896 2613 1113 2662 studium
1135 2609 1271 2678 apud
1293 2611 1400 2663 Cir.
1417 2612 1542 2681 Agr.
1561 2611 1615 2664 ΙΙ
1636 2650 1651 2677 ,

639 2689 987 2753 7.—Sed1'tio‚
1014 2691 1085 2741 nit
1113 2688 1208 2742 nisi
1233 2690 1485 2744 fremitus.

700 2766 812 2831 427.
834 2768 1156 2831 Reverentia,·
1176 2767 1358 2822 Codex
1381 2770 1572 2839 Regius
1587 2769 1653 2834 B,

615 2844 833 2908 fiducia.
846 2869 912 2881 —
927 2846 1037 2908 Quo
1051 2850 1211 2905 raim,
1227 2846 1333 2900 scil.
1353 2847 1626 2899 sententiis
1640 2884 1655 2911 ,

638 2937 797 2986 quam
828 2920 1239 2989 praecipitanter,
1272 2934 1325 2975 et
1354 2923 1497 2974 nullo
1526 2942 1658 2975 con-

636 2996 750 3049 silio
764 3015 854 3048 sen
863 2995 1182 3051 titis—Fata
1189 3020 1437 3066 superare,
1456 3001 1561 3053 sato
1576 3021 1657 3053 su·

638 3076 904 3147 perierem
923 3097 1061 3143 esse,
1084 3078 1241 3147 idque
1267 3090 1471 3132 mutare
1493 3100 1656 3149 posse.

640 3156 815 3208 —Pro
820 3157 1144 3222 juvenescere
1157 3157 1406 3212 Heinsius
1419 3179 1480 3211 ex
1494 3160 1657 3212 altero

645 3234 1036 3303 Hamburgensi
1054 3245 1109 3288 et
1129 3255 1237 3289 uno
1258 3236 1501 3290 Mediceo
1521 3277 1535 3302 ,
1563 3237 1657 3290 de-

641 3310 810 3378 derat,
823 3318 1126 3365 rceirescerc.
1142 3313 1214 3367 At
1231 3313 1320 3382 qui
1338 3333 1399 3366 ex
1416 3315 1659 3383 impube-

645 3411 702 3444 re
725 3390 788 3445 ad
815 3394 1145 3461 juventutem
1164 3431 1179 3458 ,
1207 3404 1296 3445 aut
1310 3394 1480 3447 viriles
1494 3413 1660 3449 annos

645 3480 1006 3539 promovetur,
1023 3469 1049 3541 (
1065 3470 1307 3540 Apollod.
1327 3472 1439 3538 111,
1462 3488 1545 3524 vn
1562 3512 1577 3539 ,
1596 3473 1629 3525 6
1642 3512 1657 3539 ,

649 3552 881 3615 χωόμενοι
927 3552 1138 3620 ἰξαίφνης
1177 3555 1220 3603 οἱ
1256 3556 1413 3610 παῖδας
1449 3554 1608 3605 ‘ellim
1634 3548 1661 3618 )

641 3646 752 3681 non
778 3638 948 3696 potest
970 3628 1068 3684 dici
1087 3634 1467 3683 revirescere.—
1480 3632 1663 3682 Ambe·-

641 3710 779 3758 tiom·
796 3744 810 3772 ,
835 3705 1007 3758 studio
1024 3706 1079 3759 in
1092 3726 1310 3760 suorum
1325 3708 1544 3778 gratiam
1559 3728 1661 3761 sus·

647 3793 814 3853 cepto.
835 3784 967 3837 Ptin.
988 3785 1102 3852 111,
1124 3785 1220 3856 Ep.
1245 3802 1328 3851 1x,
1354 3806 1441 3851 10,
1456 3791 1663 3839 ambitio

646 3860 872 3928 rtsavor.
883 3889 949 3903 --
963 3863 1139 3915 Armis
1150 3904 1162 3925 ,
1189 3873 1381 3917 conten
1389 3863 1629 3918 tionibus.

714 3938 826 4003 432.
869 3942 972 3992 Vos
999 3945 1153 3993 eliam
1167 3981 1179 4000 ‚
1227 3952 1324 3994 etc.
1359 3939 1513 3995 Ordo
1549 3953 1662 4010 est,

648 4013 776 4067 Fata
800 4028 990 4085 regunt
1014 4018 1171 4070 etiam
1197 4038 1285 4071 vos
1302 4058 1316 4083 ,
1350 4028 1403 4072 et
1422 4039 1507 4073 me
1531 4040 1665 4089 quo-

653 4109 752 4160 que
772 4131 786 4157 ,
816 4104 873 4146 ut
904 4094 1000 4147 hoc
1026 4095 1204 4148 animo
1234 4096 1449 4150 meliore
1474 4098 1663 4153 seratis.

651 4169 757 4221 Hie
774 4189 949 4224 versus
967 4171 1240 4226 Gronovio
1266 4175 1470 4243 spurius
1494 4186 1545 4230 et
1570 4177 1667 4229 ‹le-

650 4244 837 4301 lendus
862 4246 1146 4305 videbatur.
1174 4248 1280 4305 Sed
1305 4251 1667 4320 gradationem

1745 2237 1867 2271 cum
1892 2237 1998 2286 seq.
2022 2217 2183 2271 efficit
2211 2236 2320 2270 uon
2342 2216 2757 2285 improbandam.

1812 2297 1924 2362 436.
1937 2299 2151 2349 Senectae
2157 2300 2382 2362 pondera
2392 2338 2404 2358 ,
2430 2296 2760 2349 infirmitates

1747 2382 1799 2425 et
1826 2372 2200 2426 imbecillitates
2228 2384 2338 2425 tam
2368 2374 2562 2439 animi,
2600 2392 2758 2441 quam

1747 2451 1978 2520 corporis
1994 2490 2009 2516 ,
2035 2470 2162 2519 quas
2177 2451 2344 2504 adfert
2357 2462 2596 2504 senectus
2610 2489 2624 2514 ,
2644 2469 2760 2519 quae

1747 2529 2083 2584 incommoda
2120 2529 2251 2584 adeo
2286 2550 2463 2583 amara
2499 2541 2553 2583 et
2585 2529 2764 2584 odiosa

1750 2608 2006 2675 plerisque
2032 2608 2240 2660 senibus
2268 2619 2390 2659 sunt
2409 2648 2424 2672 ‚
2460 2619 2519 2660 ut
2550 2626 2685 2659 onus
2708 2626 2763 2659 se

1753 2684 1915 2738 AEtna
1934 2687 2136 2755 gravius
2150 2687 2403 2739 sustinere
2420 2686 2596 2739 dicant
2613 2707 2627 2749 ;
2655 2685 2765 2740 Cic.

1752 2763 1878 2816 Seu.
1892 2764 1959 2817 11.
1975 2765 2148 2818 Senex
2164 2775 2272 2818 tam
2286 2764 2530 2818 infirmus
2550 2783 2660 2816 non
2670 2783 2766 2832 quo

1743 2846 1888 2907 prius
1920 2846 2091 2894 ordine
2124 2854 2319 2910 regnat,
2350 2842 2472 2895 hine
2500 2846 2771 2910 despicitur

1753 2935 1783 2969 a
1808 2917 1941 2982 suis,
1976 2918 2097 2972 hinc
2126 2919 2355 2973 seditiosi
2392 2919 2633 2971 homines
2670 2918 2765 2971 sub

1753 2996 1840 3049 tali
1880 2998 2102 3066 imperio
2139 3018 2223 3052 res
2258 3017 2419 3051 novas
2460 2997 2765 3051 moliuntur.

1758 3074 1972 3140 Conjun
1980 3076 2048 3128 xit
2066 3087 2240 3129 tamen
2261 3078 2453 3131 Noster
2467 3077 2623 3129 verba
2641 3076 2738 3129 tria
2750 3116 2764 3137 ,

1756 3170 1871 3220 quae
1894 3172 2001 3206 non
2030 3154 2151 3208 satis
2178 3154 2462 3208 convenire
2490 3154 2766 3220 videntur,

1746 3240 1951 3297 propter
1993 3251 2169 3284 amara
2212 3238 2440 3299 pondera
2488 3235 2768 3299 despicitur.

1757 3307 2070 3361 Praeserrem
2095 3329 2157 3361 ex
2181 3329 2289 3362 uno
2317 3309 2418 3362 MS
2445 3300 2651 3362 Heiusii
2674 3312 2767 3360 de-

1746 3388 2001 3450 primitur,
2034 3386 2076 3438 si
2112 3386 2333 3439 latinum
2372 3396 2542 3452 esset,
2571 3396 2774 3453 propter

1747 3468 1975 3529 pondera
2003 3468 2225 3533 deprimi.
2255 3468 2360 3520 Pro
2383 3486 2561 3519 amara
2593 3477 2769 3519 tamen

1762 3539 1894 3595 Cod.
1930 3540 2138 3596 Ciosan.
2167 3545 2411 3614 antiquus
2435 3556 2488 3597 et
2518 3544 2772 3612 Excerpta

1759 3621 1961 3674 Mureti
1976 3622 2171 3676 habent
2185 3627 2327 3686 dura,
2343 3635 2588 3693 quatuor,
2599 3627 2772 3676 multa.

1757 3704 2018 3755 —Ordine
2033 3704 2217 3756 Burm.
2234 3714 2287 3757 et
2302 3704 2471 3758 Schir.
2486 3703 2739 3772 explicant
2754 3740 2770 3766 ,

1760 3779 2061 3833 auctoritate
2081 3801 2093 3843 ς
2120 3799 2233 3849 quae
2256 3780 2619 3849 interpretatio
2640 3779 2773 3831 bene

1759 3861 2005 3913 convenit
2028 3872 2090 3932 τῷ
2113 3864 2410 3929 despui-itum
2436 3859 2526 3913 sed
2552 3879 2672 3912 usus
2693 3858 2778 3911 lo-

1763 3941 1956 4009 quendi
1995 3960 2113 3995 eam
2155 3961 2264 3995 non
2305 3940 2469 4010 magis
2505 3939 2773 4003 admittit,

1762 4038 1922 4088 quam
1945 4020 2189 4074 Glareani
2223 4020 2480 4073 rationem
2498 4058 2513 4084 ,
2541 4018 2630 4087 qui
2654 4018 2781 4071 sub-

1763 4097 1996 4151 ditorum
2016 4097 2396 4155 ,obedientiam
2445 4095 2778 4166 intelligebat.

1766 4175 1963 4230 Passim
1997 4166 2222 4229 occurrit
2255 4185 2387 4228 recle
2422 4185 2573 4243 atque
2607 4175 2782 4224 ordine

1748 4255 1943 4322 facere.
1954 4255 2060 4309 Hic
2070 4257 2242 4309 ordine
2254 4265 2350 4323 est,
2361 4256 2624 4325 sapienter
2636 4273 2649 4307 ;
2661 4248 2779 4304 vide
