3185 5138
589 461 711 545 144

1139 461 1216 524 P.
1274 460 1632 530 OVIDII
1683 460 2138 528 NASONIS

577 602 712 673 Par
743 616 935 686 aetas,
975 596 1342 697 parwforma
1375 598 1540 687 suit;
1572 600 1952 700 primasque
1985 599 2320 694 magistris

509 811 514 816 .
581 716 905 813 Accepere
943 731 1155 806 artes,
1194 711 1517 787 elementa
1543 714 1795 801 aetatis,
1831 714 1914 787 ab
1935 714 2173 786 isdem.

585 830 758 902 Hinc
792 856 976 901 amor
1010 828 1350 902 ambarum
1389 830 1608 926 tetigit
1643 830 1808 929 rude
1838 846 2108 929 pectus;
2147 846 2214 900 et
2246 856 2505 930 aequum

579 943 839 1018 Vulnus
872 943 1137 1045 utrique
1174 944 1330 1018 tulit
1358 976 1373 1018 ε
1406 945 1522 1020 sed
1553 964 1691 1019 erat
1723 945 1962 1018 fiducia
1999 943 2242 1044 dispar.

2605 986 2707 1038 720

585 1060 897 1159 Conjugii
934 1073 1270 1159 pact‘aeque
1306 1077 1636 1161 exspectat
1671 1078 1968 1159 tempora
2002 1058 2181 1131 taedae
2206 1114 2224 1143 ,

589 1176 946 1275 Quamque
977 1174 1190 1248 virum
1226 1193 1417 1275 putat
1451 1204 1627 1261 esse,
1663 1203 1854 1249 suum
1886 1174 2023 1248 fore
2056 1174 2265 1248 eredit
2297 1175 2550 1250 Ianthe.

587 1291 778 1392 Iphis
813 1309 1022 1377 amat,
1058 1320 1188 1390 qua
1222 1320 1421 1392 posse
1456 1291 1588 1365 srui
1625 1291 1967 1391 desperat,
2003 1308 2068 1363 et
2101 1306 2294 1383 auget

585 1408 737 1478 Hoc
768 1405 985 1506 ipsum
1017 1406 1341 1494 flammas,
1376 1408 1690 1508 ardetque
1720 1408 1788 1480 in
1824 1406 2076 1500 virgine
2108 1407 2317 1501 virgo.

587 1517 849 1622 Vixque
887 1539 1110 1595 tenens
1141 1521 1492 1623 lacrymas:
1533 1558 1565 1587 «
1602 1523 1775 1618 Quis
1798 1551 1903 1595 me
1928 1540 2148 1596 manet
2175 1523 2425 1609 exitus,
2455 1521 2709 1621 inquit,

595 1671 631 1701 »
675 1636 962 1732 Cognita
1001 1664 1191 1735 quam
1229 1636 1432 1723 nulli,
1470 1666 1664 1737 quam
1700 1637 2117 1736 prodigiosa,
2152 1665 2470 1736 novaeque

2615 1659 2714 1727 726

598 1788 633 1818 »
672 1754 849 1827 Cura
885 1768 1063 1825 tenet
1098 1752 1422 1824 Veneris?
1450 1753 1506 1824 si
1538 1754 1628 1824 Di
1662 1751 1824 1824 mihi
1858 1780 2123 1851 parcere
2155 1752 2433 1840 vellent,

600 1902 635 1932 »ι
674 1866 959 1940 Perdere
992 1865 1356 1939 debuerant
1385 1895 1406 1954 ,²
1444 1866 1501 1938 si
1532 1895 1670 1939 non
1706 1885 1772 1941 et
1806 1867 2078 1967 perdere
2112 1866 2391 1957 vellent,

602 2018 636 2048 »
671 1980 982 2055 Naturale
1013 1981 1256 2055 malum
1291 1982 1519 2070 saltem
1557 2000 1623 2056 et
1657 1983 1737 2057 de
1763 2011 1943 2057 more
1979 1983 2328 2057 dedissent.

594 2193 709 2246 loco
736 2188 968 2252 addidit;
998 2190 1075 2243 XI
1093 2229 1107 2256 ,
1136 2191 1231 2242 302
1253 2229 1267 2256 ,
1294 2193 1613 2244 dotattkst'ma

583 2271 849 2338 sorma.—
861 2271 1065 2322 DIctaeo
1096 2271 1302 2322 Teleste.
1333 2268 1610 2337 Cretensi,

597 2370 628 2402 a
645 2358 829 2402 monte
851 2349 1006 2401 Dicte
1023 2347 1078 2400 in
1104 2349 1263 2401 Creta.

664 2447 689 2495 7
702 2429 774 2479 18.
797 2427 947 2478 Artes
964 2466 977 2486 ,
998 2427 1254 2477 elementa.
1271 2423 1481 2476 Durum
1502 2434 1611 2491 est,

597 2505 791 2576 primas
814 2515 953 2557 artes
974 2503 1147 2557 dicere
1165 2509 1402 2557 elementa
1417 2510 1581 2557 atam·
1597 2546 1610 2566 ‚

518 2609 522 2612 >
599 2601 764 2651 quum
804 2587 1045 2635 elementa
1079 2586 1331 2634 literarum
1371 2582 1470 2635 dici
1510 2582 1615 2634 de-

600 2663 774 2715 beant.
798 2661 932 2713 Tan.
961 2661 1132 2713 Faber
1152 2661 1442 2730 corrigebat
1463 2699 1477 2724 ,
1502 2664 1615 2713 ele-

603 2750 861 2807 mentaque
863 2743 1030 2806 prima
1042 2741 1134 2789 sub
1151 2741 1342 2790 iisdem.
1355 2740 1620 2790 Elementa

594 2822 763 2884 prima
776 2835 899 2868 sane
915 2833 1048 2884 saepe
1069 2827 1352 2868 occurrunt
1368 2855 1382 2880 ,
1403 2826 1462 2867 ut
1478 2814 1616 2884 apud

605 2896 794 2948 Horat.
814 2896 867 2956 l,
886 2894 993 2946 Sat.
1015 2911 1032 2945 1
1051 2933 1066 2959 ‚
1087 2905 1139 2946 et
1158 2893 1383 2961 Quintil.
1402 2893 1507 2947 Sed
1524 2914 1617 2947 ac—

601 2978 763 3041 cipere
785 2984 920 3026 artes
939 2976 1033 3024 sub
1058 2972 1229 3041 aliquo
1253 2991 1362 3025 non
1388 2983 1464 3025 est
1489 2973 1616 3026 lati—

603 3071 752 3105 num.
779 3051 1086 3122 Cogitabam
1105 3090 1120 3117 ,
1156 3056 1397 3104 alimenta
1418 3058 1608 3113 aetattlr,

605 3133 724 3203 quia
739 3132 902 3186 literae
918 3132 1064 3184 alunt
1084 3130 1481 3185 adolescentiam
1497 3170 1511 3197 ,
1525 3132 1617 3185 sed

605 3230 812 3276 vereor,
838 3221 895 3262 ut
911 3209 1089 3261 multis
1108 3208 1243 3262 hanc
1260 3210 1617 3277 conjecturam

604 3288 838 3358 probem.
863 3289 1016 3339 AEtas
1045 3296 1222 3339 autem
1252 3286 1518 3339 interdurn
1550 3287 1616 3340 de

603 3366 827 3436 pueritia
865 3364 1086 3427 dicitur-3
1124 3362 1242 3416 vide
1278 3364 1512 3417 Broukh.
1550 3366 1617 3419 ad

608 3443 847 3512 Propert.
874 3441 933 3509 1,
962 3457 1049 3507 vl,
1081 3462 1158 3494 21.

618 3526 624 3532 ’
671 3541 781 3593 719.
819 3523 969 3573 Rude
984 3560 996 3581 ‚
1031 3539 1212 3588 expers
1236 3517 1406 3572 adhuc
1429 3521 1620 3575 amoris

602 3607 817 3665 propter
840 3607 1047 3649 aetatem
1077 3615 1392 3665 morumque
1418 3597 1621 3667 simpli-

602 3672 830 3725 eitatem.
857 3672 1059 3726 Contra
1086 3673 1293 3727 Pbaedr.
1321 3675 1374 3728 11
1400 3714 1414 3739 ,
1442 3692 1486 3727 11
1506 3713 1520 3740 ,
1552 3675 1582 3726 3
1601 3713 1616 3740 ,

604 3755 782 3804 mulier
800 3771 900 3803 non
925 3754 1063 3803 rudis
1083 3789 1097 3816 ,
1133 3770 1248 3819 quae
1272 3751 1419 3805 callet
1448 3764 1618 3804 artem

605 3827 929 3883 amatoriam.
970 3825 1240 3881 Caeterum
1276 3829 1470 3881 mirum
1507 3840 1616 3895 est,

604 3908 860 3978 virginem
896 3906 1108 3975 virginis
1136 3926 1314 3960 amore
1340 3908 1532 3962 arsisse.
1553 3936 1621 3948 -

613 3987 848 4052 Tangunt
869 3996 1047 4054 pectus
1067 4027 1082 4052 ,
1111 4006 1227 4055 qun
1250 3986 1303 4039 id
1328 3987 1616 4054 invadunt,

607 4064 662 4114 in
679 4082 742 4115 eo
757 4064 1022 4130 oriuntur,
1044 4084 1210 4130 amor,
1226 4065 1421 4117 invidia
1437 4105 1452 4130 ,
1477 4085 1618 4118 cura.

602 4143 836 4203 -Tulen
865 4141 1380 4212 inflixit.—1Equum,·
1403 4143 1502 4208 lv,
1520 4144 1584 4196 62
1599 4184 1616 4210 ,

603 4238 667 4270 et
676 4238 813 4285 equo
824 4228 989 4288 captain·
1003 4223 1248 4272 ardebant
1258 4224 1501 4273 mentibus
1517 4241 1619 4273 am·

1709 2192 1798 2248 bo,
1842 2188 1996 2242 simili
2034 2189 2225 2242 amoris
2267 2187 2453 2241 ardore
2493 2188 2718 2256 correpti

1708 2278 1893 2330 erant;
1922 2287 2049 2336 pars
2066 2288 2208 2336 equa
2229 2272 2415 2320 amoris
2438 2266 2574 2336 apud
2598 2267 2718 2319 Tc-

1710 2355 1845 2398 rent.
1870 2345 2008 2398 Eun.
2030 2347 2088 2412 1,
2116 2361 2159 2398 11
2177 2385 2192 2412 ,
2226 2367 2313 2409 ¹23
2341 2347 2550 2410 Noster,
2581 2344 2719 2409 Vll,

1710 2426 1828 2492 803,
1842 2429 2055 2493 equales
2070 2427 2718 2493 umbantpectoraflammae.

1710 2506 1879 2557 ——Sed
1886 2507 2196 2574 eratstducia
2218 2508 2403 2573 dispar.
2422 2506 2559 2559 Nam
2582 2503 2722 2574 Iphis

1712 2583 1982 2638 diffidebat
1996 2604 2048 2636 se
2067 2584 2162 2636 viri
2183 2584 2355 2637 officio
2373 2585 2518 2654 fungi
2546 2602 2689 2652 posse
2705 2604 2720 2643 ;

1714 2661 1898 2715 Ianthe
1927 2682 2053 2716 vero
2080 2672 2263 2716 contra
2286 2662 2480 2715 fidebat
2507 2682 2561 2715 se
2589 2681 2717 2714 rnu-

1713 2757 1840 2791 nera
1867 2739 2098 2793 mulieris
2120 2740 2242 2793 satis
2264 2740 2540 2794 obituram.
2562 2741 2658 2790 Ed.

1783 2818 1890 2884 728.
1904 2819 2108 2869 Perdere
2122 2829 2216 2870 etc.
2234 2817 2337 2871 Hic
2349 2836 2543 2883 versus,
2563 2835 2720 2885 quem

1717 2893 1965 2946 Heinsius
1986 2896 2221 2963 spurium
2247 2894 2439 2962 judicat
2455 2934 2470 2959 ,
2501 2914 2586 2946 me
2612 2912 2721 2945 non

1714 2972 1952 3025 offendit.
1972 2975 2252 3027 Interitum
2273 2973 2411 3042 lphis
2432 2973 2599 3025 lenius
2620 2992 2724 3025 ma·

1715 3050 1823 3103 lum
1841 3050 2037 3119 judicat
2054 3071 2116 3104 eo
2134 3092 2148 3119 ,
2169 3072 2273 3121 quo
2287 3070 2425 3104 nunc
2441 3047 2723 3102 laborabat.

1716 3130 1897 3196 ltaque
1917 3148 2026 3182 non
2050 3148 2180 3198 opus
2196 3141 2302 3195 est,
2326 3139 2383 3180 ut
2402 3146 2521 3180 cum
2545 3127 2725 3181 multis

1717 3205 1860 3258 MSS
1880 3205 2081 3274 legatur
2101 3245 2115 3272 ,
2133 3208 2342 3259 Parcere
2358 3207 2644 3263 debuerant,
2670 3215 2724 3257 et

1716 3283 1906 3336 deinde
1924 3304 1953 3337 e
1978 3286 2280 3353 conjectura
2307 3282 2609 3352 Caposerrei
2632 3322 2647 3349 ,
2679 3288 2732 3334 se’

1713 3384 1814 3416 non
1846 3384 1923 3417 me
1945 3370 2147 3432 perdere
2179 3368 2371 3418 vellent.
2401 3364 2723 3432 Quanquam

1718 3440 1939 3495 Ovidius
1960 3441 2229 3494 interdum
2248 3440 2531 3494 sententias
2549 3440 2724 3507 subji-

1715 3538 1832 3572 cere
1869 3520 2033 3586 solet,
2068 3538 2195 3587 quas
2223 3520 2473 3588 suggessit
2505 3519 2721 3571 verbum

1717 3598 2014 3668 praa-edens
2042 3638 2059 3663 ,
2095 3597 2253 3667 idque
2295 3597 2463 3666 ipsum
2504 3595 2723 3648 verbum

1714 3685 1952 3744 repetere
1971 3676 2025 3728 in
2043 3674 2317 3728 sententia.
2332 3702 2400 3713 —
2418 3672 2600 3726 Codex
2621 3674 2727 3727 Re-

1717 3754 1828 3822 gius
1854 3754 1895 3805 A
1916 3793 1930 3820 ,
1966 3756 2174 3806 Perdere
2211 3755 2514 3813 debuerant5
2556 3750 2724 3810 male;

1715 3830 1804 3883 sed
1827 3829 2008 3884 Codex
2023 3832 2068 3884 B
2093 3830 2234 3893 bunc
2252 3848 2459 3882 versum
2484 3827 2725 3880 inutilem

1717 3920 1769 3962 et
1791 3911 2168 3964 inconcinnum
2194 3910 2406 3979 respuit.
2422 3910 2521 3961 Ed.

1784 4008 1893 4060 7²9·
1920 3993 2183 4052 Naturale,
2203 3987 2342 4056 quod
2360 3988 2414 4039 in
2434 4004 2611 4038 rerum
2629 4004 2727 4037 na-

1717 4077 1833 4119 tura
1857 4067 2081 4119 obvenit.
2100 4064 2241 4134 Opp.
2263 4085 2392 4118 vers.
2417 4064 2511 4134 726
2526 4103 2543 4129 ,
2559 4066 2725 4130 pmda'-

1712 4149 1904 4211 glesum
1922 4185 1934 4205 ,
1971 4143 2113 4212 quod
2144 4154 2327 4197 contra
2354 4142 2491 4211 leges
2525 4150 2751 4192 naturae·

1716 4232 1807 4289 est.
1823 4224 1980 4275 —De
2001 4240 2158 4287 mom,
2184 4221 2448 4276 usitatum.
