3185 5138
696 550 1739 621 METAMORPHOSEON
1787 549 1985 617 LIB.
2037 554 2231 621 XII.

405 722 440 755 >³
481 689 601 764 Ille
636 690 899 790 quidem
930 692 1178 791 majora
1210 691 1341 766 fide
1363 749 1381 780 ,
1416 694 1544 766 Di!
1586 691 1827 787 gessit,
1863 708 1930 765 et
1961 692 2190 765 orbem

2392 553 2523 647 347

2426 705 2539 785 545.

404 842 439 874 >1
481 808 788 908 Implevit
819 810 1106 897 meritiS,
1145 810 1328 910 quod
1361 809 1619 884 mallem
1656 835 1857 909 posse
1890 808 2112 904 negari
2143 839 2160 882 :

405 959 440 990 »
482 926 609 999 Sed
644 955 856 1028 neque
885 928 1312 1028 Deiphobum
1333 985 1351 1016 ,
1384 954 1503 1001 nec
1533 927 2046 1027 Polydamanta,
2079 955 2198 1000 nec
2236 928 2456 1028 ipsum

407 1070 452 1103 »¹
481 1040 767 1114 Hectora
799 1039 1142 1116 laudamus
1171 1070 1187 1115 :
1218 1041 1368 1143 quis
1399 1042 1574 1116 enim
1606 1039 1965 1114 laudaverit
1992 1040 2308 1114 bostem?

408 1189 443 1219 n
483 1154 602 1229 Ille
640 1174 793 1229 tuus
829 1157 1086 1251 genitor
1119 1158 1454 1232 Messania
1487 1158 1731 1232 moenia
1768 1158 2101 1258 quondam

405 1304 441 1337 »
481 1271 754 1358 Stravit3
790 1289 855 1344 et
887 1271 1243 1347 immeritas
1275 1273 1476 1348 urbes
1510 1271 1829 1374 Elinque,
1861 1272 2205 1375 Pylonque

2431 1295 2549 1349 550-

405 1418 440 1450 »
481 1385 706 1458 Diruit
726 1441 744 1471 ‚
778 1385 981 1485 inque
1013 1413 1194 1460 meos
1226 1387 1471 1460 ferrum
1505 1386 1962 1486 flammamque
1994 1404 2264 1488 penates

403 1530 440 1561 »
477 1496 796 1597 Impulit:
831 1514 1035 1597 utque
1072 1496 1234 1572 alios
1268 1516 1510 1573 taceam
1532 1555 1550 1587 ,
1590 1527 1761 1599 quos
1792 1496 1902 1571 ille
1934 1499 2255 1599 peremit;

406 1643 444 1675 2>
482 1610 598 1682 Bis
633 1638 745 1683 sex
779 1608 1027 1684 Nelidae
1057 1609 1306 1686 suimus
1327 1668 1349 1700 ,
1386 1629 1739 1713 conspecta
1771 1611 2123 1710 juventus:

404 1759 439 1792 »
477 1726 594 1800 Bis
630 1755 740 1801 sex
776 1726 1119 1802 Herculeis
1152 1728 1562 1816 ceciderunt,
1596 1757 1702 1802 me
1732 1729 1953 1802 minus
1983 1756 2124 1802 uno
2146 1784 2163 1816 ,

403 1878 439 1910 »
481 1844 757 1919 Viribus
792 1874 806 1916 :
842 1864 1039 1946 atque
1072 1845 1238 1920 alios
1272 1847 1441 1919 vinci
1477 1847 1774 1949 potuisse
1808 1845 2147 1921 serendum
2184 1862 2304 1920 est.

2428 1866 2526 1916 555

406 1994 443 2027 »
482 1961 657 2035 Mira
686 1962 1114 2065 Periclymeni
1147 1992 1325 2039 mors
1361 1982 1499 2052 est;
1534 1964 1641 2038 cui
1667 1992 1866 2065 posse
1900 1964 2143 2059 figuras

470 2130 580 2193 545.
630 2131 711 2181 D!
724 2169 737 2188 ,
765 2131 846 2181 Di
864 2135 1042 2197 magni
1061 2139 1151 2181 aut
1186 2133 1306 2182 boni
1322 2147 1419 2182 so-
1516 2127 1777 2181 Gerenios
1788 2127 1984 2193 aberat,
2001 2129 2213 2197 velquia
2229 2129 2359 2197 patri
2377 2128 2531 2180 boves

406 2204 594 2259 lemnis
627 2206 930 2259 exclamatio
953 2208 1007 2259 in
1032 2207 1268 2261 laudibus
1293 2226 1416 2259 ma-

404 2301 629 2350 gnorum
658 2284 888 2335 virorum
911 2305 924 2346 ;
949 2283 1050 2335 vid.
1076 2284 1324 2336 Heinsius
1349 2282 1411 2334 ad

405 2361 626 2413 Heroid.
651 2360 840 2414 XVIII
861 2400 875 2423 ,
911 2381 1093 2414 ma.—
1111 2358 1415 2431 Orbcm'r‘m-

392 2442 555 2506 plevi!
568 2441 782 2497 meritis,
815 2437 991 2490 multis
1015 2436 1326 2490 facinoribus
1348 2437 1414 2490 de

402 2513 579 2566 multis
592 2552 606 2579 ,
626 2513 788 2581 iisque
807 2513 1217 2582 disiunctissimis
1232 2553 1247 2581 ,
1265 2515 1417 2568 terris

369 2615 370 2618 ¹
403 2593 537 2645 bene
556 2592 776 2644 meritus
792 2603 883 2645 est.

456 2672 593 2742 549.
631 2673 730 2722 Ille
761 2680 877 2722 taus
907 2673 1103 2737 genitor
1137 2680 1234 2722 etc.
1269 2670 1374 2723 Res
1398 2709 1415 2736 ,

401 2767 517 2819 quae
535 2748 619 2802 hic
641 2747 913 2817 attingitur
928 2787 943 2813 ,
970 2766 1156 2816 magna
1174 2766 1295 2800 cum
1325 2767 1417 2799 va-

401 2827 585 2879 rietate
601 2835 847 2878 narratur
859 2825 921 2876 ab
936 2824 1232 2876 auctoribus
1249 2846 1260 2886 ;
1278 2823 1416 2877 cons.

402 2903 673 2956 Homerus
688 2942 702 2967 ,
728 2901 789 2955 ΙΙ.
807 2913 849 2957 Λ
867 2942 882 2968 ,
905 2902 999 2973 691
1023 2940 1038 2968 ‚
1059 2900 1164 2970 Od.
1183 2911 1226 2956 A
1244 2941 1259 2967 ,
1286 2903 1383 2954 280
1399 2940 1413 2967 ,

400 2981 575 3049 ibique
600 2981 774 3034 Schol.
802 2980 959 3032 etiam
997 2978 1059 3032 ad
1090 2980 1147 3032 ΙΙ.
1175 2989 1208 3032 Β
1229 3019 1244 3045 ,
1284 2978 1414 3042 336;

404 3058 674 3125 AElianus,
706 3061 834 3113 Var.
865 3059 1001 3112 Hist.
1031 3059 1110 3111 lv
1130 3098 1144 3124 ,
1182 3063 1241 3120 53
1275 3058 1419 3110 Pau-

401 3137 599 3203 sanias,
628 3137 786 3190 Eliac.
813 3156 860 3205 p.
887 3137 984 3207 379
1004 3144 1057 3188 et
1083 3136 1212 3198 516;
1251 3134 1420 3205 Apol-

404 3213 649 3278 lodorus,
675 3215 733 3280 1,
760 3230 842 3278 rx,
867 3214 1044 3284 9311,
1074 3214 1266 3279 v11,3;
1293 3213 1416 3284 Hy-

407 3293 586 3361 ginus,
620 3293 722 3345 sab.
753 3311 813 3345 ιο
839 3304 889 3346 et
915 3296 972 3347 31
998 3317 1010 3356 ς
1047 3293 1220 3347 Schol.
1253 3294 1418 3363 Apol-

405 3367 565 3434 lonii,
591 3370 649 3434 l,
684 3370 809 3432 155;
843 3370 1178 3424 Philostrates
1207 3372 1418 3425 Heroic.

405 3448 584 3505 Nelea,
603 3448 858 3517 Pyllomm
874 3447 1012 3516 regi,
1034 3448 1142 3500 nati
1167 3458 1316 3500 erant
1336 3447 1418 3500 vel

406 3542 467 3574 ex
486 3522 592 3574 sola
618 3520 833 3575 Cloride
858 3523 1058 3588 (Hom.
1089 3524 1228 3595 Hyg.
1254 3523 1421 3594 Apol-

406 3597 509 3651 lod.
529 3596 553 3667 )
574 3596 653 3650 vel
677 3617 737 3651 ex
761 3598 995 3667 pluribus
1020 3600 1264 3653 uxoribus
1293 3600 1420 3653 duo·

405 3675 576 3729 decim
603 3674 695 3728 filii
717 3715 731 3740 ,
760 3677 812 3727 in
843 3676 1030 3744 quibus
1053 3680 1421 3748 Periclymenus

407 3763 463 3805 et
490 3755 682 3806 Nestor.
708 3751 964 3805 Hercules
985 3754 1145 3806 iratus
1166 3763 1278 3806 erat
1296 3754 1418 3807 Ne-

409 3830 489 3883 leo
516 3867 531 3895 ,
559 3830 664 3882 sive
693 3829 834 3898 quod
855 3829 950 3883 sibi
974 3828 1236 3902 Geryonis
1259 3830 1419 3884 boves

408 3909 682 3977 abegerat,
709 3907 813 3961 sive
850 3907 989 3977 quod
1012 3927 1066 3962 se
1090 3910 1292 3979 expiare
1320 3927 1420 3961 no-

409 3986 606 4054 luerat,
636 3995 911 4056 postquam
929 4006 1144 4040 uxorem
1164 3997 1217 4040 et
1232 3986 1419 4039 liberos

408 4074 504 4117 aut·
521 4063 755 4134 Iphitum
788 4065 1014 4119 amicum
1046 4063 1376 4118 interfecerat
1402 4104 1416 4131 ‚

403 4146 511 4198 sive
547 4143 773 4213 denique
799 4186 814 4213 ,
856 4156 915 4198 ut
951 4147 1064 4200 vult
1097 4145 1377 4199 Pausanias
1402 4186 1416 4213 ,

406 4224 527 4292 quia
548 4242 703 4294 opem
722 4223 911 4278 tulerat
930 4224 1083 4278 Eleis.
1098 4223 1268 4294 Capta
1288 4223 1418 4277 urbe

407 4301 617 4356 Nestori
650 4303 908 4373 pepercit,
939 4302 1020 4358 vel
1051 4303 1172 4373 quia
1207 4302 1249 4356 is
1279 4299 1417 4372 apud

1516 2206 1742 2273 abigenti
1795 2216 1884 2258 aut
1925 2206 2272 2274 expiationem
2315 2205 2537 2273 neganti

1511 2301 1621 2334 non
1648 2301 1882 2335 assensus
1913 2282 2098 2335 suerat.
2136 2283 2320 2349 Neque
2347 2300 2535 2350 peper-

1511 2359 1581 2410 cit
1604 2359 1649 2410 ci
1677 2357 1837 2410 modo
1854 2396 1868 2423 ,
1893 2357 1983 2410 sed
2010 2378 2232 2415 ret-,num
2255 2357 2412 2410 etiam
2436 2377 2533 2428 pa-

1513 2444 1727 2487 ternum
1764 2434 2004 2501 tradidit,
2041 2435 2124 2488 cui
2154 2433 2351 2487 addidit
2380 2430 2529 2487 Mes-
2634 2474 2639 2479 -

1511 2530 1674 2564 senen
1692 2550 1705 2576 ,
1726 2511 1805 2563 vel
1827 2522 1884 2564 ut
1901 2511 2177 2582 premium
2191 2510 2400 2581 justitiae
2415 2551 2429 2576 ,
2448 2511 2531 2564 vel

1514 2602 1571 2643 ut
1590 2589 1903 2660 depositum.
1923 2590 2114 2644 Foedus
2128 2590 2269 2643 icisse
2290 2608 2408 2643 cum
2425 2589 2535 2643 Ne-

1513 2668 1579 2721 lei
1607 2668 1778 2720 liberis
1804 2668 1995 2738 legitur
2018 2667 2156 2738 apud
2183 2667 2494 2721 Pausaniam
2516 2705 2531 2731 ,

1514 2746 1744 2799 Messen.
1763 2766 1811 2815 p.
1832 2749 1945 2816 317.
1967 2746 2072 2800 Sed
2094 2745 2384 2800 secundum
2405 2744 2530 2799 Ovi-

1513 2823 1661 2875 dium
1680 2864 1694 2890 ,
1718 2843 1828 2876 non
1856 2824 1990 2877 bene
2019 2824 2083 2876 de
2112 2824 2332 2877 Nestore
2360 2823 2532 2875 meri-

1515 2911 1600 2954 tus
1616 2912 1692 2954 est
1709 2902 1981 2955 Hercules.
2005 2901 2088 2954 De
2112 2900 2228 2954 filiis
2250 2900 2534 2955 intersectis

1513 2982 1774 3035 consentit
1799 2999 1919 3034 cum
1946 2980 2220 3045 Homero,
2248 2985 2365 3034 κατὰ
2392 2979 2434 3033 δ’
2448 2979 2534 3033 ’ἴκ-

1515 3069 1643 3113 ταθεν
1666 3063 1792 3113 ἕσσαι
1818 3063 2012 3134 ἄρισται.
2038 3061 2428 3130 Pcrt’clymenum
2455 3056 2537 3110 es·-

1513 3135 1701 3207 sugisse
1721 3137 1877 3189 tradit
1906 3137 2172 3208 Hyginus;
2196 3134 2533 3187 intersectum

1516 3232 1639 3264 eum
1668 3233 1775 3266 esse
1803 3223 2038 3266 auctores
2059 3223 2183 3264 sunt
2207 3210 2381 3264 Schol.
2410 3210 2531 3262 Ho-

1516 3291 1651 3343 meri
1673 3331 1687 3356 ,
1713 3290 2063 3359 Apollodorus
2085 3299 2137 3341 et
2154 3288 2369 3340 Tzetzes
2396 3285 2533 3339 Chil.

1518 3370 1544 3422 Ι
1559 3409 1574 3435 ,
1603 3370 1681 3435 46.
1702 3369 1827 3424 Sine
1849 3368 2009 3424 dubio
2022 3366 2153 3437 sugit
2168 3405 2183 3433 ,
2204 3376 2257 3418 et
2273 3386 2301 3419 e
2317 3365 2437 3435 suga
2454 3383 2531 3418 rc-

1518 3447 1704 3501 ductus
1719 3447 2022 3501 interfectus
2038 3458 2129 3499 est.
2148 3446 2269 3499 Hoc
2281 3456 2421 3498 certe
2437 3445 2538 3498 sibi

1518 3524 1629 3577 vult
1654 3522 1824 3576 sabula
1842 3563 1856 3590 ‚
1882 3542 2041 3592 quam
2066 3522 2149 3575 hic
2169 3522 2434 3574 babemus.

1584 3606 1697 3656 550.
1715 3605 1923 3662 Stravit,
1948 3601 2396 3668 diruit—Impulit
2416 3621 2535 3671 gra-

1518 3682 1632 3734 vius
1645 3682 1865 3733 verbum
1882 3699 2039 3749 quam
2054 3719 2069 3745 ,
2095 3684 2301 3746 r’nlulit,·
2324 3678 2465 3733 ferro
2483 3689 2537 3732 et

1518 3757 1639 3828 igne
1663 3757 1880 3809 vastavit
1908 3767 2123 3826 penates
2146 3775 2307 3809 meos.
2350 3803 2353 3806 .

1585 3834 1698 3886 553.
1721 3834 1822 3885 Bis
1842 3851 1935 3884 sez-
1967 3836 2161 3886 Nelidae
2191 3843 2289 3886 etc.
2318 3833 2534 3885 Home-

1520 3929 1638 3965 rus:
1662 3915 1849 3965 Δώδεκα
1870 3916 1957 3988 γὰρ
1981 3920 2158 3974 Numae
2180 3914 2404 3980 ἀμύμονες
2424 3916 2546 3971 υἱέες.

1522 3993 1636 4058 ἦμεν
1652 4029 1667 4055 ,
1708 3998 1814 4043 Τῶν
1855 3997 1942 4048 οἷος
1968 3993 2163 4057 λιπὸμην
2183 4030 2197 4052 ,
2248 3997 2293 4045 οἱ
2334 3988 2377 4043 δ’
2413 3995 2540 4043 §mu

1520 4072 1677 4128 πάντες
1694 4070 2222 4136 {Arna—Conspecta,
2236 4070 2538 4140 conspicua,

1519 4145 1795 4210 excellens3
1818 4146 2041 4200 Homer.
2060 4146 2223 4200 altero
2240 4146 2373 4215 loco,
2391 4148 2539 4215 ἆγλκίι

1521 4227 1667 4279 τέκνα·
1699 4223 1914 4293 illosque
1940 4226 2135 4279 Ῑκᾶκωσε
2157 4234 2239 4293 βίη
2268 4214 2539 4298 ἡρακληιᾶ·

1589 4301 1700 4358 556.
1724 4306 1916 4369 Posse‚·
1938 4307 1988 4359 ‘ro'
2015 4309 2264 4373 δύνασθαι,
2291 4303 2501 4358 facultas
2521 4341 2547 4368 ,.
