3185 5138
677 545 1771 631 METAMORPH'OSEON
1809 564 2016 669 1⁴1ss:
2076 569 2169 634 x.

354 701 629 788 Dicere,
667 701 1033 791 conticuit3
1070 702 1530 807 promissaque
1564 704 1836 778 numine
1870 704 2106 781 firmat.

2381 571 2501 662 195

2405 732 2508 800 430

354 820 552 893 Festa
583 819 709 920 piae
744 818 1004 893 Cereris
1039 817 1469 895 celebrabant
1503 849 1723 895 annua
1752 839 1994 896 matres

358 933 521 1022 Illa,
562 935 812 1037 quibus
847 934 1039 1009 nivea
1068 934 1296 1010 velatae
1329 944 1616 1039 corpora
1650 956 1830 1013 veste

359 1053 701 1128 Primitias
733 1051 1001 1149 frugum
1035 1050 1232 1140 dant,
1265 1053 1486 1156 spicea
1519 1071 1728 1142 serta,
1769 1083 2080 1141 suarum;

359 1172 624 1271 Perque
657 1196 895 1244 novem
927 1185 1156 1242 noctes
1188 1170 1549 1258 Venerem,
1587 1188 1937 1272 tactusque
1970 1171 2192 1246 viriles

361 1289 442 1361 In
479 1287 703 1361 vetitis
729 1303 1122 1361 numerant:
1160 1285 1357 1359 turba
1392 1286 1753 1361 Cenchreis
1789 1288 1861 1360 in
1894 1286 2011 1362 illa

2409 1310 2510 1380 43⁵

362 1404 571 1500 Regis
605 1403 796 1477 abest
828 1402 1071 1515 conjux
1095 1458 1115 1490 ‚
1154 1431 1520 1504 arcanaque
1558 1431 1740 1478 sacra
1771 1405 2169 1507 frequentat.

361 1522 546 1616 Ergo
578 1518 874 1615 legitima
906 1547 1156 1593 vacuus
1194 1519 1349 1592 dum
1381 1520 1665 1617 conjuge
1697 1518 1909 1595 lectus
1931 1577 1950 1609 ‚

362 1693 638 1760 Caesenas,
658 1694 860 1763 primus
876 1692 1135 1746 Gronovii
1152 1733 1167 1760 ,
1190 1702 1243 1746 et
1260 1692 1387 1746 ‹luo-

361 1773 532 1827 decim
556 1774 897 1843 aut—Regii
925 1775 1124 1840 nostri,
1149 1794 1330 1828 amore.

427 1854 540 1919 430.
569 1854 835 1905 Promissa
853 1856 1246 1922 numtitefimat
1265 1854 1389 1907 bre-

364 1930 498 1983 viter
521 1941 574 1983 et
596 1929 718 1983 satis
740 1929 1009 1999 eleganter
1031 1931 1160 1984 mibi
1186 1932 1388 1986 dictum

363 2009 594 2063 videtur.
615 2028 713 2079 pro
738 2049 753 2076 ,
802 2029 897 2078 per
936 2029 1142 2063 numen
1191 2010 1390 2078 iurans.

364 2087 708 2141 Burmannus
741 2106 869 2140 vero
906 2088 1094 2156 prioris
1133 2087 1391 2143 Gronovii

366 2167 471 2221 MS
482 2166 761 2219 lectionem
773 2167 984 2236 praesert
1000 2185 1014 2220 t
1031 2169 1229 2229 Dic-em,
1243 2169 1390 2234 jura·

362 2252 416 2297 Io
426 2249 774 2311 promissaque
795 2247 1192 2313 nume'nefirmat.
1216 2244 1391 2298 Causa
1430 2278 1438 2289 ·

366 2321 464 2375 hoc
483 2321 796 2391 praeserendi
811 2322 909 2375 suit
927 2321 1037 2376 haec
1051 2363 1066 2391 ‚
1084 2323 1391 2392 quiajuram

362 2419 540 2453 numen
566 2419 661 2470 pro
678 2438 693 2466 ‚
717 2421 900 2468 juram
914 2419 1010 2468 per
1032 2421 1214 2454 numen
1245 2412 1388 2455 recte

361 2478 594 2543 <licitum
630 2479 734 2532 vid.
761 2479 1029 2535 Drakenb.
1065 2481 1132 2534 ad
1157 2480 1349 2534 Silium
1370 2520 1387 2549 ‚

364 2558 534 2627 VIII,
568 2562 676 2613 105.

426 2641 539 2707 431.
564 2643 719 2693 Festa
738 2646 840 2708 μίαν
868 2640 1181 2695 Ceoere's.1n
1215 2639 1392 2694 hono-

359 2737 477 2772 rem
501 2717 714 2772 Cereris
728 2729 1014 2795 Scepofopou
1033 2759 1048 2786 ,
1072 2738 1112 2771 s.
1127 2717 1386 2789 legifera,

357 2816 532 2848 annua
547 2816 692 2850 sacra
717 2817 746 2849 a
771 2796 949 2850 multis
967 2795 1186 2850 Graeciae
1206 2795 1392 2849 civita-

363 2875 532 2941 tibus,
574 2875 800 2929 maxima
829 2885 1008 2928 autem
1045 2873 1299 2944 religione
1325 2874 1390 2928 ab

363 2953 776 3008 Atheniensibus
781 2953 1392 3023 ‚celebrabantur,'l'hes·

362 3032 640 3102 mophoria
677 3031 801 3085 inde
840 3031 993 3085 dicta.
1028 3032 1211 3101 anue
1245 3052 1390 3087 sacra

361 3114 473 3167 sine
500 3113 661 3168 dubio
692 3124 746 3167 et
777 3113 878 3168 hoc
902 3113 1019 3167 loco
1048 3113 1389 3183 intelligenda

362 3204 500 3247 sunt.
518 3193 832 3264 Agebantur
851 3183 997 3246 enirn
1019 3212 1126 3247 non
1144 3193 1244 3247 nisi
1263 3213 1291 3246 a
1309 3195 1391 3247 se·

361 3273 779 3342 minisingenuis
803 3273 926 3326 inde
954 3292 982 3325 a
1009 3271 1093 3325 die
1117 3275 1175 3340 ¹4
1193 3274 1390 3327 mensis

363 3351 741 3424 Pyanepsionis
783 3350 809 3422 (
848 3351 938 3421 qui
973 3362 1084 3405 erat
1123 3352 1389 3406 mensium

361 3429 749 3483 autumnalium
775 3429 1013 3499 primus)
1041 3448 1137 3499 per
1153 3428 1389 3500 quinque

359 3509 486 3564 dies.
503 3509 760 3563 Mulieres
782 3509 880 3564 illae
902 3508 1084 3563 velatae
1106 3520 1259 3563 erant
1275 3529 1391 3564 ves-

357 3592 491 3642 IIbus
516 3593 675 3643 nivet?
691 3630 704 3652 ,
741 3588 796 3641 in
821 3588 1034 3659 signum
1059 3589 1390 3645 intemerate

357 3668 663 3735 sanctitatis,
679 3678 732 3721 et
747 3685 914 3736 quum
929 3685 1024 3736 per
1036 3666 1269 3738 quinque
1280 3667 1389 3721 illas

358 3756 539 3799 noctes
559 3787 574 3813 ‚
611 3756 725 3799 tum
759 3765 857 3816 per
891 3754 1120 3814 quatuor
1154 3745 1387 3814 proxime

354 3823 710 3893 precedentes
725 3864 739 3891 ,
762 3833 815 3877 et
832 3843 860 3876 a
883 3825 1073 3878 Venere
1086 3823 1351 3877 abstinere
1372 3863 1389 3892 ,

353 3912 408 3954 et
444 3919 666 3955 summae
699 3895 972 3955 modestia&
1005 3921 1222 3971 operam
1261 3901 1387 3956 dare

354 3977 637 4032 debebant.
683 3978 848 4034 Hinc>
863 3985 965 4048 pie
1005 3989 1192 4033 matres
1221 3997 1241 4044 ,·
1287 3986 1390 4049 pie

357 4057 506 4110 enim
531 4096 546 4123 ,
581 4075 697 4126 quae
721 4055 965 4112 Deorum
991 4078 1134 4113 sacra
1162 4059 1259 4113 rite
1285 4078 1388 4112 co-

355 4139 473 4193 lunt
501 4158 515 4192 :
546 4136 665 4192 vide
679 4138 915 4194 ¹Meursii
948 4140 1117 4196 Graec.
1145 4141 1388 4196 feriatam

355 4216 411 4269 in
425 4221 735 4293 ,θεσμοφόρια-
746 4218 1091 4273 Burmannus
1105 4229 1282 4273 tamen
1296 4238 1388 4288 pu-

357 4306 466 4365 tat,
488 4298 547 4350 in
574 4297 755 4350 animo
779 4296 1018 4353 habuisse
1046 4308 1256 4368 poetam
1282 4300 1389 4353 ses-

357 4384 472 4428 tum
485 4374 676 4430 Cereri
688 4395 917 4445 sacrum,
935 4376 1077 4446 quod
1090 4377 1142 4430 in
1159 4376 1386 4431 Oriente

1483 1691 1808 1746 celebratum
1838 1693 1904 1747 sit
1936 1695 2023 1762 (at
2050 1694 2196 1747 istius
2221 1694 2340 1748 sesti
2369 1695 2517 1749 nulla

1485 1781 1652 1825 exstat
1675 1764 1987 1841 memoria);
2015 1792 2140 1825 nam
2166 1772 2221 1826 in
2237 1773 2512 1827 Thesmo-

1484 1848 1681 1918 phoriis
1699 1860 1804 1905 tres
1820 1852 1984 1904 modo
2002 1862 2183 1904 noctes
2200 1870 2331 1920 pure
2347 1872 2401 1905 se
2422 1852 2520 1905 lra-

1486 1927 1658 1982 buisse
1675 1941 1946 1984 matronas
1959 1970 1973 1995 ,
1998 1928 2180 1999 (quod
2199 1940 2277 1983 est
2295 1930 2483 1984 salsum
2502 1953 2517 1996 3

1488 2005 1592 2058 vid.
1614 2008 1817 2059 Pottcre’
1835 2006 2093 2060 Arcbaeol.
2118 2007 2287 2061 Graec.
2314 2017 2441 2063 tom.
2457 2011 2482 2063 1
2501 2050 2517 2077 ,

1486 2102 1537 2152 p.
1556 2084 1655 2137 883
1674 2123 1689 2150 ,
1716 2083 1801 2137 ed.
1820 2084 2050 2150 Ramb.)
2070 2105 2244 2154 neque
2263 2105 2317 2139 se
2336 2086 2402 2139 de
2418 2087 2523 2156 pri-

1487 2164 1647 2217 mitiis
1689 2165 1874 2221 oblatis
1919 2167 2209 2237 quidquam
2250 2169 2518 2237 reperisse.

1486 2242 1683 2312 Negari
1724 2263 1850 2297 sane
1889 2264 2002 2298 non
2033 2254 2234 2315 potest,
2265 2246 2523 2316 primitias

1484 2338 1598 2373 non
1623 2331 1734 2374 tam
1760 2321 1813 2374 in
1843 2322 2277 2392 Thesmophoriis
2297 2362 2312 2390 ‚
2357 2343 2518 2393 quam

1485 2398 1541 2451 in
1561 2407 1806 2459 ,θαλυσιόις
1821 2400 2021 2469 potius,
2040 2401 2238 2455 oblatas
2255 2400 2440 2455 Cereri
2465 2414 2519 2456 et

1486 2477 1697 2531 Baccho
1712 2518 1727 2546 ,
1754 2479 1847 2533 sed
1865 2479 2060 2535 Noster
2079 2498 2191 2534 non
2210 2483 2373 2535 semel
2390 2501 2519 2535 con-

1483 2556 1621 2611 fudit
1636 2556 1924 2613 diversa.-—
1935 2562 2126 2614 Velalae
2139 2582 2349 2630 corpora
2366 2574 2517 2617 vesle.

1485 2636 1834 2692 Burmannus
1857 2639 2039 2692 mallet
2065 2659 2188 2694 cum
2213 2640 2516 2695 Genevensi

1487 2720 1668 2768 velate
1689 2725 1914 2783 tempora
1937 2723 2083 2770 vitta.
2096 2718 2327 2790 -Regii
2349 2722 2519 2775 nostri

1485 2795 1752 2866 vulgatam
1775 2797 2065 2851 habent.—
2084 2801 2368 2870 Tactusque
2389 2807 2520 2856 vin·-

1486 2878 1588 2938 Ies,
1622 2875 1932 2931 concubitus
1955 2896 2080 2932 cum
2104 2880 2304 2933 maritis
2326 2901 2339 2933 ε
2361 2883 2517 2952 vulgo

1483 2963 1749 3023 tactusque
1757 2956 2212 3027 verorum—Regii
2229 2960 2395 3012 nostri
2412 2971 2520 3013 lac·

1484 3040 1661 3102 tusque
1674 3035 1880 3098 virilem·
1909 3033 2202 3105 elegantior
2224 3036 2393 3091 lectio.
2417 3040 2517 3091 Ed.

1553 3112 1665 3177 435.
1686 3111 1954 3165 cenchre&
1968 3112 2050 3165 vel
2073 3114 2303 3166 cenaret&
2320 3113 2519 3167 habent

1487 3187 1687 3259 Regius
1701 3200 1884 3244 noster
1897 3190 1964 3260 B,
1977 3190 2319 3246 Florentinus
2335 3191 2518 3245 Sancti

1488 3267 1661 3322 Marci
1673 3308 1689 3335 ,
1711 3270 2172 3341 Berneggerianus
2187 3311 2203 3338 ,
2222 3270 2519 3341 Neapolita·

1488 3365 1588 3400 nus
1600 3386 1617 3414 ,
1639 3345 1945 3419 Cantabrig.
1961 3349 2279 3404 oxoniensis
2292 3350 2428 3419 prim
2436 3370 2515 3417 us,

1489 3435 1543 3478 et
1562 3424 1826 3480 secundus
1842 3427 2139 3495 Palatinus,
2166 3429 2356 3497 aliique
2370 3447 2518 3481 com·-

1487 3502 1664 3573 plures
1684 3525 1698 3568 ;
1728 3514 1886 3560 recte.
1913 3506 2111 3576 Regius
2126 3507 2173 3559 B
2192 3506 2350 3559 habet
2368 3508 2523 3560 Cine-

1485 3588 1588 3636 ree}
1601 3623 1615 3646 ‚
1655 3602 1751 3652 pro
1782 3584 1994 3654 vulgato
2038 3586 2281 3655 Ct'nyoeis.
2317 3585 2520 3639 Auctor

1489 3661 1809 3731 Argument.
1859 3662 2143 3735 Myrrham
2198 3661 2414 3737 Cinyrae
2463 3674 2520 3717 et

1493 3741 1818 3795 Cenchreidis
1843 3741 2006 3796 filiam
2032 3740 2158 3795 dicit
2180 3762 2194 3805 ς
2228 3742 2477 3813 Higynus
2498 3782 2515 3808 ,

1487 3819 1590 3873 sab.
1615 3819 1681 3874 68
1697 3860 1712 3888 ,
1751 3819 1987 3893 Smyrna
2018 3819 2234 3893 Cinyrae
2267 3822 2522 3893 Assyrio-

1487 3915 1609 3949 rum
1627 3898 1763 3967 regis
1786 3909 1842 3952 et
1866 3900 2186 3952 Cencrht‘idek
2211 3896 2331 3950 filia.
2347 3898 2516 3949 Ed.—

1487 3979 1664 4031 Abest.
1683 3978 1857 4047 Vulgo
1871 3976 1958 4049 (et
1971 3979 2027 4031 in
2048 3987 2231 4031 nostro
2248 3975 2417 4047 Regio
2431 3975 2477 4028 B
2494 3974 2519 4045 )

1483 4057 1646 4108 adest.
1664 4083 1732 4095 —
1753 4055 1949 4126 Regius
1969 4056 2018 4108 A
2033 4095 2047 4123 ‚
2068 4058 2206 4120 abit,
2230 4051 2373 4122 quod
2397 4070 2510 4104 non

1485 4133 1624 4187 male
1640 4174 1656 4199 ,
1673 4134 1716 4187 si
1735 4135 1793 4188 in
1809 4154 1963 4190 versu
1979 4132 2297 4205 praecedenti
2319 4132 2520 4188 scribe-

1485 4222 1636 4266 retur
1643 4217 1840 4266 turbam
1860 4217 2126 4267 Cenchreis
2133 4220 2188 4267 in
2200 4214 2519 4284 illamquod

1483 4297 1667 4350 serunt
1685 4314 1787 4348 sec.
1813 4294 1922 4348 Pal.
1948 4306 2001 4348 et
2028 4294 2202 4348 Oxou.
2223 4298 2324 4349 Ed.

1554 4377 1668 4446 437.
1713 4379 1920 4431 Vacuus
1953 4381 2143 4440 lectus,
2177 4395 2346 4445 quum
2382 4371 2514 4430 alter
