3185 5138
682 541 774 636 96

1250 543 1331 609 P.
1382 540 1747 613 OVIDII
1799 542 2255 616 NASONIS

677 681 1126 783 Ambustique
1162 699 1406 757 sonant
1434 682 1661 773 nervi3
1699 711 1999 786 caecaque
2025 684 2340 762 medullis

678 800 866 874 Tabe
899 798 1270 900 liquefactis
1289 857 1309 888 ,
1347 799 1629 874 tendens
1661 800 1746 875 ad
1781 800 1999 877 sidera
2031 799 2286 904 palmas
2310 857 2332 893 ‚

2731 828 2825 901 175

685 949 722 982 «
766 916 1087 991 Cladibus
1105 975 1125 1006 ‚
1162 914 1516 1004 exclamat,
1554 918 1905 1008 Saturnia,
1939 947 2206 1020 pascere
2234 921 2531 1010 nostn's3

683 1067 721 1099 »
761 1034 1033 1108 Pascere
1062 1090 1081 1122 ‚
1116 1053 1183 1107 et
1213 1034 1384 1109 hanc
1420 1051 1675 1135 pestem
1711 1054 1939 1136 specta
1967 1036 2256 1112 crudelis
2289 1036 2374 1112 ab
2410 1035 2593 1113 alto-1

679 1185 716 1217 »
755 1151 1022 1251 Corque
1054 1149 1267 1223 ferum
1302 1150 1466 1223 satia
1494 1181 1510 1222 ε
1541 1149 1641 1223 vel
1670 1151 1726 1223 si
1752 1151 2168 1226 miserandus
2200 1170 2270 1226 et
2298 1152 2484 1228 hosti

683 1301 719 1334 η
756 1268 998 1341 Hostis
1024 1268 1199 1342 enim
1233 1266 1355 1340 tibi
1384 1295 1531 1341 sum
1552 1323 1571 1356 ‚
1608 1267 1771 1341 diris
1801 1267 2207 1342 cruciatibus
2241 1253 2478 1365 aegram
2501 1326 2522 1356 ‚

677 1417 715 1450 »ι
757 1383 1181 1483 Invisamque
1218 1381 1500 1455 animam
1521 1439 1540 1472 ‚
1579 1401 1935 1485 natamque
1969 1383 2319 1459 laboribus
2344 1440 2364 1473 ‚
2400 1383 2607 1458 aufer.

2726 1408 2820 1462 18⁰

682 1535 718 1567 »
757 1502 951 1575 Mors
989 1499 1154 1573 mihi
1187 1527 1433 1573 munus
1465 1500 1637 1574 erit:
1671 1500 1861 1577 decet
1889 1502 2028 1576 haec
2063 1503 2217 1577 dare
2248 1503 2422 1579 dona
2450 1533 2817 1594 novercam.

681 1650 718 1683 »
757 1619 942 1712 Ergo
979 1645 1105 1713 ego
1139 1615 1497 1690 foedantem
1535 1618 1891 1718 peregrino
1923 1619 2171 1721 templa
2199 1648 2432 1696 cruore

674 1819 817 1872 hunc
829 1835 1041 1874 versum
1056 1815 1319 1869 examinat
1335 1823 1389 1869 et
1405 1815 1669 1885 improbat
1683 1838 1698 1879 ς

665 1902 923 1965 flammam
945 1897 1092 1949 enim
1115 1913 1260 1947 nunc
1284 1893 1387 1947 dici
1408 1894 1605 1964 tropice
1633 1894 1698 1948 de

676 1988 804 2032 aestu
837 1977 1081 2041 interno,
1106 1973 1283 2042 itaque
1316 1990 1428 2025 non
1459 1972 1698 2028 debuisse

675 2066 888 2123 tropum
914 2052 979 2105 ab
1002 2051 1100 2104 alia
1117 2069 1174 2103 re
1196 2048 1450 2119 petitum,
1472 2053 1696 2112 sorbere,

676 2132 812 2186 addi.
837 2129 946 2184 Sed
969 2129 1142 2196 facile,
1170 2128 1362 2197 opinor
1377 2167 1392 2193 ‚
1415 2129 1610 2197 poterit
1633 2128 1698 2181 ab

674 2213 777 2267 hoc
800 2208 1061 2280 vituperio
1083 2206 1315 2261 defendi.
1338 2206 1556 2260 Etenim
1578 2208 1700 2277 pri-

675 2292 1050 2358 mumfiamma
1066 2286 1149 2341 hic
1166 2286 1553 2356 propemodum
1573 2307 1700 2358 pro-

677 2371 786 2442 prie
824 2369 984 2439 accipi
1017 2377 1188 2437 potest
1213 2405 1229 2432 ‚
1267 2365 1700 2436 quandoquidem

675 2450 724 2504 ei
748 2449 825 2503 vis
846 2446 1109 2517 coquendi
1135 2455 1190 2500 et
1215 2443 1582 2515 liquefaciendi
1607 2456 1699 2499 at-

675 2548 776 2599 que
797 2527 998 2583 sonitus
1019 2524 1279 2580 tribuitur.
1304 2522 1514 2578 Deinde
1538 2524 1700 2579 etiam

674 2614 726 2665 τὶ
744 2613 941 2662 sorbere
960 2604 1230 2676 rapacitati
1253 2604 1483 2658 flamma
1506 2625 1701 2675 prope-

673 2688 897 2742 modum
918 2686 1128 2757 proprie
1149 2686 1410 2738 convenit.
1450 2685 1698 2754 Denique

676 2769 904 2824 calidum
949 2778 1226 2836 poetarum
1271 2766 1546 2835 ingenium
1584 2785 1696 2818 non

674 2844 994 2915 exigendum
1017 2854 1095 2897 est
1117 2845 1172 2898 in
1197 2842 1411 2911 singulis
1437 2843 1607 2897 verbis
1632 2841 1697 2896 ad

677 2924 801 2978 artis
825 2932 1096 2992 pracepta.
1123 2920 1246 2974 Vid.
1287 2920 1534 2986 Ernesti,
1575 2921 1700 2973 Inte.

678 3002 836 3056 Rhet.
863 3002 907 3071 S.
933 3001 1064 3072 319,
1092 3000 1181 3053 ubi
1202 3000 1439 3053 similiter
1462 2999 1701 3054 defendit

675 3079 806 3133 illud
822 3077 1016 3131 Catulli
1031 3118 1046 3144 ,
1061 3082 1226 3130 team&
1236 3081 1328 3130 sub
1342 3080 1700 3146 artusstatmna

676 3159 920 3213 debonat.
931 3154 1039 3209 Sed
1057 3154 1177 3207 ideo
1188 3154 1565 3225 vituperandus
1580 3174 1701 3226 poe·

679 3246 732 3289 ta
744 3233 972 3299 videtur,
990 3230 1131 3301 quod
1146 3250 1336 3301 corpus
1347 3252 1459 3286 non
1473 3233 1624 3287 aliter
1639 3253 1699 3288 ac

675 3313 817 3384 ligna
838 3311 984 3365 arida
1008 3311 1199 3366 ardeus
1223 3311 1388 3365 finxit.

748 3394 857 3464 ¹73·
885 3394 1152 3454 Caemleus,
1184 3392 1354 3462 niger,
1380 3402 1439 3445 ut
1460 3396 1699 3446 ceruleus

672 3477 830 3527 babet
848 3472 986 3543 apud
1009 3473 1154 3541 Virg.
1180 3483 1270 3525 aut
1285 3476 1496 3525 cerulea
1516 3476 1687 3536 nubes,

673 3555 834 3613 κυανίη
859 3554 1033 3622 νεξίλη.
1076 3550 1198 3604 Non
1225 3549 1386 3619 igitur
1409 3548 1547 3602 Rod.
1568 3569 1694 3604 vet·-

672 3641 783 3685 tere
798 3630 1048 3698 debebat,
1063 3633 1154 3684 der
1162 3634 1311 3683 blane
1322 3631 1578 3693 Schvetlrs,
1596 3649 1697 3686 nec

672 3711 827 3782 paulo
853 3721 1001 3779 post,
1029 3713 1113 3763 die
1126 3712 1319 3763 Nema
1340 3712 1569 3778 klmgenq
1582 3710 1697 3764 Im-

672 3810 762 3844 mo
779 3830 794 3858 ,
829 3794 914 3842 die
943 3790 1135 3842 Sebaen
1156 3793 1407 3855 pras-tela.
1429 3816 1497 3829 —
1523 3791 1697 3856 Hau,-

673 3868 926 3924 Heinsius
955 3865 1206 3920 suadebat
1240 3871 1353 3920 ruit.
1375 3894 1443 3907 —
1464 3868 1691 3931 Sonanh·

670 3948 889 4001 Barber.
906 3955 1138 4014 gemam,-
1157 3944 1297 4014 quod
1316 3945 1538 3998 verbum
1555 3943 1694 4014 apud

672 4038 849 4097 poetas
865 4024 1087 4078 omnino
1102 4035 1181 4077 est
1197 4064 1211 4090 ‚
1227 4042 1419 4076 sonum
1438 4022 1613 4077 edere.
1627 4051 1697 4065 —-

676 4105 824 4173 Regii
847 4105 1041 4168 nostri,
1068 4113 1265 4156 sonant.
1291 4129 1355 4146 -
1376 4103 1482 4156 Per
1503 4120 1695 4156 nervos

668 4184 895 4235 Veteres
919 4183 1077 4235 etiam
1106 4181 1476 4234 intellexerunt
1506 4178 1695 4233 tendo-

669 4276 765 4310 nes
781 4297 796 4323 ,
824 4258 1083 4312 musculos
1107 4269 1160 4311 et
1186 4258 1391 4311 vincula
1411 4257 1694 4310 membro-

667 4355 793 4390 rum
811 4356 822 4392 :
840 4336 1041 4391 Gellius
1060 4376 1076 4406 ,
1101 4336 1273 4405 xm,
1301 4338 1600 4391 22.—Ceca
1620 4346 1695 4389 ta·

1797 1821 1885 1881 be,
1912 1819 1937 1885 (
1954 1827 2013 1871 ut
2038 1818 2123 1872 111
2141 1857 2157 1884 ‚
2195 1820 2323 1889 490,
2358 1838 2495 1872 ceco
2527 1820 2681 1887 igni)
2715 1840 2822 1873 ve-

1795 1914 1943 1948 neno
1964 1896 2108 1949 intus
2127 1894 2431 1950 ardente.—
2440 1899 2671 1949 Tendens
2687 1909 2765 1952 est
2791 1919 2821 1952 e

1795 1974 2080 2028 Basileensi
2105 1984 2158 2028 et
2180 1972 2313 2040 alio;
2337 1974 2513 2028 ceteri
2534 1973 2629 2044 (et
2650 1977 2821 2031 nostri

1797 2052 1949 2123 Regii
1972 2051 1997 2121 )
2025 2055 2223 2105 tollens.

1867 2151 1886 2183 1
1899 2131 1976 2200 76.
2006 2133 2251 2185 Cladibus
2269 2148 2482 2198 pascere
2505 2137 2694 2187 nostnlr
2720 2144 2820 2189 etc.

1795 2208 2042 2262 Primum
2078 2207 2134 2261 in
2173 2209 2449 2263 Junonem
2487 2210 2655 2264 multa
2692 2230 2820 2265 curn

1795 2286 2074 2341 acerbitate
2091 2286 2379 2354 invehitur,
2388 2306 2498 2341 non
2517 2287 2681 2342 modo
2696 2289 2821 2359 quia

1795 2367 1983 2421 infesta
2009 2367 2057 2421 ei
2080 2387 2291 2438 semper
2312 2370 2483 2423 suerat
2499 2408 2515 2436 ,
2540 2369 2634 2423 sed
2656 2372 2821 2424 etiam

1795 2445 1919 2515 quia
1937 2464 2096 2516 opera
2111 2447 2227 2514 eius
2242 2446 2485 2516 quadam
2499 2448 2653 2502 fuisse
2670 2449 2821 2504 vide-

1796 2534 1885 2578 tur
1913 2525 1967 2578 in
1995 2523 2097 2579 hoc
2125 2525 2236 2596 ipso
2265 2527 2499 2581 cruciatu
2523 2526 2832 2582 efficiendoa

1799 2604 1962 2660 Certe
1980 2606 2144 2660 Hom.
2171 2606 2231 2660 11.
2251 2616 2282 2659 Σ
2298 2646 2315 2675 ,
2346 2627 2440 2679 ¹²9
2453 2647 2469 2673 ,
2487 2608 2653 2661 satum
2671 2608 2823 2663 Her-

1793 2682 1968 2736 culem
1996 2682 2179 2738 domat
2206 2693 2261 2736 et
2278 2689 2452 2752 gravis
2476 2689 2558 2737 ira
2582 2687 2819 2738 lunonis.

1800 2759 1957 2830 Apud
1976 2760 2296 2832 Sophoclem
2308 2772 2489 2815 autem
2502 2762 2568 2816 de
2583 2781 2688 2816 una
2699 2780 2820 2816 con·

1796 2841 1920 2910 juge
1934 2842 2531 2911 queritur.—-Cotsenm
2544 2884 2559 2906 ,
2585 2843 2816 2904 animus,

1797 2919 1886 2987 qui
1900 2925 2147 2986 pascitur,
2174 2919 2483 2988 delectatur,
2499 2930 2658 2989 peste.
2686 2940 2819 2974 cru-

1793 2996 2012 3052 ciatibus
2035 2998 2262 3052 alterius.
2287 2999 2340 3051 Is
2372 3004 2618 3060 samur,
2652 3018 2818 3068 quum

1795 3075 2018 3130 immani
2047 3078 2163 3147 ejus
2193 3077 2467 3148 cupiditati
2497 3078 2681 3133 satisfit
2714 3080 2821 3132 im-

1793 3174 1979 3209 mensa
2018 3155 2181 3210 hostis
2219 3156 2446 3210 miseria.
2484 3158 2648 3227 Atqui
2692 3156 2819 3211 tales

1795 3240 2093 3313 xoetpexoixoue
2133 3238 2363 3292 maximo
2409 3249 2464 3293 et
2510 3238 2817 3309 dignissimo
2848 3230 2853 3235 .

1794 3314 1919 3368 odio
1938 3335 2255 3370 aversamur.
2271 3316 2475 3370 Eadem
2490 3318 2648 3371 verba
2662 3328 2718 3372 et
2735 3318 2818 3372 su'·

1793 3413 1887 3464 pra
1903 3406 2190 3448 occurrunt
2208 3395 2288 3448 Vl
2305 3434 2321 3462 ,
2350 3398 2464 3450 280.

1867 3474 1974 3526 182.
1991 3474 2131 3540 Ergo
2150 3473 2533 3541 egosaedantem
2557 3482 2655 3526 etc.
2678 3471 2816 3526 Inci-

1793 3550 1871 3620 pit
1893 3551 2095 3605 labores
2117 3571 2238 3605 suos
2252 3570 2672 3605 commemorare
2690 3590 2706 3617 ,
2723 3550 2816 3620 qui

1794 3631 1859 3684 ab
1875 3631 2170 3686 innumeris
2183 3634 2296 3685 sere
2313 3631 2610 3687 auctoribus
2627 3650 2817 3685 recen—

1792 3718 1980 3762 sentur
1996 3749 2011 3775 ,
2037 3709 2102 3762 de
2124 3710 2312 3779 quibus
2329 3709 2433 3763 vid.
2451 3710 2722 3782 Ileynius,
2749 3707 2817 3762 ad

1797 3788 2183 3857 Apollodorum
2202 3829 2218 3856 ,
2253 3789 2310 3842 ΙΙ
2331 3829 2346 3856 ,
2382 3806 2441 3841 lv
2455 3829 2471 3855 ,
2505 3791 2551 3842 8.
2589 3789 2819 3857 Propter

1796 3884 1885 3919 eos
1905 3906 1920 3933 ,
1946 3886 2113 3936 quum
2134 3868 2385 3921 salutares
2408 3866 2605 3921 Graecis
2627 3876 2717 3919 aut
2739 3885 2816 3920 es·

1792 3955 1913 3997 sent
1937 3983 1953 4012 ‚
1992 3956 2083 3998 aut
2118 3965 2228 4000 esse
2259 3944 2640 4012 crederentur,
2676 3945 2818 3997 inter

1795 4024 1939 4078 Deos
1955 4026 2147 4081 relatus
2162 4037 2255 4080 est.
2266 4025 2469 4079 Minuit
2483 4035 2665 4078 tamen
2680 4026 2821 4079 Her-¹

1792 4101 1920 4156 culis
1952 4103 2132 4157 laudes
2163 4102 2469 4168 Lucretius,
2503 4105 2586 4168 V,
2613 4104 2814 4168 22-43‚

1793 4181 1882 4233 ubi
1898 4181 2050 4235 docet
2062 4222 2076 4244 ,
2101 4182 2291 4235 divinis
2302 4180 2592 4235 honoribus
2605 4180 2817 4250 dignio-

1792 4277 1908 4311 rem
1922 4279 2052 4325 esse,
2066 4259 2155 4328 qui
2165 4279 2300 4329 puro
2313 4269 2523 4330 pectore
2534 4259 2707 4311 vivere
2723 4257 2816 4311 ho·

1793 4338 1965 4395 mines
1986 4336 2185 4403 doceat.
2211 4339 2399 4409 Neque
2425 4338 2658 4393 Lactant.
2682 4336 2813 4390 lust.

2258 4467 2292 4479 χ
