3185 5138
702 549 1780 623 METAMORPHOSEON
1840 559 2033 625 LIB.
2094 561 2185 626 Χ.

2383 586 2503 628 221

392 720 429 754 »
467 690 711 762 Annua
743 686 1088 788 plangoris
1122 707 1392 790 peraget
1422 691 1835 766 simulamina
1869 698 2104 770 nostri.

396 836 432 869 »
471 805 566 877 At
591 832 800 907 ‘cruor
832 805 904 876 in
938 802 1168 879 florem
1201 808 1569 882 mutabitur
1606 838 1623 881 :
1658 837 1741 882 an
1776 808 1900 882 tibi
1935 812 2275 910 quondam

397 951 436 984 ι)
470 919 817 993 Femineos
849 938 1030 994 artus
1062 922 1134 994 in
1171 921 1422 996 olentes
1456 942 1704 998 vertere
1737 925 2078 1015 mentbas,

401 1069 437 1102 >s
477 1036 932 1137 Persephone,
966 1035 1203 1110 licuit?
1235 1038 1433 1111 nobis
1469 1038 1815 1138 Cinyreius
1849 1039 2048 1114 heros

400 1185 438 1218 »
474 1150 744 1226 Im‘ridiae
773 1170 1066 1227 mutatus
1100 1153 1271 1227 erit?
1308 1188 1342 1219 »
1381 1154 1492 1227 Sic
1526 1154 1691 1242 sata,
1726 1184 2025 1230 cruorem

396 1277 675 1349 Nectare
705 1274 982 1349 odorato
1018 1275 1261 1378 sparsit
1290 1305 1306 1348 ε
1344 1276 1460 1377 qui
1498 1293 1711 1350 tactus
1744 1278 1828 1350 ab
1863 1277 1982 1351 illo

397 1398 763 1486 Intumuit,
798 1398 892 1472 sic
913 1454 932 1486 ,
963 1416 1041 1471 ut
1071 1396 1302 1498 pluvio
1333 1397 1672 1499 perlucida
1703 1399 1863 1474 caelo

395 1519 677 1615 Surgere
711 1517 894 1595 bulla
930 1520 1102 1595 solet
1130 1550 1156 1603 :¹
1185 1549 1304 1594 nec
1334 1519 1534 1621 plena
1566 1520 1837 1617 longior
1865 1522 2030 1595 hora

398 1644 596 1716 Facta
619 1671 807 1717 mora
827 1662 961 1732 est,
1000 1673 1204 1745 quum
1234 1644 1358 1719 flos
1383 1643 1467 1718 de
1490 1645 1809 1739 sanguine
1836 1644 2146 1720 concolor
2175 1665 2360 1723 ortus
2382 1677 2399 1738 ;
2429 1670 2526 1742 735

404 1765 725 1861 Qualem,
762 1792 924 1866 quar
939 1764 1125 1841 lento
1160 1765 1377 1841 celant
1408 1767 1534 1841 sub
1567 1768 1808 1876 cortice
1846 1796 2121 1864 granum
2144 1825 2164 1856 ,

401 1967 873 2034 thagm—Peraget.
891 1967 1109 2037 Argent.
1137 1968 1156 2034 (
1174 1979 1226 2022 et
1241 1975 1421 2022 noster

407 2042 603 2113 Regius
626 2043 710 2108 A)
743 2043 932 2112 reseret.
959 2048 1176 2113 Perage!
1198 2050 1421 2100 simula—

407 2125 545 2173 mina
568 2139 716 2175 mera
737 2120 956 2190 phrasis,
983 2122 1275 2190 simulabit,
1297 2124 1422 2178 imi-

407 2198 632 2251 tabitur:
653 2202 947 2253 se’mulamen
966 2200 1227 2254 Ovidiana
1248 2222 1347 2254 vox
1363 2210 1422 2254 ut

395 2279 658 2343 fimamcn
682 2286 735 2329 et
758 2275 854 2328 alia
877 2277 931 2329 in
955 2296 1098 2330 amca
1117 2276 1423 2330 desinentia.

411 2353 784 2423 Intelliguntur
826 2353 1035 2408 Adonin
1062 2396 1077 2420 ,
1126 2375 1242 2425 quae
1285 2356 1426 2409 inter

413 2431 687 2486 Pboenices
713 2444 828 2486 orta
858 2452 979 2485 mox
1012 2445 1217 2503 accepta
1242 2445 1365 2487 sunt
1395 2454 1426 2486 a

410 2509 642 2580 pluribus
663 2512 917 2582 gentibus.
944 2513 1125 2564 Primo
1147 2510 1229 2563 die
1252 2530 1426 2566 sacro-

411 2607 533 2641 rum
568 2589 779 2643 illorum
814 2592 1039 2646 Veneris
1076 2601 1128 2644 et
1170 2590 1425 2645 Adonidis

410 2666 687 2720 simulacra
703 2667 1208 2721 circumferebantur
1227 2667 1331 2719 ritu
1345 2669 1428 2719 su—

412 2747 594 2809 nebri;
623 2748 866 2802 mulieres
902 2749 1163 2801 laniabant
1187 2746 1424 2816 capillos,

415 2827 774 2894 percutiebant
797 2838 1005 2896 pectora
1032 2827 1212 2895 palmis
1229 2865 1244 2892 ,
1265 2825 1429 2878 adde-

414 2899 646 2971 bantque
670 2915 724 2956 et
745 2904 945 2976 reliqua
962 2903 1131 2956 luctus
1152 2902 1312 2973 signa.

483 3001 594 3053 7²9·
608 2985 864 3035 Femineas
878 2995 1019 3037 artus
1032 2993 1126 3036 etc.
1142 2982 1325 3035 Solent
1340 2980 1430 3034 Dii

417 3078 510 3111 sua
533 3062 746 3113 consilia
782 3072 835 3115 et
865 3060 998 3115 sacta
1024 3061 1246 3113 aliorum
1273 3058 1430 3112 Deo-

420 3155 541 3190 rum
576 3139 966 3193 auctoritatibus
994 3179 1008 3205 ,
1055 3158 1202 3192 more
1246 3138 1432 3191 homi-

421 3231 551 3266 num
571 3255 586 3281 ,
615 3217 769 3269 tueri.
789 3217 851 3269 In
866 3215 1111 3281 femineos
1124 3226 1266 3269 artus
1286 3225 1339 3268 et
1354 3219 1434 3267 he·

421 3312 505 3345 ros
527 3296 693 3364 gravis
715 3295 984 3365 oppositio.
1006 3322 1072 3334 -—
1097 3297 1309 3347 Mentha
1345 3303 1434 3346 aut

424 3376 616 3426 mintha
625 3373 806 3440 herba,
828 3375 882 3426 in
898 3393 1057 3442 quam
1074 3373 1433 3445 Minthanym-

426 3450 558 3519 pha,
585 3451 809 3505 Pollucis
842 3451 1006 3521 pellex
1023 3492 1036 3516 ,
1061 3462 1259 3505 mutata
1288 3462 1431 3514 erat;

425 3526 616 3582 Lactan
626 3532 725 3584 tius
739 3570 752 3595 ,
772 3529 991 3598 Argum.
1006 3528 1281 3598 Oppianus
1294 3569 1308 3595 ,
1332 3530 1436 3581 Ha-

424 3605 568 3660 lieut.
594 3608 713 3674 111,
746 3609 835 3661 113
851 3648 864 3666 ‚
892 3612 1124 3662 κωκῦτιθα
1142 3612 1318 3680 νύμμν
1341 3626 1438 3659 vo-

425 3698 506 3740 cat
526 3727 540 3752 ,
582 3687 701 3755 quia
746 3686 936 3757 Cocyti
983 3684 1101 3738 filia.
1136 3713 1202 3724 —
1239 3688 1438 3739 Olentes

424 3777 641 3837 propter
669 3785 880 3819 suavem
912 3764 1148 3819 odorem.
1193 3764 1392 3818 Plinius
1421 3804 1436 3829 ,

425 3845 565 3905 xlx
585 3885 600 3910 ,
632 3845 663 3896 8
684 3864 697 3896 t
722 3867 748 3890 α
770 3845 972 3897 Mentae
997 3863 1193 3897 nomen
1219 3843 1439 3897 suavitas

428 3941 457 3967 τι
482 3921 655 3975 odoris
667 3922 800 3992 apud
815 3922 1025 3976 Grecos
1040 3924 1261 3976 mutavit
1275 3942 1438 3991 quum

422 4012 458 4045 ’ω
485 3998 674 4067 alioqui
708 4000 909 4054 mintha
946 4013 1224 4054 vocaretur
1245 4042 1259 4067 ,
1295 4000 1438 4054 unde

428 4095 459 4123 ιο
487 4074 663 4127 Nostri
680 4094 873 4129 nomen
894 4076 1441 4129 declinaverunt.Gra·

430 4173 459 4198 t·
487 4162 541 4204 to
564 4163 743 4205 menta
766 4171 970 4207 mensas
992 4154 1154 4205 odore
1186 4153 1442 4218 percurrit

431 4250 460 4277 υ
489 4229 543 4282 in
568 4230 770 4283 rusticis
793 4231 1022 4301 dapibus.
1045 4254 1069 4278 υ
1088 4231 1231 4283 Hinc
1248 4228 1443 4283 Graecis

431 4309 593 4362 etiam
629 4314 853 4377 ἧδύοσμος
884 4310 1035 4364 dicta.
1061 4308 1297 4362 Dioscor.
1324 4307 1437 4377 111,

1518 1971 1578 2035 41
1607 1988 1619 2021 t
1640 1958 1880 2037 ῙῘιΝασμσς
1899 2009 1915 2033 ,
1952 1977 1993 2024 οἱ
2018 1976 2067 2023 δί
2091 1978 2281 2038 μίνθην,
2308 1976 2528 2048 γνώριμον

1520 2048 1740 2101 θοι-ἄνων.
1778 2043 1918 2098 Vide
1967 2047 2427 2102 Hemsterhusium
2464 2051 2527 2102 ad

1520 2121 1787 2192 Aristopb.
1814 2123 1951 2176 Plut.
1972 2142 2085 2193 pag.
2112 2145 2272 2196 97.—
2286 2129 2445 2180 Nobis
2458 2133 2531 2181 in·

1518 2205 1665 2254 νίᾶἁι·
1679 2208 1807 2263 erit,
1832 2203 1981 2255 nobis
2000 2202 2250 2257 invidiam
2264 2243 2280 2269 ,
2303 2208 2533 2260 convicia

1515 2279 1826 2333 conciliabit.

1589 2358 1696 2424 733.
1733 2360 1922 2410 Pluuio.
1950 2358 2359 2425 RIultisulvo.—
2383 2361 2533 2431 Regii

1517 2433 1683 2486 nostri
1693 2434 1846 2501 fulvo
1864 2450 1883 2497 ;
1918 2434 2010 2488 sed
2035 2433 2219 2488 Codex
2243 2436 2292 2488 A
2316 2436 2371 2488 in
2392 2456 2535 2490 mara

1519 2511 1641 2581 gine
1662 2509 1820 2563 habet
1833 2514 2086 2579 pluviae-
2104 2513 2223 2565 Hoc
2243 2512 2398 2583 paulo
2426 2515 2537 2569 bre-

1519 2589 1633 2642 vius
1666 2599 1719 2642 et
1757 2589 2024 2644 obscurius
2053 2590 2266 2644 dictum.
2310 2591 2535 2647 Sensum

1522 2678 1702 2721 tamen
1741 2678 2000 2721 assecutus
2045 2681 2123 2723 est
2157 2669 2497 2725 Burmannus
2520 2712 2535 2737 ,

1524 2769 1551 2792 κ
1582 2764 1747 2815 quum
1772 2747 1943 2817 pluvia
1960 2746 2096 2800 cadit
2112 2748 2165 2800 in
2183 2768 2370 2816 aquam
2387 2789 2400 2813 ,
2422 2768 2540 2803 sur-

1527 2825 1601 2894 git
1614 2825 1753 2878 bulla
1769 2844 1830 2877 ex
1852 2836 2011 2893 gutta.
2036 2828 2307 2886 »—Plena,
2322 2826 2535 2897 integra.

1523 2932 1588 2943 —
1603 2907 1849 2957 Concolor
1865 2918 2017 2958 ortus.
2046 2905 2250 2958 Heinsii
2278 2925 2412 2960 unus
2427 2926 2541 2960 com

1523 2984 1664 3032 color
1681 2987 1804 3033 exe'l.
1818 3008 1884 3019 —
1900 2980 2051 3050 Regii
2078 2982 2245 3036 nostri
2265 2993 2416 3035 ortus.

1596 3058 1705 3129 735.
1734 3061 1833 3112 Sub
1858 3064 2054 3111 cortice.
2092 3060 2301 3114 Primus
2326 3060 2540 3113 Grono-

1527 3136 1711 3188 vianus
1731 3141 1784 3187 in
1811 3141 2023 3198 carm-e:
2058 3137 2289 3206 quinque
2313 3141 2407 3190 sub
2430 3159 2542 3191 ver-

1526 3219 1639 3266 tice.
1671 3241 1739 3252 —
1772 3213 1921 3282 Regii
1948 3214 2109 3265 nostri
2131 3219 2224 3266 sub
2248 3221 2443 3268 cortice.
2478 3244 2543 3256 -—

1530 3289 1706 3342 hlalns
1720 3290 1926 3358 punica,
1943 3292 2049 3341 sive
2067 3300 2279 3359 granata
2300 3291 2518 3345 rubicun
2530 3324 2542 3329 -

1521 3361 1597 3417 'da
1616 3366 1843 3420 habetet
1864 3386 2020 3436 poma
2044 3379 2097 3419 et
2118 3386 2280 3437 grana
2302 3377 2354 3419 et
2374 3366 2543 3421 flores.

1532 3444 1706 3499 Schol.
1747 3447 1966 3500 Nicand.
1993 3446 2057 3499 ad
2085 3446 2324 3499 Theriac.
2361 3466 2410 3515 p.
2442 3447 2507 3499 63
2533 3474 2543 3510 3

1531 3523 1789 3576 Martialis
1811 3563 1825 3589 ,
1863 3526 1913 3585 1,
1949 3525 2044 3593 Ep.
2079 3527 2172 3590 44;
2217 3522 2511 3578 Columella
2533 3567 2547 3590 ,

1534 3603 1602 3655 X.
1628 3629 1693 3641 —-
1715 3606 1940 3664 Fumea,
1971 3603 2074 3656 scil.
2102 3604 2269 3667 mala;
2298 3604 2378 3656 lv
2408 3605 2546 3660 Fast.

1533 3680 1629 3750 607
1651 3721 1665 3747 ,
1705 3684 1856 3733 solvit
1869 3682 2076 3748 jejunia
2106 3686 2279 3748 granis
2295 3723 2308 3740 ,
2354 3685 2549 3736 Punica

1532 3779 1647 3828 qua·
1668 3763 1801 3812 lento
1825 3765 2007 3811 cortice
2024 3778 2178 3825 poma
2200 3770 2406 3827 tegun15
2444 3762 2548 3824 lv,

1537 3840 1693 3892 Pont.
1711 3855 1799 3903 xv,
1818 3840 1848 3891 8
1868 3877 1884 3903 ‚
1908 3843 1962 3889 in
1975 3839 2317 3910 horlosertz'lzlr
2333 3841 2552 3891 arm‘Pu·

1535 3923 1654 3970 m'ca
1689 3922 1781 3968 sub
1806 3921 1937 3970 lento
1960 3923 2144 3970 cortice
2176 3939 2340 3985 grana
2362 3922 2549 3971 rubent.

1537 3996 1644 4050 Sed
1672 3996 1894 4048 Heinsio
1929 3995 2110 4048 durior
2141 3998 2310 4064 justo,
2347 4007 2403 4049 ut
2439 4006 2553 4061 est,

1538 4075 1642 4126 visa
1669 4073 1856 4142 ellipsis
1882 4085 1959 4126 τοῦ
1981 4079 2131 4125 neela.
2177 4075 2364 4142 Quum
2397 4074 2556 4143 igitur

1538 4170 1733 4204 novem
1752 4150 1895 4204 MSS
1914 4150 2136 4204 habeant
2149 4173 2327 4219 grana,
2347 4152 2549 4218 suadet,

1538 4248 1646 4297 qua
1683 4234 1816 4282 lento
1845 4234 2073 4282 celantur
2100 4230 2229 4301 (aut
2259 4236 2427 4286 celant
2452 4251 2508 4284 se
2528 4230 2553 4300 )

1541 4316 1729 4364 cortice
1744 4350 1760 4375 ,
1786 4330 1954 4377 grana
1970 4313 2166 4364 Punica
2182 4321 2277 4366 etc.
2296 4323 2383 4368 aut
2404 4313 2558 4365 etiam
