3185 5138
674 525 1720 596 METAMORPHOSEON
1768 530 1959 599 LIB.
2021 535 2246 605 XIV.

374 664 624 765 Cepit3
660 682 727 739 et
756 665 828 738 in
860 666 1063 740 Tusci
1099 665 1434 741 demersus
1467 667 1765 741 fluminis
1797 670 1997 743 undis

369 781 677 853 Nomina
708 782 865 856 fecit
897 811 1084 884 aquae
1113 813 1129 857 ε
1158 784 1239 857 de
1273 813 1409 886 quo
1447 783 1908 886 Remulusque
1943 786 2258 891 feroxque

372 901 643 974 Acrota
679 916 838 974 sunt
869 900 1077 994 geniti
1107 929 1123 972 :
1159 898 1482 975 Remulus
1513 902 1838 973 maturior
1868 903 2056 978 annis

373 1012 740 1089 Fulmineo
772 1014 1004 1115 periit,
1043 1014 1336 1089 imitator
1365 1013 1703 1103 fulminis,
1735 1018 1891 1092 ictu.

374 1132 618 1204 Fratre
652 1158 776 1203 suo
813 1141 1146 1231 sceptrum
1177 1130 1582 1205 moderatior
1603 1134 1860 1206 ¹Acrota
1889 1132 2046 1207 forti

374 1246 629 1320 Tradit
663 1247 1036 1334 Aventin03
1073 1247 1223 1347 qui,
1261 1276 1395 1348 quo
1430 1265 1735 1342 regnarat
1756 1305 1775 1335 ‚
1810 1249 2037 1324 eodem

2427 1278 2544 1330 62οκ

376 1361 632 1434 Monte
658 1359 830 1458 jacet
858 1361 1120 1463 positus
1140 1418 1159 1450 ‚
1197 1361 1568 1462 tribuitque
1599 1361 1918 1437 vocabula
1953 1367 2188 1438 monti.

486 1477 769 1578 Jamque
801 1475 1116 1551 Palatinae
1152 1505 1472 1552 summam
1505 1478 1717 1553 Proca
1751 1480 1967 1575 gentis
1998 1480 2304 1559 habebat.

376 1597 574 1690 Rege
605 1595 736 1668 sub
774 1594 905 1668 hoc
940 1596 1242 1668 Pomona
1275 1594 1443 1681 suit;
1484 1622 1612 1695 qua
1645 1593 1826 1668 nulla
1863 1596 2130 1671 Lati-nas
2167 1625 2168 1628 ’

375 1713 573 1784 Inter
608 1709 1100 1812 Hamadryadas
1137 1708 1346 1783 coluit
1372 1709 1685 1785 solertius
1717 1712 1991 1801 hortoS,

373 1828 524 1899 Nec
558 1823 689 1899 suit
721 1824 985 1899 arborei
1021 1825 1389 1901 studiosior
1409 1824 1615 1900 altera
1650 1826 1849 1902 soetus
1872 1884 1892 1916 ,

2335 1872 2342 1881 ·
2424 1855 2525 1909 625

376 1942 586 2018 Unde
623 1960 803 2018 tenet
831 1972 1076 2018 nomen
1107 1973 1123 2017 ε
1154 1971 1292 2017 non
1329 1942 1525 2017 silvas
1558 1942 1671 2017 illa
1691 2002 1711 2033 ‚
1741 1974 1863 2019 nec
1895 1974 2156 2037 amnes;

378 2064 539 2135 Rus
575 2079 787 2150 amat,
824 2079 894 2136 et
927 2089 1149 2136 ramos
1168 2117 1187 2148 ‚
1218 2059 1439 2134 felicia
1467 2088 1668 2160 poma
1699 2059 1997 2137 ferentes.

380 2181 531 2252 Nec
557 2177 775 2278 jaculo
814 2178 1029 2275 gravis
1060 2194 1199 2264 est,
1236 2175 1352 2250 sed
1382 2175 1636 2249 adunca
1669 2175 1931 2251 dextera
1963 2177 2159 2266 salce;

384 2340 547 2412 gessit
557 2340 637 2394 lex
647 2340 976 2393 carminis.—
985 2340 1199 2391 Tuscum
1195 2340 1403 2406 flumen,

384 2417 583 2474 Albula
602 2456 616 2482 ,
635 2417 693 2470 in
705 2417 853 2484 cujus
875 2417 1094 2484 trajectu
1108 2415 1408 2468 submersus

384 2494 693 2551 Tiberinus.

454 2573 569 2626 616.
606 2575 690 2626 De
724 2592 820 2641 quo
856 2574 1098 2624 Remulus
1111 2608 1123 2621 .
1140 2610 1153 2622 .
1169 2569 1405 2623 .Acrota.

385 2651 699 2709 Secundum
725 2650 967 2715 Livium,
1005 2647 1244 2702 Tiberini
1271 2648 1410 2702 filius

382 2730 492 2783 fuit
539 2728 785 2799 Agrippa.
829 2729 958 2781 Post
1001 2744 1127 2779 eum
1170 2726 1406 2794 regnavit

384 2810 631 2860 Remulus
641 2806 833 2861 Silvius
848 2846 863 2873 ,
882 2805 970 2875 qui
991 2804 1216 2858 fulmine
1241 2804 1371 2856 ictus
1385 2843 1402 2871 ,

384 2906 616 2957 regnum
641 2886 856 2940 tradidit
881 2885 1163 2939 Aventino.
1186 2911 1251 2924 -
1271 2885 1404 2936 Ma·-

383 2969 543 3018 tutior
567 2969 736 3017 annis.
767 2961 918 3017 Basil.
942 2968 1187 3016 maturior
1203 2965 1398 3025 σηπίη·

385 3063 529 3097 unus
543 3042 782 3098 Vossian.
804 3049 956 3108 enlm·
983 3041 1233 3095 Heinsius
1255 3049 1406 3109 putat

386 3128 494 3176 evi.
520 3123 669 3193 Regii
695 3122 898 3177 codices
913 3128 1090 3184 anuh.
1119 3131 1173 3174 et
1193 3139 1316 3173 cave
1335 3138 1404 3172 ne

389 3201 514 3270 quid
533 3213 721 3256 mutes.
736 3205 902 3256 Ed.-
913 3204 1119 3255 Pose'tus
1132 3240 1146 3263 ,
1173 3210 1232 3252 ut
1245 3204 1375 3251 situs
1387 3238 1403 3261 ,

389 3281 456 3335 de
475 3282 696 3350 sepulto.

456 3359 572 3411 622.
614 3361 818 3413 Summa
837 3359 1005 3429 gentis
1021 3398 1036 3427 ,
1061 3358 1128 3412 de
1153 3358 1404 3429 imperio,

390 3437 526 3490 bene
560 3435 714 3490 habet
739 3459 754 3502 ;
787 3456 983 3489 summa
1013 3444 1205 3503 sceptri
1231 3436 1368 3490 xlll
1387 3476 1404 3502 ,

398 3514 522 3576 152;
554 3533 750 3567 summa
770 3518 895 3566 belli
911 3534 972 3566 ex
993 3515 1198 3580 Ponto,
1236 3514 1289 3566 ll
1309 3552 1324 3580 ‚
1353 3530 1403 3579 1,

392 3593 472 3660 46.
507 3591 613 3645 Sed
639 3592 894 3661 quaeritur
916 3630 931 3656 ,
961 3609 1066 3659 quo
1093 3610 1250 3644 sensu
1281 3609 1409 3658 gens

392 3672 636 3727 Palatina
652 3673 786 3727 dicta
801 3672 881 3725 sit.
898 3671 1142 3743 Micyllus
1157 3669 1373 3740 explicat
1389 3710 1407 3739 ,

395 3751 513 3821 qitae'
534 3752 669 3807 circa
695 3750 955 3804 Palatium
985 3759 1040 3803 et
1062 3768 1123 3801 ea
1147 3748 1256 3800 loca
1275 3786 1290 3813 ,
1317 3749 1409 3800 ubi

394 3837 572 3896 postea
591 3828 765 3880 Roma
787 3825 999 3880 condita
1016 3823 1119 3877 fuit
1134 3863 1149 3891 ‚
1176 3834 1291 3876 tum
1316 3823 1410 3876 ha-

394 3904 605 3971 bitabat.
634 3906 880 3974 Ineptum
902 3904 1004 3957 hoc
1024 3902 1219 3971 judicat
1237 3903 1409 3955 Hein-

396 3981 499 4036 sius
511 4022 526 4050 ,
546 3982 830 4051 quisuadet
842 4022 857 4048 ‚
873 3982 1122 4034 Palatino
1133 3986 1286 4048 rupis,
1318 3989 1408 4032 aut

395 4060 631 4113 Palatini
637 4063 786 4112 collzlc
806 4079 845 4112 s.
861 4063 1059 4111 montel«.
1074 4058 1280 4110 Verum
1297 4075 1408 4109 non

396 4135 685 4191 admodum
728 4146 915 4206 potens
953 4154 1044 4189 rex
1064 4173 1080 4201 ,
1128 4135 1220 4204 qni
1265 4136 1408 4205 rupis

393 4234 658 4270 summam
682 4215 853 4268 habet.
892 4215 1082 4283 Quum
1114 4212 1260 4267 MSS
1292 4212 1409 4267 fere

396 4312 584 4350 omnen
621 4296 892 4349 Palate'mcs
922 4291 1146 4361 habeant
1166 4329 1181 4361 ,
1221 4290 1274 4345 id
1309 4291 1407 4344 in·-

1512 2348 1658 2391 terea
1692 2338 2009 2392 servandum
2053 2341 2279 2396 arbitror
2302 2383 2317 2410 ,
2355 2345 2524 2402 donec

1504 2414 1722 2467 meliora
1749 2415 2102 2484 proferantur.
2124 2418 2283 2472 Forte
2308 2421 2407 2476 hoe
2429 2443 2522 2477 co-

1504 2511 1738 2562 gnomen
1784 2493 1997 2548 adhaesit
2040 2496 2235 2550 Procae.
2271 2526 2336 2539 -
2369 2501 2523 2573 Regii

1503 2572 1671 2626 nostri
1695 2573 1850 2625 ambo
1876 2571 2004 2626 dant
2027 2575 2297 2630 Palatinus
2319 2597 2522 2632 summe

1499 2655 1619 2721 loca
1650 2658 1819 2719 gente}
1849 2656 2098 2721 ὑψώσῃ·
2133 2654 2202 2709 ita
2240 2666 2294 2711 et
2334 2677 2521 2715 omnes

1503 2729 1589 2784 alii
1612 2731 1848 2784 codices:
1870 2732 1912 2784 si
1936 2733 2207 2786 Palatinus
2224 2754 2335 2789 non
2357 2736 2524 2793 fuerit

1502 2826 1795 2877 cognomen
1818 2808 2055 2864 additum
2072 2814 2252 2866 Procoe
2270 2854 2283 2875 ‚
2319 2818 2520 2885 optima

1502 2889 1632 2942 mihi
1664 2889 1873 2943 videtur
1903 2890 2087 2958 lectio,
2124 2886 2283 2962 quam
2323 2899 2521 2969 recepit

1502 2964 1764 3035 Gierigius
1782 3007 1797 3031 ,
1832 2978 1890 3020 ut
1914 2986 2098 3022 omnes
2120 2970 2206 3023 alii
2229 2972 2354 3026 edit.
2375 2995 2520 3028 rece-

1502 3055 1689 3113 perant
1705 3064 1766 3097 ex
1787 3046 2012 3116 Nauger.
2036 3067 2258 3117 eamque
2284 3052 2520 3122 ineptam

1502 3122 1637 3175 male
1673 3124 1978 3192 pronuntiat
2004 3125 2189 3180 Heius.
2219 3129 2307 3195 qui
2341 3129 2518 3185 forsan

1502 3200 1730 3269 ineptior
1739 3211 1837 3266 est,
1849 3201 1904 3253 in
1915 3212 1981 3273 τῷ
1992 3205 2109 3256 loca
2119 3203 2300 3258 videns
2310 3210 2521 3279 vestigia

1502 3287 1581 3332 τοῦ
1592 3281 1757 3330 collis.
1782 3276 2049 3333 Omnibus
2067 3291 2241 3333 autem
2260 3283 2522 3340 codicibus

1502 3356 1558 3410 in
1589 3357 1832 3410 eamdem
1862 3358 2142 3412 lectionem
2176 3363 2524 3431 conspiranti-

1503 3435 1627 3499 bus,
1656 3454 1774 3487 eam
1804 3436 2154 3490 revocandam
2189 3457 2392 3491 censeo.
2419 3444 2519 3496 Ed.

1502 3540 1569 3552 —
1582 3513 1689 3566 Pro
1710 3515 1946 3573 Lanam,
1977 3513 2130 3569 multi
2145 3524 2348 3568 veteres
2361 3520 2522 3572 Late·-

1502 3607 1625 3654 πως
1653 3600 1934 3656 utrumque
1962 3589 2116 3643 bene.

1570 3668 1686 3720 625.
1699 3667 1898 3727 Altera,
1918 3666 2028 3721 alia.
2047 3668 2294 3739 Nympha
2305 3689 2524 3740 operam

1504 3744 1636 3797 dans
1659 3744 1906 3797 arborum
1932 3738 2148 3799 culture
2166 3746 2302 3802 bene
2328 3749 2524 3806 descri-

1504 3822 1661 3876 bitur.
1674 3851 1740 3863 —-
1755 3826 1949 3877 Remos
1961 3864 1976 3885 ,
2003 3824 2230 3879 arbores.
2249 3854 2315 3867 -
2329 3831 2526 3883 Felicia

1495 3919 1680 3965 poma,
1710 3913 1766 3956 ut
1787 3898 1896 3967 lx,
1917 3921 1999 3975 9²·

1569 3979 1685 4031 628.
1722 3982 1910 4034 Gravis
1935 4022 1949 4043 ,
1996 3993 2219 4051 gravata.
2256 4011 2322 4024 —
2353 3987 2514 4049 Falx,

1504 4055 1672 4110 culter
1703 4058 1992 4112 vinitorum
2022 4079 2212 4115 curvus
2233 4060 2296 4114 ad
2324 4081 2522 4132 ampu-

1505 4135 1689 4188 tandas
1710 4135 1942 4190 frondes.
1967 4163 2035 4179 —·
2058 4142 2164 4191 Nec
2177 4140 2364 4206 jaculo
2388 4162 2522 4210 gra-

1505 4220 1584 4272 ris
1595 4225 1692 4269 etc.
1703 4215 1814 4270 Nec
1829 4215 2009 4270 dextra
2026 4218 2278 4273 Pomone
2292 4221 2521 4288 jaculum

1507 4301 1697 4361 gestau
1722 4292 1813 4351 ted
1838 4291 2027 4367 falcem
2044 4334 2059 4362 ‚
2086 4314 2188 4365 qua
2205 4296 2525 4353 luxuriantes
