3185 5138
695 576 828 660 [426

1259 578 1340 643 P.
1390 576 1752 645 OVIDII
1796 577 2254 646 NASONIS

695 715 953 802 Mittin
989 731 1057 789 et
1089 732 1417 789 extremus
1453 716 1753 817 quamvis
1787 714 2085 819 pervenit
2111 717 2192 791 ad
2226 715 2414 792 illum

693 828 1004 926 Angulus
1040 861 1076 906 e
1111 860 1304 919 saxo,
1342 850 1557 907 totum
1597 852 1810 908 tamen
1848 833 2080 906 obruit
2110 832 2306 906 Acin.

695 948 789 1019 At
822 976 948 1021 nos
968 1004 986 1035 ‚
1025 949 1206 1049 quod
1236 948 1452 1024 solum
1488 949 1630 1023 fieri
1661 979 1783 1052 per
1816 950 1950 1024 fata
1982 949 2264 1038 licebat,

2736 972 2838 1026 885

696 1062 1037 1152 Fecimus,
1071 1083 1148 1139 ut
1180 1065 1351 1140 vires
1385 1065 1760 1141 adsumeret
1787 1067 1947 1141 Acis
1983 1067 2207 1141 avitas.

696 1180 1044 1254 Poeniceus
1084 1181 1164 1255 de
1196 1180 1371 1256 mole
1403 1211 1600 1256 cruor
1631 1181 1980 1270 manabat,
2015 1200 2084 1256 et
2115 1181 2291 1255 intra

695 1297 1048 1398 Temporis
1083 1298 1393 1395 exiguum
1431 1297 1641 1372 rubor
1674 1327 2056 1374 evanescere
2089 1297 2332 1398 coepit3

696 1413 938 1514 Fitque
974 1413 1161 1489 color
1192 1416 1409 1516 primo
1448 1414 1697 1490 turbati
1733 1413 2023 1489 fluminis
2051 1413 2303 1501 imbre,

698 1529 1166 1630 Purgaturque
1201 1558 1384 1603 mora
1419 1558 1434 1603 ε
1466 1547 1609 1604 tum
1643 1528 1853 1604 moles
1884 1528 2090 1602 fracta
2124 1527 2442 1616 dehiscit,

2712 1551 2818 1621 890

699 1646 999 1746 Vivaque
1031 1675 1151 1748 per
1181 1647 1414 1734 rimas,
1451 1664 1934 1748 properataque
1972 1644 2186 1740 surgit
2216 1642 2468 1717 arundo
2488 1699 2507 1732 ‚

703 1763 935 1862 Osque
975 1791 1205 1836 cavum
1237 1763 1376 1835 saxi
1412 1780 1605 1836 sonat
1639 1760 2128 1836 exsultantibus
2160 1757 2358 1832 undis
2388 1788 2404 1832 ε

701 1879 1010 1980 Miraque
1041 1881 1178 1953 res!
1213 1879 1441 1954 subito
1470 1877 1688 1953 media
1723 1895 1916 1954 tenus
1952 1874 2205 1952 exstitit
2234 1874 2378 1950 alvo

708 1998 1049 2070 Incinctus
1080 1997 1335 2095 juvenis
1369 1996 1554 2071 flexis
1586 2025 1760 2071 nova
1794 2025 2044 2071 cornua
2081 1994 2341 2082 cannis;

703 2167 848 2237 ῥέξας
890 2171 1083 2237 κορυῖἢυ
1124 2170 1240 2239 ἔρως
1272 2164 1502 2230 μεγάλης.
1536 2189 1607 2202 —
1655 2162 1730 2214 Ut

701 2246 836 2292 vites
876 2244 1158 2293 adsumere!
1192 2244 1362 2294 avitas
1378 2281 1392 2303 ‚
1439 2250 1498 2293 ut
1534 2239 1726 2293 fluvius

705 2317 858 2370 fieret
871 2358 887 2385 ‚
912 2317 1360 2387 quemadmodum
1377 2338 1501 2372 avus
1518 2318 1726 2391 Symae-

706 2397 843 2450 thus.
886 2401 1029 2451 Vites
1071 2396 1379 2450 fluminibus
1419 2397 1727 2449 tribuuntur

704 2477 865 2529 etiam
881 2478 905 2531 1
921 2515 936 2541 ‚
964 2480 1090 2547 278:
1111 2487 1165 2530 et
1185 2480 1451 2530 adsumere
1470 2477 1542 2531 sic
1563 2477 1726 2530 etiam

707 2565 786 2608 est
808 2555 919 2621 XI,
952 2556 1074 2629 7893
1104 2556 1247 2623 XII,
1277 2577 1318 2608 ι.

772 2635 884 2703 887.
929 2637 1194 2688 paam-us
1221 2672 1232 2685 .
1261 2672 1275 2686 .
1300 2675 1312 2687 .
1339 2654 1495 2688 mora.
1533 2632 1727 2688 Putida

705 2710 820 2765 haec
835 2711 1099 2781 diligentia
1116 2711 1401 2766 condonari
1418 2722 1588 2781 potest
1612 2730 1727 2780 gar·

709 2789 905 2842 rulitati
929 2790 1114 2858 puellae
1137 2829 1152 2855 ,
1196 2789 1371 2843 Acidis
1404 2789 1484 2842 sui
1522 2788 1727 2841 obitum

709 2867 1183 2920 narrantis—Mox
1200 2871 1356 2920 moles
1367 2868 1520 2934 jacta
1543 2867 1729 2920 Heius.

707 2944 844 2997 male
863 2944 1081 2998 illustrat
1105 2965 1167 2997 ex
1186 2945 1300 3011 illo,
1314 2945 1482 3013 siecle}
1502 2950 1556 2997 in
1570 2946 1730 2996 altum

707 3025 950 3081 molibus,
986 3021 1128 3092 quod
1160 3039 1293 3091 sepe
1329 3020 1468 3091 apud
1493 3033 1730 3077 auctores

708 3118 956 3153 romanos
977 3099 1217 3154 occurrit.
1246 3100 1364 3152 lmo
1381 3140 1395 3166 ,
1417 3100 1552 3169 jacta
1572 3120 1602 3153 a
1622 3102 1733 3155 Po-

707 3180 958 3250 lyphemo
971 3220 987 3247 ‚
1006 3191 1065 3234 ut
1084 3191 1224 3234 recte
1238 3179 1531 3235 Glareanus
1547 3192 1600 3234 et
1624 3183 1732 3235 Mi-

707 3257 885 3331 cyllus.
925 3260 1093 3329 Magis
1125 3269 1300 3312 tamen
1346 3258 1552 3328 placet,
1587 3260 1732 3329 quod

707 3335 1068 3407 duodeviginti
1107 3336 1253 3390 MSS
1294 3335 1489 3390 babent
1517 3376 1532 3403 ,
1577 3341 1734 3392 moles

695 3417 878 3486 fracta
905 3418 1124 3469 delatuit
1143 3435 1171 3468 e
1191 3413 1431 3469 familiari
1454 3414 1539 3467 illa
1564 3416 1733 3484 poetis

709 3506 764 3549 et
800 3496 1026 3566 eleganti
1066 3495 1253 3565 copia;
1293 3494 1366 3549 sic
1400 3495 1543 3561 ΧΠ,
1594 3496 1691 3561 488
1715 3536 1730 3564 ,

699 3576 882 3642 stacta
908 3577 1140 3627 dmum?
1165 3594 1181 3625 .·
1206 3574 1354 3643 virg.
1388 3573 1584 3644 Georg.
1618 3574 1697 3626 lv
1716 3613 1731 3639 ,

712 3659 813 3719 4ιο
828 3694 844 3722 ,
867 3660 923 3707 e'ae
938 3675 1101 3723 aquas
1121 3664 1294 3708 tenues
1308 3658 1541 3722 dilapsus
1557 3657 1734 3707 abiba.

713 3733 834 3786 Hoc
847 3733 1010 3803 igitur
1032 3733 1338 3802 recepimus.
1351 3761 1417 3773 —-
1436 3732 1563 3786 Duo
1581 3732 1735 3802 Regii

712 3812 877 3866 nostri
901 3811 1097 3866 habent
1119 3821 1260 3865 tacta
1278 3853 1292 3873 ,
1317 3811 1458 3881 quod
1481 3812 1534 3864 in
1551 3810 1724 3881 pleris-

713 3911 815 3961 que
840 3890 988 3945 MSS
1014 3890 1203 3961 legitur
1219 3931 1233 3959 ,
1257 3902 1311 3945 et
1333 3891 1398 3945 de
1424 3910 1529 3960 quo
1560 3902 1730 3945 tacere

712 3970 1011 4041 Gierigium
1038 3971 1236 4024 miror:
1262 3989 1370 4025 non
1396 3969 1533 4022 mala
1554 3980 1734 4022 tamen

710 4060 790 4102 est
810 4069 872 4102 ea
894 4049 1050 4104 lectio
1066 4089 1081 4115 ,
1108 4060 1162 4103 et
1184 4053 1234 4103 τὶ
1246 4059 1410 4103 tacta.
1444 4048 1548 4101 scil.
1569 4066 1698 4100 ame
1717 4084 1732 4112 ,

719 4126 1063 4181 referendum
1097 4138 1174 4181 est
1208 4126 1274 4180 ad
1304 4146 1365 4180 ea
1389 4144 1505 4194 quae
1530 4143 1735 4194 praece-

713 4203 882 4270 dunt,
916 4207 995 4257 At
1021 4226 1117 4259 nos
1132 4247 1146 4267 ,
1183 4208 1317 4274 quod
1338 4206 1635 4273 solaemfien‘
1645 4222 1741 4272 per

699 4283 827 4349 sata
851 4286 1037 4336 licebas
1052 4325 1066 4345 ‚
1100 4286 1367 4336 Fecimus.-
1404 4293 1658 4351 preterea
1693 4282 1736 4335 si

713 4374 1016 4418 nostrorum
1033 4363 1277 4419 codicum
1292 4362 1574 4418 lectionem
1592 4362 1737 4417 resti·

1820 2173 1972 2216 tuere
1995 2160 2128 2214 nolit
2152 2160 2318 2214 lector
2335 2197 2350 2224 ,
2378 2158 2559 2225 sraela
2580 2168 2838 2229 praestan-

1826 2241 1929 2295 tius
1949 2278 1964 2306 ,
1997 2258 2155 2309 quam
2160 2239 2316 2306 jacta
2333 2236 2555 2290 videtur.
2577 2239 2679 2290 Ed.

1888 2319 1978 2390 891
1989 2356 2001 2368 .
2015 2320 2381 2385 Proper-utaque
2394 2356 2405 2367 .
2421 2356 2433 2368 .
2448 2353 2458 2362 .
2474 2318 2681 2368 arundo.
2698 2313 2841 2383 Quia

1823 2395 2110 2450 fluviorum
2133 2413 2225 2446 ora
2250 2392 2508 2446 arundine
2538 2392 2647 2445 sere
2676 2394 2840 2446 cincta

1824 2493 1934 2529 esse
1953 2473 2150 2539 solent,
2173 2471 2297 2526 hinc
2317 2472 2473 2525 etiam
2496 2490 2685 2525 eorum
2703 2472 2842 2524 smn-

1827 2563 1903 2609 tes
1927 2553 1982 2607 in
2008 2552 2371 2606 monumentis
2396 2562 2450 2611 et
2479 2549 2621 2621 apud
2642 2561 2840 2621 poetas:

1826 2635 1944 2687 Art.
1975 2633 2151 2686 Amat.
2169 2633 2193 2686 1
2213 2672 2227 2698 ‚
2257 2652 2353 2685 aaa
2377 2653 2391 2696 ;
2416 2631 2535 2685 vide
2560 2642 2614 2686 et
2642 2630 2705 2684 ad
2734 2631 2839 2697 lx,

1826 2715 1873 2767 3.
1899 2712 2006 2767 Sed
2026 2732 2119 2781 pro
2132 2729 2456 2780 proceraque,
2476 2721 2632 2765 tueor
2652 2711 2838 2780 vulgat.

1814 2799 2175 2860 properataque
2194 2829 2210 2853 ,
2252 2787 2306 2859 id
2342 2800 2419 2842 est
2444 2828 2459 2854 ,
2502 2799 2844 2859 properanter

1826 2881 1980 2934 nata,
2012 2878 2071 2920 ut
2098 2868 2150 2920 11
2180 2886 2241 2920 ex
2264 2868 2439 2921 Ponto
2459 2906 2474 2933 ,
2502 2883 2561 2919 x1
2581 2908 2597 2935 ‚
2634 2887 2654 2919 1
2678 2905 2694 2933 ,
2723 2886 2846 2933 pm-

1819 2959 2050 3018 peralum
2074 2959 2286 3017 tempore
2307 2951 2444 3003 breui
2457 2968 2582 3015 opus
2606 2964 2622 2995 ··
2643 2947 2757 3000 vide
2779 2946 2842 3000 ad

1828 3031 1879 3083 X
1897 3070 1911 3096 ‚
1944 3031 2024 3083 31.
2052 3028 2192 3082 Alibi
2216 3028 2326 3082 sere
2344 3033 2542 3081 subitas
2565 3027 2632 3081 de
2658 3045 2847 3097 corpo-

1826 3110 1973 3163 ribus
1998 3108 2403 3169 transformatis3
2424 3109 2495 3174 V,
2520 3106 2619 3160 550
2635 3146 2650 3173 ,
2665 3108 2845 3159 subiit}

1812 3190 2089 3256 flavescere
2100 3192 2322 3255 penn1255
2360 3186 2438 3239 XI
2455 3225 2470 3251 ,
2504 3186 2596 3252 341
2622 3224 2638 3250 ‚
2666 3187 2846 3237 subite&

1821 3266 2116 3331 pendentem
2138 3267 2345 3316 sustuli!
2364 3266 2484 3315 alis:
2498 3289 2568 3302 —
2584 3260 2736 3329 Regii
2759 3278 2844 3313 co·

1828 3337 1967 3391 dices
1989 3338 2183 3393 habent
2197 3357 2440 3407 proceru
2460 3345 2730 3405 properata
2751 3355 2847 3389 au-

1830 3428 1938 3472 tem
1972 3419 2136 3488 magis
2163 3419 2329 3489 placet
2344 3458 2360 3485 ‚
2385 3427 2602 3488 propter
2621 3416 2843 3471 suhitam

1831 3497 2361 3554 transformationem.
2392 3499 2493 3550 Ed.

1896 3579 2009 3650 892.
2039 3578 2205 3645 Osque
2225 3596 2401 3631 cavum
2427 3581 2554 3629 sau·
2575 3585 2674 3630 etc.
2704 3571 2845 3641 Qui-

1832 3655 1953 3708 dam
1986 3658 2147 3717 κατα,
2176 3654 2316 3723 quod
2344 3654 2575 3725 placebat
2608 3650 2846 3708 Heinsio.

1828 3732 2033 3787 -Cod.
2058 3733 2255 3803 Regius
2274 3735 2324 3787 A
2345 3733 2431 3786 dat
2446 3739 2592 3786 sam
2606 3774 2620 3792 .
2649 3733 2796 3785 litera
2815 3750 2844 3784 s

1830 3822 1973 3865 certe
2008 3810 2340 3875 abundante;
2377 3811 2536 3864 codex
2560 3811 2606 3863 B
2630 3816 2843 3862 sati.—

1831 3893 1981 3947 Bona
2006 3893 2397 3963 prorumpentis
2413 3911 2440 3944 e
2457 3910 2678 3945 caverna
2699 3890 2845 3943 fluvii

1833 3971 2113 4041 descriptio
2136 3990 2149 4023 z
2171 3974 2423 4023 exsultare
2443 3978 2501 4021 ut
2528 3967 2612 4022 hic
2636 3968 2700 4021 de
2722 3988 2845 4038 pro-

1832 4060 2116 4121 rumpente
2138 4089 2153 4115 ,
2190 4049 2261 4103 sic
2283 4048 2393 4102 Vll
2412 4088 2427 4114 ,
2467 4046 2562 4100 263
2582 4088 2596 4114 ‚
2637 4046 2700 4099 de
2725 4046 2841 4099 fer-

1833 4138 1990 4181 vente
2026 4146 2174 4196 aqua.
2192 4155 2259 4167 —
2279 4128 2501 4179 Etste‘tit
2529 4135 2586 4178 ut
2616 4126 2704 4191 11,
2739 4125 2849 4190 264.

1834 4232 1903 4248 ·-
1926 4205 2011 4259 De
2057 4209 2287 4259 comibus
2319 4203 2603 4256 fluviorum
2631 4202 2850 4255 diximus

1838 4284 1901 4338 ad
1924 4285 2001 4338 lx
2014 4322 2029 4349 ,
2061 4303 2101 4338 ι.
2118 4311 2186 4323 -
2202 4283 2308 4336 Pro
2312 4286 2474 4351 stes-is
2490 4323 2502 4343 .
2523 4281 2708 4335 Heius.
2723 4299 2852 4334 con-

1836 4364 1949 4433 iicit
1963 4367 2158 4434 plexas,
2193 4361 2332 4433 quod
2365 4380 2489 4421 sane
2525 4360 2853 4417 usitatius.—
