3185 5138
621 551 1661 667 METAMORPHOSEON
1719 556 1915 624 LIB.
1974 561 2141 627 XV.

2325 563 2451 629 521

315 692 665 794 Quodque
696 695 906 791 magis
941 696 1223 786 mirum,
1262 715 1418 771 sunt
1455 697 1571 798 qui
1606 723 1743 771 non
1779 726 2059 799 corpora
2093 720 2350 777 tantum
2372 760 2391 794 ,

312 816 572 888 Verum
607 814 865 889 animos
899 815 1095 889 etiam
1126 814 1388 889 valeant
1417 833 1710 903 mutare,
1753 814 2070 917 liquores.

316 931 455 1005 Cui
488 959 630 1004 non
664 931 888 1005 audita
922 949 1024 1005 est
1060 933 1388 1007 obscoenae
1420 930 1734 1006 Salmacis
1770 934 2010 1008 undae?

312 1044 816 1146 AEthiopesque
849 1043 1085 1121 lacus?
1122 1075 1295 1147 quos
1327 1046 1384 1120 si
1422 1045 1571 1147 quis
1601 1047 1906 1123 faucibus
1939 1049 2199 1140 hausit,
2225 1103 2229 1114 ‚

2365 1075 2469 1128 320

312 1165 467 1237 Aut
502 1161 700 1251 furit,
735 1179 851 1236 aut
879 1162 1119 1237 mirum
1153 1164 1408 1264 patitur
1442 1162 1757 1258 gravitate
1790 1191 2123 1264 soporem.

318 1275 610 1351 Clitorio
646 1277 1047 1378 quicumque
1081 1277 1259 1352 sitim
1294 1277 1375 1352 de
1406 1276 1590 1351 fonte
1627 1277 1889 1367 levarit,

314 1393 500 1465 Vina
539 1393 752 1487 fugit,
787 1392 1159 1495 gaudetque
1190 1394 1388 1468 meris
1423 1394 1785 1470 abstemius
1816 1395 2053 1485 undis;

319 1509 457 1580 Seu
490 1507 590 1580 vis
619 1525 721 1595 est
750 1509 822 1581 in
859 1538 1031 1609 aqua
1061 1508 1275 1584 calido
1310 1510 1638 1586 contraria
1668 1509 1825 1584 vino
1850 1565 1869 1599 ,

319 1621 479 1695 Sive
499 1679 517 1711 ‚
562 1623 745 1725 quod
779 1623 1105 1719 indigenae
1139 1616 1546 1717 memorant,
1590 1627 1998 1704 Amitbaone
2030 1648 2226 1705 natus
2251 1689 2268 1722 ,
2351 1609 2466 1706 χ325

315 1742 657 1816 Proetidas
691 1742 1025 1819 adtonitas
1050 1763 1404 1847 postquam
1430 1773 1551 1846 per
1577 1771 1836 1820 carmen
1872 1764 1940 1821 et
1968 1746 2211 1823 herbas

318 1857 599 1959 Eripuit
632 1857 822 1933 furiis
845 1915 863 1947 ,
900 1862 1296 1960 purgamina
1329 1862 1569 1935 mentis
1603 1861 1673 1935 in
1706 1859 1855 1936 illas

318 1976 524 2051 Misit
557 2005 760 2078 aquas
792 2008 807 2050 ε
842 1978 1202 2081 odiumque
1236 1979 1401 2054 meri
1432 1981 1797 2082 permansit
1827 1980 1899 2054 in
1931 1983 2148 2057 undis.

318 2096 505 2169 Huic
538 2095 688 2170 ssuit
715 2095 956 2171 effectu
992 2097 1220 2199 dispar
1252 2097 1645 2198 Lyncestius
1676 2097 1923 2186 amnis;

320 2212 551 2308 Quem
588 2212 987 2312 quicumque
1020 2240 1255 2313 parum
1288 2212 1632 2287 moderato
1672 2229 1940 2307 gutture
1978 2212 2177 2287 traxit
2200 2271 2219 2302 ‚

2286 2285 2290 2289 ,
2367 2236 2471 2290 330

317 2328 529 2404 Haud
556 2326 747 2402 aliter
778 2328 1030 2402 titubat
1056 2386 1074 2419 ,
1112 2356 1310 2430 quam
1345 2329 1401 2403 si
1435 2358 1614 2404 mera
1647 2328 1799 2404 vina
1833 2327 2137 2403 bibisset.
2459 2340 2476 2370 ⁴

321 2535 511 2573 mann.
526 2526 706 2569 tamen
724 2535 785 2569 ex
799 2535 909 2569 uno
920 2514 1115 2569 Medic.
1132 2515 1316 2571 suadet
1332 2556 1350 2585 ,

321 2608 377 2651 et
397 2599 482 2649 hic
503 2597 712 2666 Sybaris
729 2635 742 2657 ‚
773 2606 834 2648 ut
856 2593 1000 2663 quasi
1025 2594 1353 2649 demonstret

320 2674 560 2728 vicinum
586 2672 840 2735 fluvium3
866 2671 1114 2742 idemque
1139 2691 1201 2725 ex
1224 2673 1352 2726 Sal-

322 2751 479 2807 masii
499 2751 798 2804 Exercitatt.
815 2750 952 2804 Plin.
965 2771 1015 2820 p.
1035 2754 1132 2817 540
1143 2789 1158 2815 ,
1173 2760 1349 2818 notat,

323 2844 389 2886 ut
414 2831 499 2885 bic
523 2836 707 2885 electro
728 2835 921 2885 similes
938 2872 952 2893 ,
978 2829 1052 2883 ita
1079 2832 1354 2885 Neronem

324 2912 573 2980 Poppaeae
595 2909 766 2963 crines
780 2914 1013 2962 succinos
1026 2908 1321 2979 appellasse.

395 2989 510 3042 318.
534 2991 714 3042 Verum
731 2992 930 3040 ane‘mos
948 2992 1117 3041 ctiam.
1133 2985 1355 3040 Leiden-

323 3065 396 3120 sis
420 3075 474 3119 et
498 3075 604 3119 tres
636 3064 719 3117 alii
752 3068 931 3120 Verum
964 3070 1162 3117 animos
1192 3067 1356 3116 homi-

325 3165 449 3199 num
474 3160 493 3208 ‚⁶
545 3147 723 3197 Verum
761 3148 915 3196 etiam
951 3162 1110 3196 mores
1140 3152 1361 3211 possunt

327 3231 525 3276 mutare
558 3241 697 3276 unus
736 3221 934 3275 Moreti
964 3243 978 3284 ς
1016 3218 1169 3291 Regii
1202 3221 1357 3273 ambo

328 3298 464 3353 nihil
488 3309 711 3353 mutant.
726 3300 882 3352 —De
900 3299 1049 3353 sonte
1073 3301 1359 3353 Salmaceue

328 3377 451 3430 vide
471 3395 627 3446 supra
652 3378 760 3443 lv,
785 3378 898 3431 285.

399 3454 514 3505 322.
557 3455 797 3507 clitorius
831 3452 951 3506 sons
994 3454 1138 3521 juxta
1175 3453 1358 3508 Clito-

330 3530 474 3586 rium
494 3569 510 3597 ,
537 3531 725 3583 urbem
742 3529 1013 3594 Arcadiam
1044 3532 1324 3587 Pausanias
1340 3573 1355 3601 ,

332 3608 509 3677 vm,
532 3627 645 3678 cap.
666 3630 744 3661 αι.
783 3607 866 3662 De
893 3610 1006 3678 ejus
1034 3620 1221 3663 natura
1250 3611 1360 3665 Pli-

336 3689 459 3743 nius
483 3729 500 3756 ‚
545 3689 679 3743 xxl
701 3728 715 3754 ,
745 3709 773 3740 2
797 3708 810 3742 :
836 3710 862 3733 κ
890 3690 1069 3742 Varro
1097 3688 1283 3744 tradit.
1310 3729 1323 3743 .
1346 3730 1360 3744 .

334 3790 365 3817 κ
392 3767 575 3821 vinum
613 3766 768 3821 taedio
803 3766 983 3821 venire
1009 3766 1090 3821 his
1115 3807 1130 3835 ,
1175 3768 1265 3837 qui
1299 3788 1361 3821 ex

334 3867 365 3895 »ι
397 3845 622 3899 Clitorio
638 3845 750 3898 lacu
764 3844 1009 3899 biberint.
1029 3846 1097 3900 At
1112 3846 1362 3901 Eudoxus

332 3944 366 3971 ι»
393 3933 447 3976 et
462 3924 839 3994 Theopompus
860 3924 1108 3978 inebriari
1126 3925 1361 3980 sontibus

335 4022 365 4048 ν
394 4000 484 4068 iis,
516 4022 645 4071 quos
670 4001 907 4057 diximus.
928 4026 955 4049 ›-
982 4002 1144 4058 Conf.
1175 4005 1362 4059 Vitru-

332 4077 452 4133 vius
471 4119 486 4147 ,
519 4080 655 4136 Vlll
676 4121 692 4147 ‚
723 4083 789 4143 3;
828 4081 1015 4135 Sotion
1044 4083 1097 4136 in
1128 4083 1365 4138 Parado-

335 4156 694 4227 xologomenis
710 4157 775 4211 de
794 4158 1122 4223 Fluminibus
1138 4201 1153 4228 ,
1167 4171 1221 4214 et
1238 4160 1364 4233 Ety-

334 4235 462 4291 mol.
498 4238 576 4292 M.
609 4236 665 4290 in
697 4242 948 4314 Κλιτὸμον.
973 4266 1040 4278 -
1065 4240 1170 4293 Pro
1194 4242 1365 4295 calido

335 4320 457 4370 vino
468 4357 486 4385 ,
511 4334 649 4370 unus
668 4315 869 4371 Moreti
887 4321 1059 4373 valido
1081 4323 1219 4374 veho.

1516 2518 1631 2573 325.
1667 2520 1909 2572 Proete'aeks
1924 2557 1937 2580 ‚
1965 2516 2131 2573 Proeti
2155 2516 2258 2585 (de
2278 2538 2381 2589 quo
2397 2519 2470 2588 V,

1451 2598 1550 2651 236
1576 2599 1596 2663 )
1643 2597 1763 2651 filiae
1791 2638 1807 2666 ,
1845 2598 2070 2671 Lysippe
2099 2638 2115 2666 ‚
2159 2598 2381 2669 Iphinoe
2418 2610 2473 2654 et

1452 2672 1752 2745 Iphianassa
1768 2714 1784 2742 ,
1812 2680 2051 2729 adtonito
2068 2717 2081 2739 ‚
2118 2675 2336 2731 infamia
2358 2697 2476 2732 cor-

1449 2761 1616 2822 reptoe
1634 2791 1650 2819 ,
1668 2771 1835 2820 quum
1856 2772 1952 2823 per
1974 2753 2291 2823 Argivorum
2312 2755 2475 2810 Arca-

1451 2826 1686 2899 dumque
1705 2828 1837 2888 fines
1861 2830 1951 2883 diu
1967 2842 2258 2900 errassent,
2296 2851 2326 2885 a
2349 2832 2475 2887 Me-

1451 2903 1625 2975 lampo
1644 2945 1659 2973 ,
1693 2908 2020 2963 Amilbaonels
2036 2909 2146 2963 filio
2163 2950 2179 2977 ‚
2209 2921 2327 2965 vate
2349 2951 2364 2978 ,
2389 2931 2475 2967 sa-

1451 2994 1589 3037 natae
1613 2995 1738 3037 sunt
1760 2988 1950 3048 herbis,
1980 2988 2211 3043 elleboro
2234 2989 2475 3059 inprimis

1451 3060 1576 3116 inde
1595 3061 2014 3133 Melampodium
2039 3066 2211 3133 dicto;
2245 3068 2476 3137 Apollo·-

1454 3136 1646 3207 dorus,
1680 3140 1768 3207 11,
1796 3158 1843 3193 11
1862 3181 1878 3207 ‚
1913 3163 1972 3205 23
2013 3143 2249 3210 Plinius,
2277 3146 2473 3213 XXV,

1454 3233 1533 3268 αι.
1553 3215 1638 3269 De
1661 3218 1856 3287 templo
1874 3218 1927 3270 in
1947 3220 2062 3285 eius
2075 3220 2151 3272 rei
2164 3222 2477 3275 memoriam

1452 3292 1537 3345 vel
1561 3292 1803 3361 sanent,
1825 3297 1905 3349 vel
1930 3296 2145 3363 Dianoe,
2173 3296 2254 3351 vel
2282 3297 2477 3355 Gratiis

1453 3373 1624 3440 posito
1638 3373 1756 3426 vide
1773 3375 2116 3442 Pausaniam,
2136 3377 2219 3442 11,
2251 3397 2334 3441 ης
2360 3377 2480 3432 He·-

1452 3451 1692 3523 sychium
1717 3454 1773 3505 in
1796 3444 2168 3529 ᾼίρουχεῒ.-Ιπ
2190 3460 2314 3509 illas
2333 3459 2484 3512 Misit

1453 3551 1631 3601 aquas.
1647 3534 1916 3587 Palatinus
1930 3533 2188 3589 secundus
2205 3546 2259 3590 et
2275 3548 2379 3591 tres
2396 3536 2482 3591 alii

1454 3616 1510 3663 iu
1529 3613 1653 3664 illas
1675 3612 1858 3665 Mersit
1881 3632 2060 3680 aquas.

1523 3687 1638 3758 329.
1655 3690 1954 3760 Lyncestius
1967 3697 2133 3745 amnis
2148 3693 2210 3747 ad
2227 3693 2483 3766 oppidum

1459 3768 1687 3838 Lyncum
1706 3768 1762 3820 in
1782 3769 1961 3837 Epiro,
1980 3772 2128 3839 cujus
2142 3772 2324 3826 incola
2341 3776 2484 3843 Lyn-

1457 3855 1606 3899 cestae
1619 3863 1640 3909 ,·
1667 3845 1897 3914 Plinius,
1918 3850 2003 3915 11,
2029 3852 2120 3905 103
2140 3870 2153 3904 ι
2172 3873 2197 3896 «ε
2217 3851 2483 3925 Lyncestis

1460 3946 1489 3972 κ
1519 3944 1680 3997 aqua,
1719 3945 1835 3994 quae
1859 3939 2075 3981 vocatur
2097 3928 2337 3996 acidula,
2370 3928 2482 3982 vini

1460 4022 1490 4049 π
1518 4002 1681 4056 modo
1702 4004 2046 4059 tremulentos
2069 4006 2258 4061 reddit.
2275 4030 2302 4054 υ
2323 4005 2484 4060 Cous.

1460 4079 1735 4134 Vitruvius
1764 4120 1779 4148 ,
1819 4082 1896 4136 Vl
1904 4084 1957 4137 11
1977 4124 1992 4150 ,
2034 4085 2066 4137 3
2086 4105 2100 4150 ς
2144 4084 2447 4141 Aristoteles
2465 4125 2482 4153 ,

1463 4158 1692 4213 Meteor.
1711 4161 1765 4215 ll
1786 4201 1801 4229 ,
1821 4163 1881 4228 33
1902 4163 2090 4217 Sotion
2109 4164 2164 4217 in
2179 4163 2481 4219 Paradoxol.

1462 4240 1528 4295 de
1544 4241 1717 4295 Flum.
1735 4261 1849 4312 pag.
1882 4247 2006 4313 1253
2036 4243 2391 4303 Tertullianus
2414 4245 2482 4304 de

1463 4320 1692 4389 Anima,
1721 4341 1830 4393 cap.
1857 4325 1935 4378 So.
