3185 5138
604 543 1668 613 METAMORPHOSEON
1717 547 1916 614 LIB.
1971 548 2202 616 VIII.
2389 548 2495 616 13'

337 716 375 749 »
416 682 563 780 Qui
593 701 657 757 te
685 683 1077 785 progenuit,
1117 702 1345 758 taurus
1373 684 1522 758 suit.
1561 686 1767 782 Exige
1801 715 2031 788 poenas
2058 745 2077 777 ,

2377 713 2468 761 125

338 835 376 866 »
414 801 572 875 Nise
607 818 797 901 pater
826 830 840 873 :
872 799 1148 895 gaudete
1180 799 1370 875 malis
1404 802 1609 875 modo
1641 802 1909 903 prodita
1934 804 2179 879 uostris

339 950 377 981 n
418 916 674 990 Mumia
702 946 717 989 :
752 945 909 990 nam
938 915 1187 1005 fateor,
1222 917 1473 1005 merui;
1510 934 1577 991 et
1602 946 1755 992 sum
1789 918 1989 1014 digna
2022 920 2256 1020 perire.

344 1065 380 1095 »
422 1031 536 1104 Me
575 1048 795 1106 tamen
831 1060 909 1105 ex
940 1030 1073 1107 illis
1108 1031 1386 1133 aliquis»,
1428 1061 1600 1132 quos
1636 1033 1840 1133 impia
1875 1031 2010 1106 laesi
2033 1089 2051 1121 ,

344 1182 380 1213 »
420 1149 536 1222 Me
567 1149 850 1248 perimat
879 1180 893 1221 :
926 1178 1081 1237 cur,
1120 1149 1236 1250 qui
1270 1148 1484 1223 vicisti
1516 1148 1786 1223 crimine
1820 1168 2092 1239 nostro,

345 1298 382 1329 »
420 1265 797 1366 Insequeris
831 1265 1131 1339 crimen?
1162 1263 1376 1339 scelus
1404 1265 1533 1339 hoc
1564 1266 1955 1366 patriaeque,
1985 1267 2326 1367 patrique,
2381 1292 2472 1343 130

344 1414 380 1445 »
423 1380 740 1457 Officium
773 1381 896 1456 tibi
932 1381 1020 1456 sit
1050 1412 1065 1455 :
1098 1400 1160 1455 te
1196 1410 1343 1457 vere
1375 1383 1657 1481 conjuge
1695 1381 1897 1477 digna
1930 1399 2067 1469 est,

342 1528 379 1559 »
420 1496 590 1592 Quae
626 1513 883 1570 torvum
916 1495 1098 1592 ligno
1139 1497 1396 1597 decepit
1430 1495 1728 1570 adultera
1765 1514 2069 1584 taurum3

344 1645 381 1676 »
419 1612 943 1713 Discordemque
978 1630 1170 1687 utero
1205 1612 1438 1687 soetum
1478 1612 1675 1687 tulit:
1708 1612 1946 1713 ecquid
1982 1612 2064 1686 ad
2093 1642 2283 1688 aures

343 1768 381 1800 »
418 1735 820 1808 Perveniunt
852 1764 995 1809 mea
1031 1735 1205 1809 dicta
1239 1738 1430 1811 tuas?
1463 1765 1547 1810 an
1580 1735 1801 1809 inania
1831 1737 2009 1811 venti

344 1892 380 1923 »
419 1860 643 1933 Verba
680 1860 942 1948 ferunt3
983 1861 1288 1965 idemque
1323 1879 1468 1935 tuas
1490 1916 1509 1948 ,
1540 1861 1793 1956 ingrate
1818 1917 1837 1950 ‚
1876 1861 2184 1935 carinas?
2382 1885 2472 1937 135

344 2016 383 2048 υ
420 1984 569 2056 Jam
592 1982 728 2081 jam
756 1982 1130 2084 Pasiphaen
1160 2012 1300 2057 non
1334 2002 1434 2057 est
1468 1982 1770 2056 mirabile
1808 2000 2067 2056 taurum

344 2191 708 2259 opponebatur
758 2195 976 2259 imagini
1005 2196 1154 2246 lauri.
1206 2193 1355 2245 Bur-

342 2287 573 2321 mannus
596 2268 812 2322 dederat
831 2268 981 2335 serus
1018 2290 1034 2322 .·
1069 2269 1209 2339 quod
1241 2289 1358 2322 am-

341 2348 412 2401 bo
434 2346 601 2400 nostri
637 2347 788 2417 Regii
814 2347 1044 2413 habent;
1081 2348 1172 2402 sed
1197 2348 1355 2401 malui

340 2445 530 2489 merus,
557 2436 773 2495 propter
795 2435 1042 2479 metrum.
1068 2429 1167 2478 Ed.

412 2506 521 2557 130.
563 2506 844 2573 Insequere‘s
862 2546 876 2567 ,
910 2505 1176 2559 insectaris
1192 2543 1208 2572 ,
1245 2524 1354 2559 non

342 2582 494 2635 obvia
516 2582 660 2635 verbi
684 2582 1059 2651 significatione
1088 2621 1103 2648 ‚
1139 2592 1357 2635 notante

340 2661 671 2713 Burmanno.
698 2659 834 2712 Vide
867 2679 962 2712 nos
988 2659 1051 2712 ad
1080 2660 1313 2713 Plinium
1342 2701 1358 2729 ,

343 2737 454 2790 vll
474 2776 488 2803 ,
514 2736 611 2807 Ep.
637 2752 741 2789 1111
764 2777 778 2804 ,
804 2740 929 2791 5.·-
946 2737 1208 2808 Officium,
1236 2739 1357 2807 quia

342 2820 523 2870 sceleri
557 2817 853 2886 oppositum
900 2825 978 2869 est
1022 2816 1356 2870 beneficium.

346 2895 564 2963 Cicero,
592 2895 658 2948 ad
683 2896 814 2948 Her.
844 2894 930 2961 11,
966 2914 1020 2963 ¹7
1037 2933 1052 2961 ,
1068 2898 1222 2960 plura
1241 2892 1359 2964 offi-

344 2979 427 3029 etia
439 3015 452 3037 ,
472 2994 621 3043 quam
642 2975 904 3042 malefic-sia.

413 3053 520 3104 132.
550 3054 879 3118 Quae‘torvum
900 3053 1038 3117 ligno
1058 3060 1153 3102 etc.
1181 3049 1359 3103 Acer-

343 3130 550 3183 bissima
573 3128 901 3198 exprobratio
923 3128 987 3180 de
1013 3126 1283 3179 horrendo
1304 3138 1358 3181 et

347 3206 577 3262 nefando
589 3206 869 3275 Pasiphaes
880 3203 1090 3276 flagitio,
1106 3205 1358 3274 Pasiphae

349 3288 489 3340 enim
510 3329 525 3355 ‚
560 3287 759 3340 Minois
775 3287 965 3355 conjux
984 3325 1000 3352 ‚
1026 3304 1191 3354 quum
1210 3296 1360 3340 tauro

346 3376 589 3419 ureretur
607 3405 623 3432 ,
655 3366 742 3434 qui
766 3383 972 3418 vaccam
993 3364 1199 3417 mulieri
1224 3383 1360 3433 prae-

348 3445 507 3497 ferret
534 3484 550 3511 ,
589 3442 835 3496 Daedalus
874 3441 995 3494 secit
1031 3461 1238 3495 vaccam
1280 3445 1359 3494 Ii-

340 3545 519 3592 {neam
532 3565 546 3586 ‚
571 3523 715 3576 corio
738 3522 1005 3575 inductam
1027 3562 1041 3588 ,
1064 3523 1119 3574 in
1136 3542 1237 3591 qua
1257 3524 1363 3575 Pa-

343 3602 520 3672 siphae
537 3620 659 3655 cum
678 3613 829 3654 tauro
852 3601 1135 3654 concubuit
1153 3639 1167 3666 ,
1198 3620 1259 3653 ex
1275 3620 1360 3656 eo·

344 3701 446 3750 que
477 3681 760 3735 concubitu
792 3681 1163 3734 Minotaurum
1189 3701 1359 3750 pepe—

344 3761 441 3822 rit,
479 3759 647 3828 capite
674 3758 870 3812 bubulo
889 3799 904 3824 ,
931 3770 1076 3827 parte
1113 3758 1359 3811 inferiore

339 3838 603 3901 humanu
628 3838 752 3893 hinc
774 3841 969 3891 discors
983 3838 1163 3907 setus.
1193 3836 1364 3906 Apol-

339 3917 552 3972 lodorus
572 3958 588 3984 ‚
617 3918 735 3980 111,
768 3933 789 3968 1
808 3957 822 3984 ,
860 3921 918 3982 4;
954 3918 1201 3988 Hyginus
1221 3953 1235 3980 ,
1261 3915 1360 3967 sab.

343 4003 425 4065 4⁰·
472 3997 831 4068 Palaephatus,
879 4016 987 4066 cap.
1026 4018 1052 4048 2
1083 4035 1098 4062 ,
1133 3993 1364 4048 sabul'am

342 4076 603 4130 examinat
620 4115 635 4141 ‚
657 4086 909 4144 putatque
930 4114 944 4137 ‚
973 4072 1118 4125 hunc
1148 4073 1363 4123 Taurum

343 4155 497 4209 fuisse
537 4155 831 4207 formosum
875 4150 1319 4205 adolescentulum
1346 4189 1361 4216 ,

348 4234 436 4301 qui
458 4273 480 4299 ,
518 4252 686 4301 quum
710 4232 891 4285 Minos
926 4229 1232 4300 genitalibus
1262 4228 1366 4280 ali-

349 4312 562 4381 quando
574 4313 850 4378 laboraret,
862 4311 1155 4370 officiosum
1170 4328 1223 4362 se
1240 4326 1365 4378 prae·

1454 2191 1644 2245 stiterit
1675 2191 1787 2258 ejus
1817 2190 2045 2261 conjugi.
2077 2190 2321 2261 Heynius
2345 2208 2471 2242 vero

1454 2268 1520 2320 ad
1547 2268 1853 2339 Virgilium,
1878 2267 2088 2321 AEneid.
2111 2269 2187 2322 Vl
2205 2307 2220 2334 ‚
2246 2268 2308 2320 26
2326 2308 2340 2334 ,
2358 2288 2473 2321 sus-

1453 2348 1689 2417 picatur,
1718 2347 1947 2400 fabulam
1983 2367 2043 2399 ex
2084 2356 2212 2398 noto
2253 2346 2429 2399 Cretae
2454 2386 2469 2411 ‚

1455 2423 1643 2477 Siciliae
1660 2434 1713 2476 et
1732 2423 1892 2476 ltaliae
1909 2423 2221 2476 emblemate
2240 2421 2470 2486 ductam,

1455 2501 1598 2569 quod
1623 2501 1846 2572 figuram
1881 2502 2018 2554 tauri
2044 2520 2167 2555 cum
2190 2501 2356 2571 capite
2376 2501 2474 2552 viri

1454 2579 1657 2632 barbati
1702 2579 1994 2632 exhibuerit
2018 2620 2033 2647 ,
2074 2579 2179 2632 sive
2223 2578 2274 2630 id
2319 2578 2471 2648 patrii

1455 2657 1601 2711 fluvii
1624 2658 1832 2728 signum
1847 2659 2007 2712 suerit
2023 2698 2036 2725 ‚
2060 2659 2164 2712 sive
2185 2658 2333 2712 Solis.
2350 2662 2475 2712 Dis-

1455 2756 1569 2789 cors
1592 2736 1656 2790 ad
1681 2736 1943 2807 duplicem
1977 2736 2267 2790 Minotauri
2285 2781 2288 2784 ,
2303 2747 2472 2790 natu—

1455 2837 1569 2870 ram
1589 2817 1950 2885 reserendum,
1968 2837 2068 2887 pro
2087 2836 2192 2887 quo
2206 2837 2336 2870 vers.
2360 2818 2471 2882 155,

1451 2907 1719 2949 monstrum
1747 2896 1955 2964 besorme
1971 2937 1984 2958 ,
2024 2907 2077 2950 et
2113 2896 2206 2968 169
2227 2935 2242 2962 ‚
2271 2900 2472 2963 geme'na

1434 2978 1626 3048 figura.
1636 2977 1933 3028 Discordem
1948 2972 2292 3042 autem,quod
2307 2973 2471 3026 Hein-

1452 3052 1556 3105 sius
1596 3051 1736 3105 nulla
1774 3052 2079 3104 auctoritate
2115 3051 2170 3104 in
2211 3054 2471 3103 dissortem

1453 3140 1780 3197 mutaverat,
1800 3132 1918 3199 jure
1941 3131 2222 3184 restituisse
2249 3128 2378 3182 mibi
2403 3130 2472 3182 vi·

1456 3211 1588 3265 deor
1620 3231 1633 3264 ι
1671 3231 1701 3264 a
1726 3212 2003 3278 Lucretio,
2045 3211 2129 3276 V,
2160 3211 2285 3283 892,
2317 3208 2474 3261 Cen-

1457 3289 1619 3342 tauris
1658 3299 1710 3342 et
1747 3289 1929 3361 seynae
1974 3291 2230 3341 discordela
2261 3290 2476 3339 membra

1459 3368 1794 3431 tribuuntur;
1837 3367 1972 3437 apud
2000 3367 2257 3421 Senecam
2282 3404 2297 3430 ‚
2324 3363 2473 3415 Med.

1458 3446 1581 3516 773,
1619 3447 1868 3516 Typbaeus
1906 3448 2100 3498 discors
2123 3484 2136 3506 ,
2179 3442 2300 3510 quia
2338 3461 2467 3493 cor-

1455 3524 1569 3593 pori
1584 3523 1822 3576 humano
1842 3521 2087 3592 anguinei
2109 3520 2266 3589 pedes
2290 3519 2469 3572 additi.

1458 3602 1638 3655 Etiam
1662 3601 1886 3655 Sabinus
1914 3639 1929 3666 ,
1968 3600 2027 3665 1,
2056 3600 2135 3651 35.
2163 3598 2324 3652 MSS.
2356 3617 2476 3650 om-

1457 3699 1551 3733 nes
1576 3719 1590 3744 ‚
1617 3685 1671 3731 e'n
1696 3698 1794 3731 uno
1819 3697 2015 3744 corpore
2038 3679 2232 3730 discors
2256 3680 2480 3729 Parthe-

1456 3776 1597 3823 nope.
1614 3754 1818 3809 Contra
1832 3759 2023 3807 dissors
2037 3755 2172 3807 soret
2189 3794 2203 3819 ,
2224 3754 2350 3806 alius
2369 3771 2481 3805 sor-

1461 3837 1524 3891 tis
1542 3878 1557 3902 ,
1584 3848 1788 3890 naturae
1813 3856 1920 3889 non
1952 3835 2214 3888 humanae.

1531 3918 1638 3983 134.
1661 3919 1872 3970 luania.
1901 3935 2015 3985 quae
2033 3934 2139 3967 non
2169 3912 2476 3976 audiuntur,

1460 3998 1610 4047 verba
1623 4034 1638 4055 ‚
1661 3995 1788 4046 item
1805 4005 1922 4046 vota
1945 3993 2087 4045 irrita
2101 3987 2485 4056 dicunturfirri

1459 4094 1495 4126 a
1518 4078 1682 4124 venus
1722 4083 1775 4124 et
1807 4075 1949 4123 tradi
1972 4074 2131 4122 ventis
2162 4089 2177 4120 .·
2208 4068 2445 4122 Tibullus
2463 4111 2481 4136 ,

1463 4150 1522 4215 1,
1558 4165 1628 4214 V,
1654 4150 2019 4214 353111,1v‚
2042 4148 2121 4219 96.
2147 4147 2216 4200 Et
2239 4148 2339 4202 hoc
2365 4149 2480 4202 loco

1463 4239 1613 4282 tanto
1638 4227 1804 4296 aptius
1823 4267 1838 4293 ‚
1882 4227 2000 4295 quia
2030 4226 2260 4297 loquitur
2283 4228 2347 4281 ad
2372 4246 2478 4281 na—

1465 4325 1554 4362 ves
1576 4345 1590 4372 ‚
1626 4324 1742 4375 quae
1767 4305 2055 4375 agebantur
2084 4325 2113 4360 a
2137 4305 2316 4360 ventis.
