3185 5138
726 569 857 636 532

1292 572 1373 637 P.
1438 541 1809 640 ovlnu
1859 569 2327 642 NASONIS
2445 659 2452 666 ⁴

720 710 864 784 Nec
900 707 1101 784 celate
1135 708 1304 786 cibis
1334 739 1544 786 uncos
1574 710 1924 786 fallacibus
1955 712 2210 787 hamos,

680 855 687 860 ¹
723 823 987 900 Perdite
1002 881 1022 913 ,
1054 827 1110 900 si
1139 855 1270 927 qua
1290 846 1538 903 nocent
1561 859 1577 901 ε
1602 856 1831 903 verum
1848 828 1987 902 haec
2009 858 2280 931 quoque
2296 829 2553 931 perdite
2574 849 2904 926 tantum;

725 943 867 1017 Ora
898 961 1129 1018 vacent
1160 942 1416 1046 epulis;
1454 943 1894 1047 alimentaque
1929 975 2223 1042 congrua
2253 969 2546 1050 carpant.
2589 984 2627 1016 n

818 1065 943 1136 III.
979 1061 1261 1136 Talibus
1296 1079 1496 1163 atque
1530 1060 1679 1136 aliis
1714 1063 2042 1136 instructo
2074 1082 2345 1164 pectore
2380 1066 2577 1142 dictis

721 1182 802 1254 In
837 1180 1117 1281 patriam
1153 1206 1475 1253 remeasse
1506 1177 1732 1252 ferunt
1753 1235 1772 1266 ‚
1810 1177 2122 1280 ultroque
2157 1181 2445 1280 petitum

720 1297 1084 1400 Adcepisse
1118 1298 1403 1369 Numam
1436 1293 1678 1396 populi
1715 1292 1987 1368 Latialis
2024 1294 2349 1386 habenaS‚

721 1413 1023 1511 Conjuge
1060 1412 1175 1513 qui
1207 1409 1364 1485 felix
1399 1409 1708 1512 Nympha
1737 1465 1756 1497 ‚
1794 1410 2209 1512 ducibusque
2250 1412 2591 1504 Cameni3‚

718 1529 1065 1604 Sacrificos
1101 1527 1333 1602 docuit
1363 1527 1566 1616 ritus,
1608 1544 2001 1628 gentemque
2022 1585 2041 1614 ,
2074 1527 2280 1602 feroci

716 1645 1082 1719 Adsuetam
1113 1641 1331 1730 hello,
1371 1640 1553 1744 pacis
1594 1640 1895 1715 traduxit
1923 1641 2005 1715 ad
2038 1659 2234 1717 artes.

719 1765 941 1861 Quem
961 1780 1319 1864 postquam
1340 1760 1569 1834 senior
1588 1787 2004 1861 regnumque
2024 1816 2043 1847 ‚
2073 1788 2413 1862 aevumque
2432 1763 2689 1863 peregit
2703 1821 2725 1852 ‚
2765 1786 2898 1854 435-

710 1882 1141 1958 Exstinctum'
1171 1879 1514 1980 Latiaeque
1548 1906 1759 1952 nurus
1779 1934 1799 1966 ‚
1829 1877 2287 1981 populusque,
2324 1898 2715 1983 patresque,

710 1999 1048 2074 Deflevere
1078 1999 1364 2070 Numam
1394 2025 1410 2069 ε
1445 2024 1599 2069 nam
1630 1995 1869 2094 conjux
1889 2051 1908 2082 ,
1946 1996 2115 2069 urbe
2153 1995 2384 2071 relicta
2412 2055 2432 2086 ‚

711 2113 926 2188 Vallis
959 2114 1243 2188 Aricinae
1277 2112 1499 2187 densis
1530 2111 1692 2186 latet
1724 2111 1953 2186 abdita
1975 2111 2171 2187 ‘silvis
2194 2168 2214 2200 ,

707 2236 1038 2337 Sacraque
1075 2235 1368 2308 Oresteae
1403 2231 1694 2328 gemitu,
1734 2248 2107 2332 questuque
2137 2232 2369 2306 Dianae

703 2352 995 2454 Impedit
1023 2381 1038 2426 ε
1067 2351 1152 2426 ah
1185 2351 1448 2452 quoties
1481 2348 1807 2451 Nymphae
1837 2350 2301 2452 nemorisque,
2338 2348 2685 2452 lacusque,
2751 2374 2854 2444 ⁴9⁰

704 2473 808 2546 Ne
842 2470 1116 2558 faceret,
1150 2495 1465 2542 monuere
1488 2524 1507 2557 ‚
1550 2484 1618 2539 et
1649 2464 2062 2540 consolantia
2094 2467 2300 2542 verba

702 2628 932 2681 intextus
952 2665 967 2693 ,
995 2643 1103 2694 quo
1138 2624 1277 2678 cervi
1310 2623 1480 2678 territi
1512 2623 1569 2676 in
1599 2622 1731 2677 retia

705 2705 1025 2777 agebantur:
1049 2702 1168 2757 vide
1192 2704 1510 2772 interpretes
1533 2702 1596 2755 ad
1622 2701 1674 2756 h.
1692 2702 1730 2757 l.

704 2797 763 2839 et
778 2783 1009 2838 Cerdam
1027 2780 1092 2835 ad
1110 2783 1256 2852 Virg.
1270 2781 1464 2850 Georg.
1483 2781 1565 2835 III
1584 2820 1600 2845 ,
1617 2780 1730 2847 372.

703 2863 894 2916 —Nec
919 2864 1080 2913 celate
1102 2869 1200 2912 etc.
1225 2856 1465 2912 Tibullus
1480 2896 1496 2923 ,
1524 2859 1579 2911 11
1600 2896 1615 2923 ,
1640 2873 1726 2923 vl,

704 2942 773 3006 24
790 2980 806 3007 ,
838 2943 999 3004 Quum
1014 2947 1186 2990 tenues
1196 2940 1375 2989 hamos
1392 2938 1595 2988 abdidit
1611 2944 1733 2988 ante

702 3020 937 3071 ce‘bos.·-
950 3017 1179 3081 Conana
1188 3053 1202 3075 ‚
1229 3014 1596 3068 convenientia
1609 3033 1733 3067 cor-

702 3094 821 3167 pori
842 3093 1091 3147 bumano.
1115 3093 1261 3145 MSS
1278 3092 1531 3161 plurimi(
1550 3103 1603 3144 et
1623 3092 1731 3145 Re-

703 3176 774 3246 gii
800 3174 956 3228 ambo
979 3171 1147 3227 nostri
1172 3174 1194 3239 )
1221 3175 1464 3224 alimenta
1486 3175 1730 3223 mitia.—

705 3254 992 3324 Elegauter
1014 3270 1212 3319 carpere
1238 3254 1496 3303 alimenta.

769 3333 1022 3403 479—551.
1045 3332 1234 3397 ’Egeria
1275 3328 1457 3382 dolens
1494 3338 1726 3381 mortem

702 3412 898 3466 Numa
925 3420 1161 3462 mutatur
1197 3409 1249 3461 in
1273 3407 1488 3476 sontem.
1521 3408 1730 3462 Inserta

702 3501 783 3543 est
800 3488 865 3541 de
885 3486 1279 3560 Hippolytifatis
1304 3496 1359 3539 et
1380 3485 1728 3540 transforma-

705 3570 851 3623 tione
881 3566 938 3620 in
970 3571 1188 3622 Virbium
1212 3565 1622 3620 fabulae-Ultro
1635 3586 1730 3633 pe-

705 3644 866 3704 titun'ae.
886 3647 1023 3701 Vide
1043 3646 1262 3718 Dionys.
1281 3644 1548 3698 Halicarn.
1576 3645 1646 3698 11.
1663 3673 1730 3685 —

706 3728 967 3780 Habenas.
999 3725 1079 3778 Ita
1107 3724 1325 3777 Latinus
1350 3741 1510 3775 mrum
1531 3726 1736 3790 reliquit

704 3810 932 3860 habenas
972 3801 1110 3873 apud
1146 3800 1428 3870 Virgilium
1457 3837 1475 3867 ,
1513 3799 1729 3854 AEneid.

705 3888 820 3942 vll
841 3926 857 3952 ,
890 3885 1006 3937 600.

770 3967 886 4032 482.
908 3961 1133 4029 Conjnge
1138 3957 1280 4026 felix
1294 3998 1310 4018 ,
1329 3957 1613 4028 conjugem
1633 3955 1733 4009 ha·-

703 4043 836 4096 bens
848 4063 875 4096 e
891 4039 1123 4096 formula
1133 4035 1355 4093 solemni
1369 4075 1383 4103 ,
1399 4035 1463 4089 de
1480 4055 1583 4105 qua
1594 4033 1732 4088 alibi.

704 4149 772 4162 ·-—
788 4122 1033 4191 Egeriam
1051 4119 1131 4174 vel
1151 4121 1431 4189 Nymphon!
1443 4116 1601 4169 fuisse
1622 4125 1733 4169 tra-

707 4197 903 4251 debant
921 4239 936 4264 ,
961 4198 1041 4252 vel
1067 4217 1230 4252 unam
1254 4197 1567 4255 Musarumz
1594 4194 1734 4248 Dio-

707 4271 889 4349 nysius
905 4276 1076 4329 Halic.
1097 4277 1147 4330 11
1173 4315 1188 4342 ,
1215 4276 1313 4337 603
1337 4274 1539 4339 Livius,
1560 4274 1617 4341 1,
1639 4290 1730 4327 ιιι

715 4380 744 4405 α
771 4357 1063 4410 Lucuserat
1075 4394 1086 4407 .
1105 4394 1119 4410 .
1142 4394 1155 4409 .
1172 4374 1277 4424 quo
1293 4356 1414 4425 quia
1428 4374 1484 4408 se
1500 4364 1731 4425 persepe

1830 2645 1860 2672 ²·
1885 2624 2065 2679 Numa
2080 2624 2191 2679 sine
2210 2623 2443 2691 arbitris,
2473 2623 2621 2678 velut
2643 2623 2706 2678 ad
2729 2644 2859 2680 con·

1829 2724 1858 2751 κ
1885 2723 2119 2774 gressum
2143 2703 2273 2767 Dea
2290 2742 2306 2770 ,
2335 2702 2630 2769 inferebat,
2660 2702 2858 2757 Came-

1830 2803 1858 2828 »
1884 2782 1965 2834 nis
1990 2800 2114 2835 eum
2138 2780 2316 2835 lucum
2335 2781 2558 2835 sacravit
2572 2820 2587 2848 ,
2605 2780 2747 2849 quod
2765 2802 2857 2833 ea·

1827 2879 1857 2905 u
1884 2878 2006 2912 rum
2034 2860 2102 2914 ibi
2128 2859 2345 2913 concilia
2370 2877 2493 2913 cum
2517 2861 2744 2931 conjuge
2761 2880 2853 2914 sua

1827 2959 1857 2986 ²·
1885 2940 2076 3009 Egeria
2099 2949 2286 2993 essent.
2307 2961 2333 2986 ι·

1892 3021 2008 3085 485.
2045 3019 2202 3084 Quem
2240 3034 2337 3085 pro
2378 3020 2474 3085 qni
2500 3035 2565 3070 ex
2599 3015 2850 3071 Cantabr.

1827 3093 1935 3147 Sed
1963 3104 2078 3148 tum
2104 3094 2356 3148 Heinsius
2384 3113 2575 3165 porro,
2598 3116 2730 3149 vers.
2755 3097 2852 3166 487

1825 3170 2032 3226 volebat
2047 3210 2063 3240 ,
2088 3173 2341 3242 Dssevere
2366 3177 2529 3226 w'run
2556 3183 2646 3226 aut
2669 3178 2851 3227 αἰνεῖ.-

1823 3249 2166 3303 Burmannus
2185 3250 2400 3318 coniicit
2424 3253 2676 3320 queme
2695 3271 2712 3305 .·
2738 3254 2852 3305 Νυ-

1823 3349 1916 3382 mae
1936 3348 2070 3381 nam.
2090 3354 2156 3369 --
2172 3331 2341 3382 Nurns
2355 3370 2369 3391 ‚
2393 3340 2655 3384 matrone
2674 3370 2690 3397 ,
2717 3349 2850 3383 mu·

1825 3406 1992 3460 lieres.
2008 3407 2091 3459 Eo
2108 3406 2364 3460 defuncto
2373 3425 2634 3478 magnum
2650 3408 2850 3461 luctum

1823 3484 2051 3538 fuissein
2071 3493 2179 3537 tota
2198 3486 2328 3538 urbe
2344 3524 2360 3552 ,
2381 3487 2548 3538 etiam
2563 3485 2849 3559 Dionysius

1825 3563 1999 3617 Halic.
2023 3563 2108 3630 ΙΙ,
2131 3563 2199 3633 76
2215 3602 2230 3629 ‚
2255 3561 2437 3616 refert.

1889 3644 2195 3712 488.Ar1‘e:1'a
2209 3643 2464 3713 oppidum
2482 3643 2617 3698 Latii
2632 3644 2729 3698 sub
2751 3645 2847 3699 At-

1824 3724 1964 3777 bauo
1991 3732 2178 3777 monte
2198 3763 2214 3790 ,
2251 3743 2360 3793 quo
2394 3725 2623 3777 Dianam
2654 3725 2849 3778 Tauri—

1824 3822 1941 3857 cam
1957 3842 1972 3869 ,
1998 3802 2282 3858 interfecto
2295 3803 2541 3858 Thoante
2557 3824 2702 3874 rege,
2723 3824 2847 3858 cum

1826 3882 2098 3952 Iphigenia
2115 3902 2302 3937 sorore
2337 3884 2604 3938 transtulit
2629 3886 2847 3937 Orestes.

1828 3959 1907 4013 Ea
1942 3961 1998 4014 in
2031 3962 2269 4031 proximo
2305 3980 2530 4015 nemore
2564 3962 2703 4017 culta
2739 3964 2849 4016 ritu

1826 4040 2109 4108 peregrino
2125 4080 2139 4105 ‚
2157 4060 2273 4110 quo
2294 4041 2431 4093 servi
2455 4041 2846 4104 mactabantur;

1829 4117 2075 4190 Hyginus
2091 4158 2107 4183 ‚
2130 4116 2233 4173 fab.
2252 4119 2347 4171 266
2365 4142 2376 4180 ;
2398 4118 2611 4172 Solinus
2626 4159 2642 4185 ,
2660 4118 2744 4172 lib.
2760 4120 2846 4185 11,

1823 4214 1939 4266 pag.
1969 4196 2043 4248 13.
2067 4195 2374 4250 Secundum
2386 4196 2597 4250 Grecos
2623 4197 2851 4266 Sparten

1827 4286 1907 4328 est
1935 4274 2178 4328 translata
2217 4285 2307 4328 aut
2343 4276 2605 4328 Brauron.
2644 4275 2853 4330 Pausa-

1827 4352 1942 4407 nias
1967 4352 2279 4408 conferatur
2301 4391 2317 4421 ‚
2350 4352 2464 4419 111,
2515 4352 2589 4405 16.
