3185 5138
717 547 1751 630 METAMORPHOSEON
1799 567 1993 639 LIB.
2055 576 2189 643 IX.

2450 585 2535 653 83

488 682 776 759 Inferior
805 688 1050 764 virtute
1072 747 1090 780 ,
1128 722 1308 770 meas
1339 696 1645 776 devertor
1674 705 1755 780 ad
1793 728 1966 788 artes
1990 742 2017 800 ;-

392 796 780 904 Elaborque
815 805 960 881 viro
983 865 1002 896 ‚
1040 808 1319 907 longum
1352 814 1678 896 formatus
1708 824 1781 898 in
1815 857 2115 925 anguem.

390 914 532 1012 Qui
570 938 927 1022 postquam
959 925 1164 1002 flexos
1199 929 1456 1007 sinuavi
1490 964 1736 1041 corpus
1771 942 1842 1017 in
1878 947 2075 1025 orbes
2096 1007 2116 1040 ‚

393 1032 702 1136 Cumque
736 1038 878 1112 sero
907 1043 1086 1115 movi
1123 1043 1418 1141 linguam
1454 1055 1736 1134 stridore
1769 1059 2093 1141 bisulcam
2116 1126 2136 1158 ‚
2466 1101 2535 1153 65

393 1148 612 1240 Risit,
645 1172 713 1228 et
745 1153 1037 1232 illudens
1072 1180 1336 1239 nostras
1370 1168 1771 1271 Tirynthius
1804 1197 2017 1270 artes;

395 1302 432 1333 «
469 1272 812 1348 Cunarum
847 1274 1042 1351 labor
1075 1298 1176 1354 est
1205 1309 1456 1377 angues
1492 1316 1803 1389 superare
1838 1325 2128 1373 mearum
2149 1358 2169 1391 ‚

392 1418 429 1450 n
471 1387 695 1477 Dixit3
730 1409 836 1480 et,
878 1412 955 1468 ut
989 1395 1213 1472 vincas
1251 1397 1419 1476 alios
1442 1460 1461 1492 ‚
1497 1407 1792 1484 Acheloe
1816 1469 1835 1500 ‚
1868 1414 2222 1508 draconeS‚

389 1534 428 1566 »
467 1503 629 1578 Pars
662 1526 871 1606 quota
902 1512 1187 1587 Lernaeae
1220 1544 1495 1619 serpens
1529 1523 1661 1596 eris
1692 1554 1867 1601 unus
1902 1530 2265 1610 Echidnae?

386 1651 425 1683 »
465 1619 883 1699 Vulneribus
917 1626 1201 1705 fecunda
1235 1634 1376 1707 suis
1416 1635 1544 1709 erit
1574 1636 1690 1712 illa
1717 1670 1733 1712 ε
1761 1669 1882 1716 nec
1914 1642 2128 1721 ullum
2466 1699 2530 1751 7⁰

378 1835 503 1869 rum
528 1817 591 1870 ad
618 1829 816 1874 terram
844 1822 996 1878 daret
1013 1866 1028 1892 ,
1063 1826 1205 1895 quod
1233 1827 1406 1884 Graeci

377 1899 523 1971 ρῖξαι
541 1897 803 1953 dixerunt.
832 1929 900 1941 -—
921 1905 1155 1958 stlordere
1177 1926 1263 1959 ore
1291 1919 1404 1961 ter-

379 1994 497 2026 ram
515 2015 531 2042 ,
567 1996 786 2046 gramen
811 2018 825 2045 ,
873 1999 1089 2036 arenam
1115 1983 1180 2037 de
1203 1985 1398 2040 caden-

377 2054 517 2107 tibus
543 2053 598 2107 in
624 2057 803 2124 praelio
828 2069 883 2112 et
905 2060 962 2112 in
986 2061 1139 2115 lucta.
1163 2063 1243 2117 Ita
1269 2063 1404 2118 Vir-

379 2130 532 2202 gilius
556 2172 570 2199 ,
608 2133 822 2190 AEneid.
860 2138 937 2190 XI
957 2176 973 2202 ,
1016 2141 1116 2204 418
1141 2179 1156 2205 ,
1202 2144 1404 2197 humum

377 2210 540 2263 simul
553 2232 640 2264 ore
671 2221 970 2278 momordit,-
1003 2227 1057 2271 et
1086 2217 1196 2272 aliis
1231 2222 1402 2277 verbis

382 2287 640 2343 Horatius
662 2331 678 2358 ,
723 2291 747 2344 1
771 2332 789 2358 ,
832 2290 938 2347 Od.
964 2311 1037 2348 xv
1055 2335 1071 2362 ,
1111 2315 1208 2363 20,
1241 2305 1407 2354 crines

365 2370 577 2434 pulvere
595 2374 821 2424 colle'nes.

442 2445 524 2499 62.
540 2448 814 2513 Dee-erton·
838 2447 994 2520 vulgo
1013 2454 1272 2507 debedore
1296 2455 1406 2510 sol-

372 2523 538 2578 lemni
561 2528 951 2596 permutatione
973 2537 1192 2586 :diverti
1206 2545 1284 2588 est
1307 2534 1401 2589 di—

373 2622 580 2657 versam
619 2607 759 2659 viam
785 2607 1059 2662 instituere
1084 2649 1099 2675 ,
1136 2614 1402 2667 devertiex

372 2682 477 2736 alio
503 2683 619 2737 loco
641 2685 697 2739 in
722 2687 880 2739 alium
905 2707 958 2741 se
983 2691 1226 2744 conferre
1251 2714 1265 2753 ;
1294 2690 1402 2745 Er-

371 2772 507 2816 nest.
539 2760 716 2817 Clavis
740 2762 910 2819 Cicer.
945 2765 1010 2819 ad
1039 2765 1139 2820 boc
1159 2769 1398 2824 verbum.

370 2839 525 2910 Regii
543 2842 710 2895 nostri
734 2841 930 2897 habent
950 2848 1400 2902 divertam—Meus

368 2922 596 2973 deamat
609 2925 687 2973 ad
703 2933 873 2989 σπι-η
910 2924 1159 2995 confugio
1187 2946 1217 2980 a
1241 2928 1396 2982 sorti-

369 2996 557 3050 tudine
596 3017 717 3052 mea
761 2999 826 3052 ad
867 3003 1355 3059 transformationes
1376 3045 1392 3073 ‚

368 3078 558 3146 quibus
573 3080 648 3132 uti
662 3081 917 3148 egosoleo
939 3104 953 3145 ;
985 3083 1101 3136 Art.
1122 3085 1298 3140 Amat.
1317 3087 1392 3152 11,

367 3157 467 3221 425
488 3195 502 3222 ,
528 3160 754 3212 devertor
772 3163 851 3212 ad
865 3164 1091 3215 medicas
1112 3174 1278 3218 artes:
1299 3164 1392 3219 sed

367 3232 596 3291 Remed.
632 3240 724 3310 287
746 3279 762 3306 ,
785 3243 1030 3296 adsuetus
1051 3246 1303 3298 decumre
1321 3247 1400 3298 ad

364 3326 538 3377 artes‚·
568 3315 686 3370 Art.
713 3319 891 3373 Amat.
920 3320 1012 3387 11,
1046 3341 1113 3396 99
1131 3362 1147 3390 ‚
1181 3325 1392 3376 Hemo-

363 3400 484 3448 mias
505 3399 761 3453 decurrere
792 3404 871 3452 ad
896 3410 1047 3455 artes.
1086 3402 1181 3457 Illa
1204 3414 1390 3458 trans-

362 3474 616 3531 formatio
632 3517 650 3543 ,
671 3477 737 3532 de
762 3499 863 3549 qua
879 3481 1233 3551 Apollodorus
1256 3484 1390 3538 nihil

360 3554 522 3611 habet
534 3595 551 3622 ‚
574 3555 698 3610 inde
714 3569 792 3613 est
804 3597 819 3624 ,
839 3561 959 3630 quia
974 3560 1121 3615 fluvii
1138 3601 1152 3628 ,
1170 3574 1388 3633 propter

357 3644 658 3692 tortuosum
680 3638 960 3696 decursum
976 3678 992 3706 ‚
1012 3661 1133 3694 cum
1152 3662 1386 3712 serpen-

355 3712 498 3768 tibus
519 3719 812 3786 comparari
830 3719 1350 3777 solent—Formatus
1363 3762 1381 3787 ‚

355 3794 774 3850 transformatus.

420 3872 503 3939 64.
551 3878 660 3941 (lui
664 3886 934 3945 postquam
947 3882 1134 3947 stez-os.
1176 3882 1335 3939 Unus
1362 3924 1379 3953 ,

354 3952 467 4016 Qui
479 3970 800 4020 squamosum
804 3959 992 4024 flexos.
1016 3959 1268 4014 Heinsius
1283 4002 1297 4029 ,
1322 3973 1382 4016 ut

346 4030 539 4083 vitium
563 4034 717 4085 metri
733 4047 944 4105 reparet
961 4077 975 4104 ,
996 4038 1380 4107 conjicitsqua-

346 4128 542 4161 mosum
566 4115 824 4180 ulflexos.
869 4115 1021 4186 Regii
1060 4117 1224 4178 nostri
1252 4120 1377 4172 vul-

347 4198 524 4258 gatam
549 4200 769 4246 tuentur
788 4205 944 4247 recte.
960 4198 1219 4249 -Ἠετω
1245 4208 1377 4251 tan-

349 4277 469 4320 tum
493 4281 664 4323 ornat.
685 4269 1010 4329 Claudianus
1029 4274 1191 4329 Laud.
1209 4277 1373 4332 Stilic.

352 4344 378 4397 1
394 4383 412 4412 ,
439 4347 538 4400 223
556 4386 572 4415 ,
578 4350 754 4414 flexos
773 4355 830 4404 iu
838 4351 1037 4420 sulcem
1050 4364 1252 4411 curren!
1263 4361 1373 4426 glu—

1503 1836 1635 1889 dios.
1651 1854 1720 1876 -·
1738 1840 2154 1900 Se‘nuam'melius
2176 1867 2333 1918 quam
2355 1894 2370 1920 ,
2394 1876 2529 1910 eur-

1502 1916 1956 1988 vavi.—Lt'nguam
1972 1928 2233 1982 be‘sulcam.
2258 1932 2360 1987 Sex
2382 1935 2529 2007 libri,

1499 1997 1777 2048 tntwlcam.
1813 1998 1967 2070 Regii
2010 2007 2177 2059 nostri
2204 2048 2220 2075 ,
2266 2015 2530 2070 baesulcam.

1502 2070 1643 2124 Alibi
1668 2074 1778 2128 sere
1813 2082 2029 2134 trisulca
2064 2087 2242 2153 lingua
2266 2096 2531 2161 serpenti-

1500 2148 1598 2202 bus
1624 2151 1901 2221 tribuitur,
1928 2159 2018 2211 sed
2038 2159 2137 2214 boc
2158 2163 2271 2220 loco
2289 2172 2525 2238 bisulca,-

1501 2226 1750 2296 Plautus‚
1786 2232 1936 2287 Poeu.
1962 2237 2033 2302 V,
2060 2254 2105 2292 n
2128 2277 2143 2306 ,
2182 2245 2243 2310 74
2267 2284 2281 2309 ,
2317 2249 2530 2303 besulci-

1495 2307 1694 2372 Iingua‚
1723 2316 2176 2382 quase'proserpens
2189 2324 2365 2375 bestia.
2386 2323 2525 2381 Vide

1496 2381 1836 2440 Aristotelem
1864 2431 1879 2456 ,
1919 2390 1984 2444 de
2014 2393 2156 2449 Part.
2181 2398 2361 2454 Anim.
2391 2404 2474 2459 111
2502 2447 2519 2474 ‚

1494 2480 1606 2531 cap.
1629 2464 1721 2518 ult.
1745 2476 1801 2519 et
1822 2487 1918 2522 nos
1941 2470 2004 2523 ad
2030 2472 2112 2526 111
2130 2514 2145 2540 ,
2170 2477 2249 2544 34.
2268 2483 2519 2546 --stlom‘⁹

1491 2541 1707 2597 vibravi.
1729 2574 1796 2587 -
1825 2551 1951 2602 Fero
1981 2556 2207 2611 stridore.
2240 2556 2520 2620 claudian.

1497 2618 1563 2679 R.
1582 2624 1645 2676 P.
1664 2625 1750 2693 11,
1780 2631 2098 2698 praefifirum
2113 2656 2171 2688 os
2193 2655 2521 2710 serpentum.

1558 2700 1639 2770 67.
1681 2707 1852 2758 Labor
1884 2729 2125 2765 cunarum
2169 2736 2385 2771 mearum
2408 2762 2423 2787 ,
2464 2722 2521 2778 in

1491 2779 1641 2833 cunis
1656 2780 1761 2848 jam
1779 2803 1807 2836 a
1825 2805 1910 2839 me
1928 2802 2209 2860 susceptus.
2225 2794 2362 2851 Satis
2375 2820 2519 2854 con-

1492 2859 1701 2911 temtim
1723 2900 1739 2927 ,
1788 2874 1841 2916 et
1884 2884 2032 2921 more
2076 2867 2358 2928 hominum
2401 2879 2519 2950 glo-

1488 2939 1761 2996 riantium.
1798 2940 1987 3000 Aliena
2012 2960 2188 3005 tamen
2225 2974 2253 3006 a
2283 2958 2515 3016 vanitate

1488 3030 1604 3085 erat
1632 3019 1742 3076 haec
1766 3023 2012 3081 Herculis
2034 3029 2274 3099 gloriatio
2301 3058 2313 3097 ς
2342 3038 2515 3093 infans

1488 3098 1634 3170 enim
1658 3120 1824 3170 quum
1853 3104 1906 3156 in
1931 3107 2081 3161 cunis
2104 3109 2299 3178 jaceret
2320 3154 2336 3181 ,
2382 3116 2519 3171 dra-

1485 3196 1646 3233 cones
1684 3180 1815 3236 duos
1835 3223 1850 3249 ‚
1888 3203 2019 3254 quos
2061 3188 2099 3241 J
2104 3210 2211 3244 uno
2256 3195 2470 3250 miserat
2498 3238 2514 3265 ,

1486 3256 1732 3313 manibus
1753 3260 2024 3320 interemit
2053 3289 2066 3329 ;
2108 3267 2303 3324 AElian.
2341 3274 2413 3327 H.
2445 3274 2514 3331 A.

1485 3335 1631 3403 XII,
1667 3339 1729 3402 5;
1772 3339 1963 3408 Quint.
1997 3343 2113 3399 Cal.
2138 3347 2219 3401 VI
2249 3389 2265 3416 ,
2298 3371 2410 3406 202.
2446 3382 2513 3396 -

1490 3416 1565 3468 Ut
1578 3423 1782 3481 vitreas,
1798 3421 1879 3475 sac
1893 3461 1909 3488 ,
1929 3421 2067 3494 finge
2089 3438 2140 3494 te
2155 3429 2386 3498 vincere,
2402 3434 2510 3488 sive

1483 3494 1851 3563 magnitudine
1880 3520 2128 3569 superare
2153 3526 2168 3566 ;
2213 3504 2323 3561 Cic.
2350 3508 2509 3565 Tusc.

1484 3571 1571 3637 11,
1603 3574 1632 3624 5
1661 3592 1674 3627 :
1697 3594 1762 3626 ne
1780 3579 1854 3628 sit
1877 3577 2040 3649 (finge
2067 3600 2180 3634 non
2208 3582 2345 3655 esse)
2366 3607 2510 3641 sum-

1480 3668 1614 3703 mum
1636 3655 1826 3706 malum
1848 3658 2014 3720 dolor,
2049 3662 2238 3713 malum
2262 3675 2393 3719 certe
2412 3678 2508 3721 est.

1478 3755 1546 3769 —-
1566 3732 1697 3783 Pars
1718 3742 1873 3801 quola
1908 3744 2006 3788 etc.
2049 3737 2251 3795 Seneca
2276 3783 2291 3809 ,
2340 3745 2503 3801 Herc.

1481 3806 1596 3861 OEt.
1620 3809 1686 3881 93
1703 3850 1717 3877 ,
1745 3812 1824 3866 A!
1841 3818 2033 3881 quolies
2043 3817 2198 3884 jacet
2224 3822 2424 3893 Python
2448 3832 2504 3878 in

1475 3889 1640 3956 hydra
1655 3891 1685 3943 ?
1704 3917 1772 3929 --
1791 3891 2036 3947 Echidna
2048 3914 2068 3962 ,·
2093 3908 2207 3950 erat
2227 3900 2374 3952 enim
2398 3901 2506 3959 filia

1477 3964 1751 4020 Echidnae.

1544 4065 1624 4113 70.
1671 4051 1968 4104 Vulneribus
1975 4052 2209 4120 secunda
2230 4064 2355 4113 suis.
2378 4058 2502 4115 Mi-

1473 4124 1654 4183 nutius
1671 4125 1815 4180 Felix
1828 4168 1843 4196 ,
1862 4148 1948 4196 20,
1965 4133 2373 4202 hydrafilice'bus
2383 4145 2503 4194 vul-

1471 4207 1672 4256 neribus
1686 4214 2180 4280 renascens.-Ere‘t‚·
2196 4215 2370 4272 forsan
2385 4222 2499 4290 quis

1471 4283 1744 4340 maliterat
1759 4288 1901 4358 quod
1924 4288 2122 4346 habent
2147 4295 2297 4368 Regii
2315 4305 2498 4356 nostri.

1469 4361 1571 4415 Ed.
1594 4388 1663 4406 ·--
1682 4367 1767 4418 Dc
1785 4380 1980 4425 centum
1998 4392 2213 4439 numero.
2242 4377 2303 4431 M
2311 4378 2404 4433 ulti
2433 4400 2495 4432 ex
