3185 5138
616 571 1668 642 METAMORPHOSEON
1712 574 1913 644 LIB.
1961 578 2131 648 XV.

297 717 634 789 Immutat
667 713 915 788 formas
935 771 955 803 ‚
989 711 1356 815 tellusque,
1392 730 1458 788 et
1494 713 1824 816 quidquid
1857 716 1928 790 in
1962 715 2076 792 illa
2111 738 2229 795 est.
2358 744 2460 814 455

299 833 463 905 Nos
498 860 768 933 quoque
804 859 957 934 pars
993 831 1226 906 mundi
1250 887 1269 921 ‚
1305 830 1674 933 (quoniam
1702 860 1846 906 non
1878 862 2162 936 corpora
2194 836 2411 913 solum
2438 899 2457 930 ‚

304 951 570 1023 'Verum
604 949 802 1024 etiam
834 946 1135 1023 volucres
1166 948 1401 1022 animae
1435 977 1667 1024 sumus
1688 1005 1707 1037 ‚
1741 950 1944 1053 inque
1976 952 2218 1028 ferinas

305 1069 687 1142 Possumus
721 1066 817 1139 ire
848 1063 1116 1154 domos,
1150 1063 1616 1167 pecudumque
1651 1067 1721 1140 in
1755 1086 2030 1168 pectora
2064 1071 2353 1167 condi3)

302 1183 664 1283 Corpora,
703 1207 847 1281 quae
879 1179 1148 1280 possint
1181 1180 1434 1254 animas
1469 1180 1787 1255 habuisse
1818 1202 2164 1284 parentum
2185 1243 2204 1276 ,

310 1302 463 1373 Aut
499 1297 775 1371 fratrum
795 1354 815 1386 ‚
849 1314 968 1370 aut
995 1295 1224 1398 aliquo
1255 1297 1636 1395 junctorum
1665 1297 1912 1374 foedere
1942 1302 2144 1376 nobis
2166 1359 2185 1392 ‚

304 1418 467 1492 Aut
499 1413 849 1489 hominum
880 1430 1056 1487 certe
1075 1468 1094 1501 ,
1135 1430 1279 1487 tuta
1309 1441 1451 1488 esse
1483 1432 1548 1488 et
1585 1414 1869 1490 honesta
1905 1418 2242 1496 sinamus:

308 1534 500 1606 Neve
533 1529 884 1631 Thyesteis
910 1527 1325 1604 cumulemur
1352 1530 1603 1604 viscera
1637 1531 1883 1606 mensis
1902 1587 1921 1621 ‚

308 1650 548 1746 Quam
579 1645 747 1723 male
779 1646 1193 1734 consuescit;
1235 1673 1534 1748 quamse
1572 1666 1766 1749 parat
1792 1647 1903 1722 ille
1931 1653 2155 1726 cruori

313 1764 582 1865 Impius
613 1763 906 1838 humano
928 1820 947 1852 ‚
983 1762 1175 1837 vituli
1209 1764 1323 1865 qui
1357 1782 1629 1859 guttura
1661 1762 1877 1839 cultro

316 1878 613 1980 Rumpit
633 1934 652 1967 ‚
690 1896 758 1952 et
788 1877 1098 1952 immotas
1132 1878 1386 1978 praebet
1417 1877 1789 1973 mugitibus
1822 1883 2047 1957 aures!

317 1997 473 2069 Aut
506 1993 622 2094 qui
656 1993 917 2089 vagitus
945 1991 1194 2066 similes
1226 1990 1600 2093 puerilibus
1635 1992 1910 2068 hoedum

320 2112 658 2188 Edentem
685 2108 988 2211 jugulare
1025 2127 1254 2212 potest
1284 2141 1299 2184 ε
1335 2128 1454 2183 aut
1481 2110 1636 2185 alite
1671 2112 1886 2199 vesci,

323 2228 463 2305 Cui
495 2226 680 2302 dedit
710 2228 853 2329 ipse
885 2226 1114 2301 cibos!
1155 2244 1479 2327 quantum
1511 2243 1613 2300 est
1635 2284 1655 2318 ,
1692 2227 1877 2327 quod
1908 2227 2082 2302 desit
2114 2229 2184 2303 in
2220 2231 2366 2307 istis

321 2347 442 2424 Ad
473 2346 747 2448 plenum
781 2345 1077 2418 facinus!
1112 2371 1249 2443 quo
1287 2341 1607 2417 transitus
1637 2342 1793 2417 inde
1825 2349 2136 2445 paratur!

321 2453 479 2542 Bos
505 2482 679 2551 aret,
715 2478 832 2537 aut
862 2479 1144 2536 mortem
1180 2460 1563 2538 senioribus
1599 2460 1888 2564 imputet
1917 2465 2104 2540 annis
2134 2495 2152 2540 z

323 2583 759 2663 Horriferum
795 2598 1028 2655 contra
1056 2582 1317 2654 Borean
1353 2580 1497 2655 ovis
1532 2609 1710 2655 arma
1745 2582 2077 2658 ministret
2106 2616 2124 2660 ε

324 2704 559 2780 Ubera
594 2701 757 2776 dent
789 2694 1028 2774 satnrae
1059 2699 1373 2775 manibus
1407 2700 1770 2801 pressanda
1803 2701 2084 2803 capellae.

326 2819 530 2897 Retia
567 2847 718 2893 cum
750 2817 1004 2921 pedicis
1024 2874 1044 2906 ‚
1078 2816 1485 2919 laqueosque
1517 2833 1825 2918 artesque
1857 2818 2121 2894 dolosas

320 2934 584 3012 Tollite
614 2966 629 3008 ε
660 2964 782 3009 nec
812 2933 1149 3008 volucrem
1183 2934 1427 3008 viscata
1461 2931 1669 3007 fallite
1704 2933 1932 3031 virga:

328 3059 474 3130 Nec
499 3052 872 3128 formidatis
905 3080 1133 3126 cervos
1164 3049 1487 3125 includite
1513 3050 1743 3151 pinnis
1771 3079 1788 3125 ε

2325 582 2449 650 53ι

2362 1325 2464 1394 460

2366 1905 2467 1974 ⁴6⁵

2377 2490 2479 2560 47⁰

2380 3076 2482 3148 47⁵

336 3256 433 3320 541
453 3249 546 3318 ,de
556 3269 613 3304 se
626 3249 690 3303 ad
703 3247 1165 3304 metamtendente
1183 3267 1196 3301 ε
1214 3270 1241 3294 σε
1254 3246 1362 3302 Sed
1459 3255 1606 3299 trum
1620 3286 1636 3314 ‚
1673 3256 1957 3316 parentum
1980 3257 2302 3304 nostrorum.
2328 3252 2486 3305 Invi-

338 3354 371 3377 »
393 3328 837 3394 nosjmmensum
851 3326 1026 3396 spatiis
1041 3326 1365 3381 confecimus
1448 3324 1607 3381 diose
1629 3326 1790 3381 etiam
1812 3330 2125 3382 cumulemur.

338 3430 370 3456 a·
394 3424 602 3475 equor:
624 3405 817 3472 Etiam
836 3415 1046 3474 tempus
1062 3424 1260 3473 equum
1278 3402 1367 3456 su·
1527 3406 1645 3474 463.
1665 3409 1830 3474 Quam
1851 3425 1909 3459 se
1919 3415 2079 3484 pafo!
2095 3416 2194 3461 etc.
2213 3426 2373 3476 quam
2393 3427 2490 3479 pa-

342 3509 371 3534 »
397 3482 599 3537 mantia
612 3480 810 3536 solvere
826 3479 972 3535 colla.
991 3503 1018 3527 υ
1032 3484 1363 3544 -Volucres,
1460 3503 1585 3538 rum
1609 3484 1754 3538 abest
1775 3483 1861 3536 ille
1886 3482 1951 3536 ab
1980 3482 2278 3539 homicidio.
2311 3485 2490 3541 Verba

336 3580 461 3633 quae
491 3570 769 3614 transeunt
804 3578 866 3612 es
906 3558 1008 3612 alio
1045 3577 1268 3629 corpore
1307 3559 1366 3613 in
1460 3563 1735 3632 sequentia
1780 3562 1936 3630 plena
1981 3572 2106 3615 sunt
2141 3562 2392 3619 affectus.
2423 3593 2492 3606 —

337 3639 499 3695 aliud.
1462 3641 1610 3693 Alite
1624 3680 1637 3701 ,
1665 3638 1864 3709 gallinis
1878 3677 1893 3706 ,
1912 3639 2150 3694 anatibus
2167 3680 2183 3707 ,
2201 3642 2486 3699 anseribus.

406 3718 523 3787 461.
558 3717 692 3769 Tuta
710 3734 824 3769 esse
845 3723 900 3768 et
917 3716 1146 3767 housia.
1180 3713 1367 3767 Hein-

335 3799 447 3855 sius
468 3795 695 3850 malebat
716 3800 828 3847 luta
847 3803 998 3863 atque
1018 3795 1264 3859 e'aadesffi·
1286 3791 1370 3846 vel

340 3887 454 3931 tuta
478 3893 591 3929 esse
620 3883 672 3925 et
700 3878 847 3925 laesa
875 3892 891 3924 .·
929 3870 1022 3925 sed
1053 3874 1265 3925 honesta
1290 3880 1369 3923 est

342 3955 548 4009 honore
565 3950 804 4007 ornanda
818 3992 834 4019 ,
854 3950 1112 4005 honorata
1126 3991 1141 4018 ,
1158 3961 1215 4003 ut
1230 3948 1369 4020 apud

346 4035 672 4090 Ciceronem
686 4073 701 4100 ,
723 4033 809 4100 11,
830 4033 992 4103 Epist.
1016 4038 1073 4086 15
1087 4071 1102 4098 ,
1123 4033 1370 4085 Cesar-eus

343 4118 606 4169 honestum
627 4133 740 4167 esse
762 4118 900 4177 volo,
941 4124 995 4167 et
1017 4111 1135 4165 alibi
1167 4112 1371 4182 passim.

346 4195 531 4247 Ed.—
552 4191 799 4246 Graviter
826 4202 879 4245 οι
907 4188 1194 4244 admodum
1223 4187 1374 4241 invi-

344 4269 493 4325 diose
515 4272 770 4343 Thyestea
783 4288 962 4322 mensa
975 4309 990 4330 ,
1011 4286 1192 4322 carnes
1211 4306 1225 4332 ‚
1244 4284 1373 4335 quas

348 4350 715 4406 inhabitarunt
728 4348 919 4405 anima
933 4347 1218 4404 liberorum
1234 4386 1252 4416 ,
1272 4345 1375 4399 fra·

1461 3717 1974 3785 —Plenumsaciaus‚
1990 3716 2349 3773 homicidium.
2364 3721 2400 3775 J
2404 3741 2492 3776 am

1463 3796 1691 3851 Lensius
1716 3797 2020 3869 intes-pungi
2042 3799 2219 3853 mallet
2236 3799 2487 3868 :facinus⁹

1463 3895 1560 3946 quo
1585 3874 1799 3942 (dativo
1820 3894 1943 3929 casu
1959 3916 1975 3946 ,
2000 3876 2067 3930 ad
2095 3876 2276 3948 quod)
2300 3885 2492 3934 transt-

1462 3963 1564 4006 tus.
1588 3953 1711 4006 Non
1727 3953 1884 4009 bene.

1532 4032 1647 4097 471.
1670 4030 1837 4083 Arma
1852 4070 1866 4094 ,
1902 4030 2044 4085 lanas
2063 4069 2080 4098 ,
2113 4049 2229 4100 quae
2251 4029 2491 4101 prebent

1465 4109 1782 4163 vestimenta
1796 4119 1849 4163 et
1864 4119 2168 4179 tegumenta
2182 4129 2280 4165 con
2287 4120 2366 4165 tra
2378 4110 2489 4165 vim

1467 4187 1684 4253 Boreae3
1710 4189 1897 4242 confer
1913 4208 2044 4243 vers.
2067 4210 2174 4260 ¹¹7·

1533 4269 1648 4337 475.
1686 4266 1935 4323 Formido‘.
1979 4269 2295 4340 Intelligitur
2330 4270 2488 4325 funi-

1467 4346 1616 4400 culus
1643 4357 1953 4411 venatorum
1984 4348 2175 4418 pennis
2206 4349 2290 4404 vel
2312 4353 2490 4419 piam}
