3185 5138
711 529 1747 598 METAMORPHOSEON
1794 530 1987 596 LIB.
2040 532 2153 596 IX

2399 533 2515 599 135

393 705 427 734 n
470 672 607 743 Nec
641 668 886 763 rigidas
922 668 1175 756 silices,
1212 669 1576 744 solidumve
1612 671 1685 743 in
1712 679 1974 772 pectore
2006 670 2248 745 serrum
2269 727 2285 759 ‚
2379 737 2384 748 .

398 820 431 849 n
474 787 611 857 Aut
643 783 987 856 adamanta
1023 785 1229 878 gerit,
1267 813 1383 858 nec
1414 785 1513 859 lac
1546 785 1725 859 bibit
1760 784 1869 858 ille
1904 784 2136 858 leaenae.

403 939 435 968 »
478 903 801 975 Vincetur
831 931 844 972 :
875 901 1267 998 repetendus
1300 902 1457 987 erit3
1492 929 1621 974 nec·
1646 900 1833 974 taedia
1863 901 2066 1000 coepti

2420 924 2519 976 615

401 1053 437 1084 »
477 1016 629 1090 Ulla
661 1016 784 1089 mei
821 1017 1068 1116 capiam
1094 1071 1114 1100 ‚
1150 1017 1308 1090 dum
1336 1017 1610 1117 spiritus
1641 1017 1767 1089 iste
1796 1015 2103 1089 manebit.

404 1168 438 1200 »
479 1135 646 1206 Nam
681 1132 1003 1233 primum,
1043 1131 1100 1206 si
1132 1131 1302 1205 facta
1335 1132 1494 1205 mihi
1534 1158 1834 1205 revocare
1864 1129 2128 1216 liceret,

404 1285 438 1316 ι)
476 1253 628 1323 Non
661 1248 937 1347 coepisse
968 1247 1098 1320 suit
1126 1279 1140 1320 ε
1174 1266 1388 1349 coepta
1418 1276 1830 1349 expugnare,
1868 1246 2224 1321 secundum
2259 1266 2377 1322 est.

399 1400 436 1431 »
477 1365 747 1464 Quippe
783 1391 905 1437 nec
940 1361 1050 1435 ille
1083 1381 1342 1463 potest,
1377 1380 1453 1435 ut
1481 1364 1614 1461 jam
1646 1391 1787 1436 mea
1818 1380 1973 1436 vota
2006 1362 2364 1464 relinquam
2389 1419 2409 1454 ‚

399 1513 433 1545 »
475 1484 629 1553 Non
667 1498 879 1553 tamen
912 1506 1225 1552 ausorum
1258 1506 1514 1581 semper
1544 1507 1795 1553 mernor
1829 1508 1967 1554 esse
1998 1491 2316 1555 meorum.

2416 1504 2519 1557 620

395 1630 432 1660 »
473 1599 600 1683 Et,
636 1595 787 1696 quia
825 1595 1162 1680 desierim,
1200 1594 1425 1670 leviter
1453 1596 1737 1671 voluisse
1771 1597 2086 1684 videbor3

402 1747 433 1775 »
472 1716 612 1786 Aut
644 1713 836 1784 etiam
876 1729 1161 1786 tentasse
1192 1711 1375 1787 illum
1397 1769 1415 1799 ‚
1450 1714 1835 1814 insidiisque
1868 1715 2128 1816 petisse.

400 1864 431 1892 υ
471 1828 597 1902 Vel
627 1846 796 1902 certe
831 1857 966 1901 non
995 1827 1124 1903 hoc
1144 1886 1162 1917 ‚
1203 1830 1322 1929 qui
1357 1828 1681 1931 plurimus
1711 1829 1881 1905 ussit
1905 1847 1969 1902 et
2000 1830 2135 1903 urit

395 2021 533 2074 missi
571 2020 796 2074 ministri
829 2031 962 2074 esset
986 2059 1001 2085 ‚
1038 2021 1079 2073 si
1111 2040 1225 2074 rem
1260 2021 1408 2075 aliter

397 2114 692 2155 tractassent
711 2141 725 2167 ,
752 2101 916 2155 victus
938 2112 1072 2154 esset
1096 2101 1289 2165 srater;
1321 2121 1406 2154 ne-

396 2198 487 2244 que
513 2184 643 2231 em'm
666 2182 728 2232 de
750 2182 925 2245 tigride
947 2189 1043 2232 etc.
1072 2180 1216 2233 Hinc
1245 2197 1406 2233 com-

401 2257 550 2310 mode
582 2275 647 2311 eo
681 2258 948 2322 defertur,
983 2268 1040 2309 ut
1076 2277 1189 2310 rem
1227 2257 1404 2311 denuo

396 2345 597 2389 tentare
620 2335 808 2404 cupiat.
827 2333 1014 2389 Verbis
1033 2346 1206 2387 autem
1232 2335 1327 2387 illis
1344 2338 1406 2389 dc

393 2416 569 2480 tigride
580 2422 731 2465 natus
747 2423 844 2465 etc.
865 2413 1099 2466 soiemne
1117 2412 1283 2481 poetis
1300 2412 1404 2466 ani-

397 2509 542 2542 mum
568 2490 902 2543 durissimum
927 2491 1251 2553 describere,
1238 2511 1249 2525 ·
1285 2489 1401 2541 vide

392 2571 454 2623 ad
478 2571 621 2637 Vll,
649 2571 729 2623 32.
747 2598 811 2609 -
829 2573 1047 2638 Ηᾲίᾶω
1072 2590 1101 2623 e
1124 2567 1402 2621 duodecim

390 2648 860 2717 prestantioribus3
901 2648 1075 2702 ceteri
1111 2651 1317 2715 re'p‘dos.
1338 2675 1404 2689 -

389 2726 539 2795 Regii
565 2725 732 2778 nostri
753 2728 957 2793 nkidas.

450 2806 566 2857 615.
597 2807 832 2858 γίνηται
848 2814 944 2856 ete.
965 2803 1175 2855 Novum
1195 2802 1404 2871 pericu-
1422 2865 1442 2879 ἣ

385 2882 497 2936 lum
519 2883 689 2937 facere
714 2882 838 2935 vult.
859 2909 923 2921 —
940 2884 1252 2949 Repetendus
1266 2921 1278 2943 ,
1307 2880 1406 2935 de·-

388 2978 496 3012 nuo
521 2957 819 3014 tentandus.
852 2957 1051 3012 Confer
1083 2958 1364 3011 Horatium
1384 2996 1398 3023 ,

393 3039 499 3091 Sat.
518 3040 539 3092 1
561 3077 575 3103 ,
595 3054 650 3089 tx
669 3077 685 3103 ,
713 3040 777 3091 55
798 3057 976 3106 sqq.—
985 3040 1158 3090 redae
1171 3042 1369 3105 capiam
1380 3056 1402 3103 ,⁶

394 3114 768 3184 Neapolitanus
790 3126 844 3167 et
863 3113 1132 3168 Mediceus
1151 3117 1306 3167 tedia
1314 3113 1405 3180 sa·

393 3201 554 3257 εἱαως
592 3193 787 3262 Regius
802 3234 817 3259 ‚
851 3194 1080 3248 Urbinas
1115 3206 1169 3247 et
1204 3194 1403 3264 primus

396 3274 662 3328 Palatinus
684 3285 882 3328 mutata
903 3274 1230 3330 distinctione
1248 3316 1264 3342 ,
1278 3281 1403 3329 urei:

392 3349 825 3418 cupew.-Codex
845 3363 1024 3405 noster
1037 3353 1084 3405 A
1099 3353 1231 3406 maie
1249 3353 1404 3406 babet

391 3432 545 3482 taedia
557 3435 690 3496 cepi!
700 3431 823 3483 Ulla
838 3436 940 3483 urei
950 3451 966 3482 .-
981 3436 1178 3497 cupiam
1191 3449 1208 3495 ,·
1223 3449 1403 3485 sensus

393 3518 468 3560 est
506 3507 732 3560 nimium
769 3518 1044 3563 contortus
1069 3531 1083 3574 ;
1121 3508 1301 3562 Codex
1324 3510 1369 3561 B
1384 3549 1399 3575 ,

390 3591 540 3639 tedia
569 3593 728 3653 cepti
745 3626 757 3638 .
775 3627 787 3639 .
802 3627 815 3641 .
839 3593 1036 3656 συρίσαι
1053 3628 1067 3651 ,
1101 3588 1193 3643 sed
1216 3590 1402 3644 melior

387 3673 467 3715 est
492 3674 715 3733 recepta.
751 3666 848 3719 Ed.
872 3693 941 3705 —
972 3668 1145 3718 Taedt'a
1171 3671 1369 3733 capiam
1383 3705 1399 3729 ,

390 3761 484 3810 pro
507 3742 737 3811 vulgari,
766 3743 915 3798 taedia
931 3745 1137 3814 capient
1153 3764 1256 3798 me.
1273 3745 1402 3799 Lau-

390 3816 479 3871 dat
507 3819 691 3873 Burm.
727 3820 892 3875 Corn.
933 3823 1066 3891 Nep.
1103 3821 1239 3890 apud
1273 3820 1403 3875 Gel-

387 3895 517 3949 lium
537 3938 551 3964 ,
577 3900 715 3965 vu,
746 3903 805 3955 18
825 3939 841 3966 ,
873 3902 946 3953 Ut
963 3904 1163 3952 tedium
1185 3906 1301 3953 vite
1323 3918 1403 3954 ce·

379 3980 562 4042 perias.
594 3976 809 4032 Dictum
850 3998 977 4048 ergo
1008 3987 1084 4030 est
1118 3988 1177 4031 ut
1213 3980 1404 4045 gaudia

384 4074 592 4122 capere.
627 4068 681 4111 et
704 4056 840 4127 apud
863 4058 974 4113 Cic.
993 4057 1183 4125 Quint.
1204 4057 1288 4122 31,
1312 4077 1405 4110 ca-

382 4154 499 4202 pere
520 4140 908 4190 misericordis:
917 4177 932 4201 ,
955 4136 1206 4191 misereri.
1222 4135 1406 4189 Libra-

391 4215 457 4266 rii
481 4214 580 4269 hoc
604 4216 720 4270 loco
743 4216 939 4271 hesere
964 4217 1020 4270 in
1045 4212 1143 4269 hac
1167 4214 1402 4269 formula.

389 4291 626 4347 Notatur
640 4304 822 4350 autem
839 4295 889 4350 b.
911 4296 943 4349 Ι.
963 4296 1119 4350 tristis
1132 4313 1242 4349 sors
1259 4295 1372 4363 ejus
1385 4332 1400 4358 ,

1504 2024 1590 2091 qui
1618 2043 1645 2076 e
1673 2022 2086 2092 turpissimorum
2110 2020 2392 2073 criminum
2421 2021 2514 2072 in·-

1502 2103 1657 2156 samia
1682 2121 1735 2155 se
1761 2101 2000 2171 expedire
2026 2099 2220 2165 nescit,
2248 2098 2345 2152 nisi
2369 2097 2516 2150 novis

1501 2181 1778 2236 sceleribus
1800 2176 2174 2249 perpetrandis.

1567 2261 1680 2336 6175
1707 2264 1869 2312 Facta
1891 2275 2146 2317 revocate,
2174 2256 2305 2308 sacta
2326 2255 2515 2307 insecta

1501 2325 1723 2390 reddere
1728 2339 2021 2403 .—-Capta.·
2047 2332 2195 2400 Regii
2213 2331 2373 2384 nostri
2390 2351 2517 2399 cep-

1499 2428 1603 2468 tum
1606 2416 1863 2480 .-—Caep!a
1881 2427 2186 2478 expugnate,
2214 2418 2377 2477 coepta
2399 2427 2521 2476 per-

1502 2490 1673 2543 ficere.
1690 2491 1906 2542 Fatetur
1923 2488 2260 2539 Burmannus
2282 2504 2334 2537 se
2362 2485 2516 2553 iguo-

1501 2589 1616 2622 rare
1672 2567 1825 2636 hujus
1882 2564 2154 2620 locutionis
2199 2563 2512 2634 exemplum.

1504 2646 1827 2716 Comparare
1853 2645 2011 2716 possis
2033 2664 2094 2697 ex
2116 2644 2271 2708 XIV,
2298 2663 2354 2695 2ι
2380 2680 2395 2709 ,
2425 2662 2515 2694 es·-

1489 2744 1702 2791 pugnas·
1715 2727 1868 2776 herba
1889 2763 1902 2783 ,
1931 2721 2190 2775 efficax—
2198 2721 2393 2789 Utjam
2416 2730 2513 2772 etc.

1500 2800 1642 2868 quod
1681 2800 1725 2853 si
1761 2800 1935 2854 etiam·
1961 2817 2105 2852 nunc
2144 2817 2174 2850 a
2212 2797 2346 2851 votis
2384 2797 2513 2849 meis

1500 2878 1754 2933 absistam.

1564 2960 1677 3012 621.
1711 2962 1930 3022 beonet,
1969 2979 2078 3012 non
2101 2978 2312 3017 summo
2334 2960 2512 3012 surore

1499 3049 1825 3107 correptam,
1863 3037 2002 3107 quod
2042 3038 2342 3091 excusatius.
2376 3036 2509 3091 Ma-

1499 3121 1670 3188 iorem
1693 3122 1851 3174 etiam
1873 3120 2082 3174 veniam
2106 3130 2399 3182 merentur,
2425 3118 2515 3185 qui

1499 3216 1529 3249 a
1553 3201 1669 3252 Deo
1705 3198 1942 3263 incitati,
1986 3217 2143 3267 quam
2182 3198 2270 3266 qui
2306 3198 2515 3248 libidine

1500 3278 1617 3330 victi
1643 3288 1838 3332 amant.
1862 3305 1928 3317 -·
1954 3279 2102 3330 Ussit
2129 3285 2182 3331 et
2209 3282 2342 3336 urim·
2384 3272 2509 3324 oiim

1498 3355 1754 3410 edebatur
1785 3368 1927 3424 urget
1951 3366 2005 3410 et
2037 3359 2173 3418 urin
2208 3350 2297 3406 sed
2334 3355 2437 3402 urit
2461 3360 2517 3401 et

1496 3439 1631 3487 ussit
1666 3434 1772 3502 iam
1815 3433 2039 3487 Ciofano
2075 3431 2308 3502 placebat
2351 3449 2380 3479 e
2415 3447 2512 3481 suo

1502 3510 1699 3564 Codice
1736 3523 1789 3564 et
1817 3510 2020 3563 Caelest.
2053 3508 2204 3563 Idem
2241 3517 2415 3577 postea
2452 3506 2511 3560 in

1499 3588 1731 3658 pluribus
1754 3592 1845 3655 (et
1869 3589 1923 3640 in
1946 3586 2135 3640 nostris
2160 3585 2335 3654 Regiis
2356 3604 2370 3645 ς
2396 3602 2511 3635 ma·-

1497 3666 1590 3718 lim
1607 3676 1747 3732 urget
1762 3675 1815 3718 et
1829 3669 1940 3717 im't.
1966 3662 2064 3716 Ed.
2082 3661 2108 3732 )
2132 3672 2400 3732 repertum
2418 3679 2512 3712 ve·-

1498 3745 1708 3798 teribus.
1738 3743 1984 3797 Heinsius
2004 3742 2328 3811 conjecturat
2346 3745 2450 3793 un't
2465 3747 2518 3791 ct

1494 3831 1625 3878 urat.
1637 3822 1977 3876 Burmannus
1991 3819 2375 3891 preferendum
2392 3837 2511 3870 een-

1495 3903 1642 3957 sebat
1674 3907 1809 3956 ussit
1839 3910 1892 3955 et
1920 3909 2046 3962 urit,
2092 3912 2150 3954 ut
2179 3920 2233 3953 se
2267 3896 2509 3953 nondum

1499 3982 1745 4035 desistere
1773 4001 1916 4051 posse
1942 3980 2152 4034 indicet.
2185 3980 2325 4032 Eum
2354 3976 2511 4030 ordi-

1499 4079 1625 4113 nem
1671 4079 1767 4113 nos
1804 4059 2139 4113 restituimus.
2178 4056 2299 4123 Sic,
2337 4057 2513 4121 vm,

1499 4138 1599 4191 350
1615 4176 1632 4204 ‚
1672 4144 1727 4190 si
1756 4150 1805 4189 te
1844 4141 2070 4205 coluique
2095 4139 2330 4205 coloque3
2368 4135 2476 4188 ΧΠ
2501 4175 2516 4200 ,

1507 4235 1524 4267 1
1540 4217 1598 4281 ¹4
1617 4256 1629 4277 ‚
1672 4219 1727 4268 V
1716 4220 1851 4267 aluit
1874 4235 1983 4268 mea
2004 4219 2182 4268 dextra
2204 4218 2444 4284 valetque.
2456 4241 2522 4255 -

1505 4296 1757 4347 Plurimus
1775 4334 1789 4358 ,
1824 4312 2028 4348 summa
2048 4295 2116 4348 vi.
