3185 5138
621 552 1661 625 METAMORPHOSEON
1713 557 1905 623 LIB.
1964 557 2207 625 XIII.

2356 551 2483 652 377

366 699 575 800 Cujus
606 726 816 800 equos
845 697 1132 799 pretium
1163 726 1289 798 pro
1324 714 1515 771 nocte
1550 712 1943 798 poposcerat
1973 696 2188 772 hostis
2208 752 2227 786 ,

360 818 566 892 Arma
597 833 831 913 negate
862 815 1027 889 mihi
1053 846 1070 903 ;
1101 815 1430 916 fueritque
1458 814 1816 909 benignior
1845 815 2042 912 Ajax!

363 932 554 1029 Quid
588 934 771 1035 Lycii
803 933 1076 1006 referam
1111 932 1512 1033 Sarpedonis
1546 929 1806 1025 agmina
1836 929 2011 1004 ferro

2395 950 2493 1001 255

360 1050 716 1122 Devastata
747 1050 947 1121 meo?
978 1075 1128 1121 cum
1161 1046 1373 1121 multo
1406 1048 1725 1142 sanguine
1750 1046 1894 1120 fudi

366 1165 701 1239 Coeranon
739 1164 1191 1267 Hippasiden,
1226 1164 1702 1264 Alastoraque,
1741 1161 2299 1263 Chromiumque,

365 1279 946 1380 Alcandrumque,
985 1279 1426 1381 Haliumque,
1459 1283 1972 1379 Noemonaque,
2008 1277 2490 1378 Prytaninque,

362 1398 721 1498 Exitioque
753 1397 907 1471 dedi
939 1426 1091 1471 cum
1124 1396 1663 1472 Chersidamante
1696 1394 1982 1467 Thoona
2001 1450 2021 1481 ,

361 1515 456 1587 Et
490 1512 844 1613 Charopen
865 1568 884 1600 ,
919 1511 1204 1614 satisque
1231 1511 1603 1585 immitibus
1632 1513 1992 1584 Ennomon
2026 1525 2278 1596 actum;

2397 1529 2494 1580 260

363 1629 636 1730 Quique
668 1629 888 1703 minus
920 1626 1208 1703 celebres
1240 1646 1468 1701 nostra
1502 1627 1628 1700 sub
1661 1626 1995 1700 moenibus
2027 1625 2217 1699 urbis

362 1745 788 1819 Procubuere
820 1773 1020 1818 manu
1049 1774 1066 1818 :
1096 1761 1254 1818 sunt
1285 1761 1353 1818 et
1382 1743 1546 1817 mibi
1579 1742 1851 1818 vulnera
1872 1799 1892 1830 ,
1927 1743 2099 1816 cives
2121 1797 2141 1830 ,

363 1860 524 1960 Ipso
555 1858 836 1961 pulchra
868 1859 1019 1934 loco
1054 1890 1069 1934 z
1097 1886 1219 1933 nec
1254 1858 1440 1933 vanis
1473 1859 1718 1934 credite
1749 1857 1970 1935 verbis
1998 1888 2014 1931 ε

367 2056 689 2110 Romanum.
723 2057 808 2116 De
836 2057 1010 2112 reditu
1033 2057 1233 2132 Ulyssis
1254 2079 1377 2114 cum

365 2154 525 2189 curru
546 2135 665 2189 vide
689 2136 749 2189 Il.
772 2147 815 2191 K
832 2175 848 2204 ,
874 2140 967 2208 497
993 2156 1103 2207 sqq.

433 2213 547 2265 253.
575 2215 786 2275 Hostis,
816 2214 1024 2280 Dolon,
1055 2233 1222 2283 quum
1252 2234 1382 2285 spe-

364 2289 567 2343 culator
578 2291 726 2344 mitte
732 2311 787 2343 re
793 2303 895 2358 tur,
906 2312 1003 2359 pro
1013 2302 1177 2354 nocte,
1193 2312 1291 2363 pro
1301 2313 1382 2345 ex-

366 2367 655 2436 ploratione
672 2367 759 2421 illa
772 2380 1028 2422 nocturna
1044 2388 1196 2437 equos
1210 2369 1382 2423 Achil·

365 2445 427 2498 lis
445 2446 674 2515 pretium
699 2446 946 2514 poposcit.
971 2446 1197 2499 Homer.
1223 2446 1282 2499 ll.
1303 2456 1346 2499 K
1364 2483 1379 2510 ,

366 2524 479 2596 ³9²·
501 2523 647 2593 Virg.
665 2522 792 2576 AEn.
812 2523 919 2577 ΧΠ
939 2561 956 2589 ,
979 2523 1078 2590 346
1096 2541 1219 2592 sqq;
1245 2521 1381 2576 cons.

367 2602 525 2655 etiam
557 2601 777 2666 Noster,
806 2600 881 2654 lb.
910 2600 1046 2671 625„
1080 2600 1238 2654 Trist.
1265 2601 1381 2666 111,

369 2697 429 2733 ιν
447 2719 463 2746 ,
496 2680 574 2746 34.
593 2706 661 2719 -
686 2681 849 2733 Arma
879 2687 1057 2746 negate
1084 2682 1217 2732 mihi
1246 2679 1383 2746 justo

367 2759 708 2830 impetuosius
735 2758 934 2812 dictum
960 2770 1036 2812 est
1063 2799 1078 2825 ,
1121 2770 1175 2812 et
1198 2758 1383 2812 melius

367 2837 676 2893 conveniret
694 2837 826 2891 irato
842 2837 988 2906 Aiaci
1008 2878 1024 2905 ,
1056 2856 1214 2907 quam
1232 2837 1384 2890 blan-

369 2915 535 2969 dienti
579 2914 902 2969 auditoribus
941 2914 1159 2986 Ulyssi;
1208 2934 1381 2984 neque

367 2992 453 3048 bic
471 2993 626 3047 habet
648 3004 1021 3063 argumentum
1037 2994 1235 3062 justum
1250 3012 1263 3046 ε
1281 2993 1384 3046 Da·

371 3082 421 3125 te
456 3072 588 3126 mihi
623 3092 767 3125 arma
802 3072 1046 3136 Achillis3
1083 3071 1224 3125 cur?
1261 3073 1384 3142 quia

370 3169 494 3204 eum
521 3151 634 3220 cepi
659 3190 674 3217 ,
715 3150 806 3220 qui
834 3169 998 3219 equos
1035 3150 1250 3227 Aqhiuis
1274 3170 1383 3221 po·-

369 3240 621 3297 poscerat.
644 3257 712 3268 —
736 3230 799 3283 ln
826 3229 994 3283 verbis
1008 3229 1266 3298 fueritque
1281 3234 1384 3283 be-

367 3312 570 3373 nignior
597 3308 747 3373 Δία·
779 3307 1082 3361 laborarunt
1112 3307 1385 3377 interpre-

369 3394 449 3436 tes
465 3404 478 3445 ς
501 3383 751 3437 Heinsius
765 3389 816 3437 τὶ
828 3388 1087 3452 benignior
1094 3385 1287 3454 passive
1303 3404 1384 3438 su·

372 3462 548 3515 mebat
564 3480 660 3531 pro
676 3480 741 3515 eo
756 3500 774 3529 ,
791 3464 881 3531 qui
896 3463 1122 3532 benigne
1141 3463 1383 3529 habetur,

371 3539 520 3607 cuius
558 3549 740 3592 tamen
774 3538 1163 3608 significationis
1194 3559 1384 3593 exem-

374 3618 520 3687 plum
556 3637 611 3670 se
649 3617 890 3685 ignorare
923 3616 1195 3671 fatebatur.
1233 3619 1384 3671 Bur-

374 3715 600 3749 mannus
623 3694 839 3764 explicat
858 3732 875 3759 ,
907 3694 1068 3763 magis
1095 3695 1383 3764 popularis,

373 3772 621 3840 blandus,
646 3783 706 3825 ut
729 3770 860 3825 adeo
883 3771 1118 3825 obtineat
1144 3790 1260 3841 quo
1282 3792 1385 3826 ve-

373 3851 449 3905 lit.
470 3850 618 3904 MSS
649 3848 865 3919 quidam
883 3888 901 3916 ‚
931 3855 1053 3918 quia
1081 3861 1171 3903 aut
1197 3870 1387 3919 quoque

367 3934 598 3999 dignior,
622 3928 764 3984 unde
785 3929 1035 3983 Heinsius
1049 3928 1388 3998 conjicitsue-

371 4014 441 4061 n't
459 4010 541 4059 his
564 4011 782 4075 dignior,
802 4017 893 4060 aut
906 4045 921 4073 ,
944 4010 1202 4075 iulet-itque
1221 4026 1286 4060 ea
1303 4010 1388 4060 de·-

370 4093 544 4157 gm'or:
565 4087 707 4157 prius
719 4086 952 4156 placebat
965 4086 1124 4139 etiam
1143 4083 1386 4155 Caposer.

377 4164 623 4218 Muretus
643 4162 957 4217 emendabat
957 4163 1104 4232 serat
1112 4164 1220 4214 hac
1234 4173 1293 4216 ut
1310 4167 1389 4215 di-

368 4247 518 4311 gnior
546 4243 710 4311 Ajat.
743 4241 1082 4312 Koeppenius
1118 4261 1214 4311 pro
1238 4242 1390 4310 Ajaz

375 4321 626 4382 suadebat
643 4325 830 4380 Hector
845 4343 861 4378 ‚¹
879 4323 1070 4394 quippe
1084 4323 1173 4394 qui
1192 4322 1386 4378 Doloni

1473 2059 1785 2129 promiserat
1814 2078 1975 2128 equos
2004 2056 2297 2112 Acbillis.·-
2312 2054 2494 2109 Codex

1476 2140 1608 2209 Reg.
1629 2140 1676 2192 A
1691 2138 1779 2192 dat
1782 2140 2039 2207 fueritque
2051 2136 2495 2204 bemssqniorAjas,·

1475 2218 1640 2270 codex
1666 2217 1712 2270 Β
1746 2219 2005 2284 tuleritque
2039 2219 2297 2283 benignita!
2326 2215 2493 2280 Ajax.

1476 2295 1600 2349 Non
1623 2295 1825 2363 ingrata
1843 2303 1921 2346 est
1939 2292 2237 2346 emendatio
2255 2292 2454 2344 Mureti
2475 2312 2491 2354 ς

1475 2373 1565 2425 sed
1591 2371 1891 2441 Koeppenii
1912 2372 2214 2438 conjectura
2239 2370 2389 2440 plane
2415 2380 2494 2423 est

1477 2448 1779 2519 rejicienda.
1805 2450 1903 2500 Ed.
2074 2449 2081 2457 ’

1547 2530 1656 2581 255.
1680 2528 1964 2593 Sarpedon,
2000 2524 2148 2578 Jovis
2169 2523 2338 2590 filius,
2373 2522 2493 2594 Ly-

1477 2605 1568 2659 ciis
1604 2615 1839 2673 praeerat.
1876 2605 1927 2657 Is
1962 2621 2161 2672 quum,
2197 2601 2492 2670 Tlepolemi

1478 2682 1625 2735 hasta
1646 2683 1946 2735 vulneratus
1963 2720 1978 2747 ,
2003 2681 2167 2735 elatus
2184 2690 2317 2734 esset
2340 2699 2370 2732 a
2389 2679 2495 2733 suis

1478 2780 1508 2814 e
1535 2761 1714 2831 praelio
1733 2799 1747 2826 ,
1785 2761 1998 2833 Ulysses
2027 2766 2233 2828 agmina
2261 2760 2374 2827 eius
2395 2763 2497 2812 de-

1476 2844 1695 2892 vastavi!
1710 2840 1881 2906 serto,
1928 2838 2101 2908 plures
2138 2857 2167 2891 e
2199 2837 2349 2892 sociis
2383 2838 2496 2905 eius

1479 2917 1741 2970 interfecit
1766 2955 1781 2982 ,
1816 2934 2043 2985 quornm
2071 2916 2288 2969 nomina
2315 2914 2399 2968 hic
2434 2934 2495 2968 ex

1480 2993 1726 3047 Homero
1741 3033 1756 3059 ,
1778 2993 1836 3047 Il.
1857 3004 1895 3046 E
1912 3032 1926 3059 ,
1951 2993 2045 3063 677
2064 3012 2158 3062 sqq
2179 3032 2193 3056 ,
2211 2998 2495 3045 recensen-

1482 3072 1876 3139 tur.—Agmina
1891 3074 2152 3124 devastare
2168 3069 2285 3123 felix
2302 3069 2496 3123 locutio

1480 3149 1545 3203 ad
1562 3149 1857 3220 augendam
1871 3149 2071 3202 cladem
2089 3147 2407 3218 Sarpedonis
2419 3165 2499 3200 so·

1479 3228 1569 3282 ciis
1606 3229 1815 3281 illatam.
1858 3228 2013 3297 Apud
2053 3225 2225 3280 Cicer.
2260 3226 2363 3279 Pis.
2393 3226 2456 3277 33
2478 3263 2493 3291 ,

1479 3311 1769 3360 vastitatem
1801 3305 1964 3377 effici!
1998 3305 2213 3358 morbus
2239 3343 2254 3369 ,
2296 3322 2357 3357 ex
2390 3321 2496 3372 quo

1479 3384 1635 3438 multi
1660 3381 2303 3447 moriuntur.--P1·osmv
2326 3380 2499 3433 Fran-

1480 3465 1668 3520 cofurt.
1693 3463 1849 3517 habet
1878 3464 2074 3523 Marte,
2120 3459 2263 3530 quod
2294 3459 2497 3529 gravius

1482 3543 1664 3597 altero.
1682 3569 1748 3582 —·
1764 3543 2077 3607 Hippasiden
2100 3539 2341 3607 legerunt
2362 3538 2496 3590 Ma-

1480 3620 1743 3690 riangelus
1763 3629 1817 3672 et
1834 3617 2110 3670 Constant.
2128 3616 2378 3670 Fanensis
2396 3656 2410 3681 ,
2438 3625 2499 3668 ut

1481 3697 1803 3767 intelligatur
1827 3696 1991 3748 Socus
2013 3732 2028 3756 ,
2074 3694 2292 3764 Hippasi
2329 3693 2494 3759 filius,

1484 3774 1548 3827 ab
1570 3773 1758 3845 Ulysse
1790 3772 2093 3825 interfectus
2111 3811 2127 3839 ,
2168 3784 2228 3826 ut
2253 3781 2498 3825 narratur

1483 3852 1540 3904 in
1568 3851 1629 3906 ll.
1652 3851 1784 3904 libro
1807 3848 2119 3913 undecimo;
2150 3848 2334 3917 vulgo,
2364 3859 2416 3902 et
2439 3848 2496 3900 in

1486 3930 1666 4001 Regiis
1707 3929 1910 3983 duobus
1939 3969 1955 3996 ,
2004 3929 2190 3999 legitur
2230 3929 2498 3995 Iphitiden.

1486 4010 1587 4064 Ed.
1609 4038 1676 4050 —
1700 4010 1782 4062 De
1810 4010 2221 4064 Chersidamante
2234 4049 2248 4071 ,
2299 4010 2350 4060 Y
2343 4010 2502 4061 boone

1485 4097 1540 4142 et
1562 4088 1773 4157 reliquis
1800 4086 1917 4141 vide
1945 4088 2005 4142 ll.
2028 4097 2073 4142 Δ
2090 4127 2105 4155 ,
2133 4089 2246 4154 4²2·

1553 4166 1669 4219 263.
1682 4157 1928 4230 Pulchr'a‚
1954 4166 2172 4220 honesta
2186 4205 2201 4232 ,
2225 4172 2336 4233 ipso
2354 4170 2494 4231 loca,

1487 4244 1680 4315 quippe
1725 4263 1943 4314 corpore
1993 4244 2211 4299 adverso
2252 4255 2459 4315 accepta
2485 4283 2501 4309 ,

1486 4341 1604 4393 quae
1626 4322 1733 4378 sola
1759 4321 2046 4379 laudabilia.
2074 4322 2277 4377 Contra
2301 4327 2505 4377 vulnera
