3185 5138
694 561 826 631 356

1251 558 1330 621 P.
1381 556 1740 623 OVIDII
1800 552 2254 621 NASONIS

691 705 917 801 thue
954 714 1091 772 erat
1125 694 1472 796 impatiens
1508 694 1619 768 irae
1640 751 1658 781 ,
1696 693 1914 788 Sigeia
1950 710 2139 765 torvo

691 817 916 893 Litora
947 810 1268 911 respexit,
1303 807 1708 908 classemque
1743 807 1811 878 in
1844 806 2070 892 litore,
2106 801 2293 878 vultu
2322 833 2338 876 ε

692 928 1178 1028 Intendensque
1214 952 1446 999 manus
1469 980 1487 1013 ,
1529 957 1563 989 «
1605 922 1920 1019 Agimus,
1957 926 2082 1022 pro
2115 921 2457 1022 Juppiter!
2494 920 2753 1021 inquit,
2787 943 2819 993 5

693 1054 870 1127 Ante
900 1064 1070 1122 rates
1105 1071 1399 1129 causam3
1440 1061 1508 1116 et
1543 1069 1799 1115 mecum
1837 1040 2171 1113 confertur
2204 1037 2472 1113 Ulixes!

691 1171 788 1243 At
814 1195 953 1241 non
986 1163 1329 1238 Hectoreis
1363 1158 1692 1234 dubitavit
1722 1159 1943 1232 cedere
1976 1156 2290 1247 flammi8‚

690 1357 1004 1417 Homericus
1030 1351 1334 1408 transeundi
1359 1349 1548 1403 modus
1564 1388 1579 1415 ,
1614 1337 1708 1417 ὅγε

690 1438 791 1495 κατ’
815 1436 886 1513 ἄρ’
910 1443 1048 1498 ἵζετο·
1077 1445 1199 1487 τοῖσι
1228 1430 1273 1484 δ’
1302 1432 1483 1490 ἐνίστη·
1518 1431 1597 1480 ad
1615 1430 1709 1480 bos

691 1531 838 1582 αἷσι,
879 1513 944 1568 ad
978 1514 1073 1566 hos
1107 1511 1264 1564 verba
1299 1508 1543 1563 sactums.
1578 1507 1707 1562 Sine

691 1616 842 1655 causa
871 1592 1124 1648 Heinsius
1153 1589 1430 1654 suadebat,
1455 1592 1522 1640 ab
1545 1590 1709 1640 bis.—

700 1679 913 1742 Vulgus.
937 1677 1040 1730 λαός
1057 1710 1072 1736 ,
1095 1669 1283 1721 milites
1300 1666 1519 1737 gregarii
1539 1704 1553 1728 ,
1573 1684 1709 1733 quo-

690 1772 812 1807 rum
860 1752 1035 1803 stabat
1066 1766 1249 1799 camna
1273 1785 1287 1806 ,
1328 1745 1418 1813 qui
1459 1741 1707 1795 audiendi

691 1848 842 1885 causa
871 1843 1170 1880 consessum
1198 1822 1435 1890 iudicum
1470 1821 1616 1872 omni
1647 1839 1708 1872 ex

690 1917 835 1979 parte
849 1913 1043 1958 stantes
1054 1900 1346 1969 cingebant.
1364 1898 1707 1966 Quamquam

690 1984 825 2056 apud
855 1983 1077 2035 Homer.
1099 1977 1283 2047 vulgus
1299 1975 1462 2028 sedet.
1476 2003 1542 2014 —
1558 1973 1708 2041 Aiaci

693 2062 828 2133 apud
862 2062 1166 2113 Homerum
1187 2095 1201 2119 ‚
1226 2075 1274 2107 v.
1306 2074 1349 2107 c.
1374 2052 1434 2106 Il.
1466 2063 1532 2118 Η,
1566 2072 1663 2123 927
1688 2090 1704 2115 ,

685 2142 777 2194 ubi
812 2139 970 2192 etiam
999 2133 1338 2195 describitur,
1375 2130 1531 2183 datur
1559 2136 1707 2182 ἱκτα-

689 2225 827 2274 eino-a
877 2224 965 2268 aut
1016 2214 1243 2266 ἕκτᾶὄοιον
1284 2211 1418 2265 σάκος
1447 2247 1461 2271 ,
1500 2217 1703 2275 sepiem

688 2298 850 2350 boum
866 2291 1019 2345 coriis
1044 2288 1300 2341 obductus
1317 2287 1527 2355 clypeus
1547 2304 1560 2345 ;
1585 2281 1704 2335 vide

687 2373 753 2427 ad
788 2373 930 2434 XII,
955 2371 1020 2441 95
1044 2387 1057 2420 ι
1081 2377 1150 2420 etx
1170 2366 1276 2434 ipse
1317 2364 1448 2432 Aiax
1482 2366 1706 2429 σακεσφό-

688 2479 779 2529 μς,
796 2449 935 2520 quod
950 2449 1142 2503 Noster
1153 2447 1530 2512 interpretatur
1542 2444 1713 2509 clypei

688 2537 932 2587 dominus.

753 2613 801 2665 3.
841 2610 935 2669 Ui,
975 2617 1155 2676 utpote
1189 2604 1310 2673 qui3
1347 2599 1566 2666 Cicero,
1609 2617 1706 2667 pro

693 2691 845 2744 Rosc-
871 2687 991 2738 Am.
1013 2704 1067 2753 ¹7
1087 2723 1101 2749 ‚
1127 2684 1317 2740 Homo,
1344 2689 1402 2731 ut
1421 2676 1707 2743 eratsurio-

690 2788 803 2829 sus,
829 2766 1116 2833 responden·
1149 2760 1221 2813 sic
1254 2769 1307 2812 et
1343 2756 1451 2810 ΧΠ
1469 2795 1484 2818 ,
1511 2755 1621 2808 258.
1641 2782 1707 2793 —

691 2847 965 2910 Impatiens
987 2846 1073 2891 ire
1084 2880 1096 2900 ,
1115 2837 1392 2891 iracundus
1407 2856 1420 2897 ;
1434 2831 1704 2900 Livius,v,

692 2923 757 2976 38
774 2959 789 2986 ,
815 2921 1239 2986 Galle'flagrantes
1254 2920 1357 2970 ira,
1377 2913 1525 2981 cujus
1547 2917 1706 2978 impa-

690 3004 819 3052 tiens
828 3011 953 3063 gens
965 3003 1070 3057 es!‚·
1096 2991 1198 3044 vid.
1230 2989 1492 3044 Heinsius.
1514 2988 1705 3056 Quint.

695 3072 872 3128 Calab.
901 3073 1019 3134 180,
1047 3069 1147 3137 μέγ’
1173 3069 1438 3135 &excelsiam
1467 3065 1555 3117 Sic
1582 3064 1707 3117 bre-

692 3152 824 3204 viter
843 3167 1015 3201 mores
1033 3145 1208 3212 Aiacis
1223 3152 1475 3196 notantur
1491 3180 1506 3207 ,
1534 3150 1589 3192 et
1610 3140 1702 3192 ad-

692 3243 1000 3288 monemur,
1024 3222 1187 3291 qualis
1209 3222 1318 3290 jam
1340 3219 1505 3272 oratio
1527 3236 1705 3285 exspe-

691 3303 878 3360 ctanda
901 3301 1318 3366 sih—Hemesa,
1349 3295 1496 3348 vultu
1520 3313 1549 3346 a
1567 3293 1706 3361 judi-

690 3384 834 3439 cibus
858 3380 920 3434 ad
946 3380 1098 3433 litora
1124 3396 1288 3430 verso.
1319 3376 1493 3445 Vulgo
1515 3374 1706 3445 legitur

684 3463 975 3529 prospe-,tim
1019 3455 1159 3526 quod
1197 3452 1417 3507 verbum
1456 3454 1562 3521 jam
1610 3452 1706 3505 da-

691 3535 891 3593 mnavit
915 3533 1340 3602 mosam-Regii
1355 3531 1556 3585 codices
1575 3530 1705 3583 dant

690 3625 941 3682 νημαι-ιτ,-
968 3613 1078 3666 haec
1112 3631 1235 3664 vera
1268 3621 1323 3664 et
1363 3609 1588 3679 genuina
1627 3620 1705 3661 est

690 3694 843 3748 lectio
857 3713 870 3754 ;
886 3700 1159 3744 namtorvo
1173 3691 1316 3740 vultu
1332 3686 1551 3740 mirifice
1563 3706 1704 3741 com·

689 3773 973 3834 mendatur
1000 3793 1013 3834 ;
1052 3770 1094 3823 si
1131 3773 1293 3821 oculis
1317 3808 1331 3829 ,
1377 3786 1485 3820 non
1520 3771 1659 3821 vulla
1681 3807 1695 3827 ,

690 3854 927 3916 dixisset,
955 3848 1119 3919 aptius
1143 3846 1281 3899 soret
1295 3851 1585 3914 prosperan
1612 3843 1704 3897 sed

691 3933 824 3999 Aiax
859 3949 887 3983 a
924 3925 1178 3996 judicibus
1216 3923 1278 3976 ad
1316 3942 1460 3977 mare
1500 3923 1704 3975 vulsum

689 4004 1114 4078 indignabundus
1144 4002 1335 4067 vertit,
1371 4019 1496 4071 ergo
1530 4020 1706 4067 respe-

690 4091 775 4137 xit
796 4089 962 4136 lilora.
989 4080 1088 4134 Ed.

758 4169 802 4217 5.
841 4166 1111 4216 Intendens
1143 4178 1335 4213 manus.
1370 4161 1627 4212 Intendere
1653 4167 1705 4211 et

688 4244 887 4297 tendere
913 4260 1092 4296 manus
1113 4240 1403 4310 promiscue
1436 4256 1705 4307 usurpan-

694 4329 810 4385 tur;
835 4317 950 4371 vide
969 4316 1234 4370 Drakenb.
1254 4316 1319 4369 ad
1336 4313 1523 4370 Silium
1541 4351 1556 4379 ,
1578 4313 1704 4378 XV,

1803 1347 1919 1414 640.
1947 1375 2014 1388 —
2043 1349 2258 1414 Agz'mms
2283 1364 2509 1399 causam.
2545 1346 2679 1414 Ajax
2706 1366 2819 1400 non

1805 1427 1964 1480 modo
1981 1426 2035 1478 id
2059 1426 2269 1495 agebat,
2296 1435 2356 1477 ut
2376 1443 2521 1477 arma
2537 1425 2819 1495 acciperet,

1803 1503 1895 1559 sed
1921 1502 2229 1556 fortitudine
2243 1520 2337 1554 sna
2354 1539 2370 1568 ,
2387 1521 2519 1570 qua,
2547 1500 2821 1556 interfecto

1808 1583 2036 1647 Achille,
2068 1582 2296 1650 reliquos
2322 1581 2481 1634 duces
2504 1599 2689 1634 omnes
2718 1601 2819 1634 su·-

1806 1664 2049 1732 perabat,
2077 1662 2210 1714 adeo
2225 1661 2586 1731 superbiebat,
2608 1670 2669 1713 ut
2686 1660 2825 1713 indi-

1806 1740 2049 1806 gnissime
2062 1737 2252 1804 ferret,
2270 1754 2588 1805 quemquam
2604 1736 2819 1801 audere,

1809 1816 2054 1887 Ulyssem
2076 1815 2315 1884 inprimis
2335 1854 2350 1879 ,
2376 1835 2484 1867 non
2512 1833 2669 1867 manu
2689 1852 2704 1879 ,
2727 1814 2819 1867 sed

1806 1892 2084 1947 calliditate
2107 1902 2160 1944 et
2182 1892 2425 1945 facundia
2445 1892 2780 1958 excellentem
2804 1932 2820 1956 ,

1805 1989 1983 2024 secum
2001 1967 2339 2022 contendere.
2370 1969 2487 2021 Hac
2508 1967 2818 2037 indignitate

1804 2056 2131 2099 commotum
2167 2046 2405 2098 animum
2440 2045 2683 2113 praelat-e
2717 2064 2819 2097 ex-

1804 2125 1984 2193 primit
2025 2124 2125 2177 hoc
2161 2122 2434 2176 exordium
2474 2141 2605 2175 vers.
2647 2127 2816 2185 5-203

1804 2202 2050 2270 idemque
2078 2220 2259 2255 sensus
2291 2219 2385 2269 per
2420 2210 2584 2252 totam
2615 2200 2819 2252 oratio-

1803 2299 1931 2333 nem
1959 2289 2158 2349 regnat.
2179 2275 2552 2345 Indignitatem
2572 2277 2648 2328 rei
2664 2276 2818 2328 abru-

1804 2370 1891 2429 pte
1916 2368 1969 2411 et
1994 2375 2117 2409 cum
2153 2356 2293 2426 gravi
2331 2355 2697 2407 acclamatione
2722 2358 2821 2421 ,ιη-ὁ

1801 2438 2024 2507 Jupiter!
2042 2435 2316 2504 dupliciter
2333 2435 2582 2488 declarat:
2600 2435 2816 2501 Agimus

1802 2533 2009 2567 causam
2025 2525 2146 2565 aule
2161 2520 2293 2566 rates
2304 2553 2318 2575 ‚
2338 2530 2464 2581 quas
2478 2530 2574 2581 ego
2588 2511 2785 2564 servavi
2801 2548 2814 2574 ,

1799 2603 1851 2644 et
1874 2610 2062 2643 mecum
2083 2590 2339 2657 consertae
2356 2591 2536 2640 Uliaees
2550 2629 2563 2650 ,
2583 2607 2705 2643 cum
2720 2606 2820 2640 no-

1802 2668 2051 2723 bilissimo
2082 2679 2136 2721 et
2158 2667 2438 2720 fortissimo
2469 2666 2630 2719 heroe
2663 2666 2814 2718 frau-

1803 2747 2051 2801 dulentus
2085 2757 2139 2799 et
2172 2746 2398 2814 ignavus.
2433 2745 2594 2798 Recte
2626 2745 2817 2812 Quin-

1806 2824 2036 2889 tilianus,
2055 2824 2181 2876 Inst.
2199 2821 2300 2875 Or.
2318 2821 2388 2887 V,
2407 2838 2439 2873 x
2456 2860 2471 2886 ,
2491 2823 2550 2887 4¹
2573 2841 2627 2873 t«
2652 2821 2818 2874 Locus

1804 2924 1831 2949 κ
1859 2902 1925 2954 ad
1965 2899 2476 2956 commendationem
2514 2919 2724 2968 quoque
2764 2910 2817 2952 et

1804 2999 1832 3024 κ
1860 2977 2108 3030 invidiam
2129 2977 2262 3029 valet
2285 2996 2298 3029 z
2323 2995 2447 3030 nam
2461 2987 2516 3029 et
2531 2977 2664 3045 Ajax
2680 2975 2817 3045 apud

1806 3081 1833 3105 ι»
1864 3058 2148 3122 Ovidium,
2168 3059 2473 3117 Antemtes,
2499 3057 2817 3125 inquinemi-

1804 3160 1831 3184 ι»
1859 3155 1971 3188 mus
1991 3155 2214 3189 causam.
2248 3158 2274 3181 »ι
2306 3136 2449 3188 Hinc
2479 3136 2694 3188 classem
2727 3154 2817 3188 re·-

1799 3216 2018 3285 spexisse
2045 3222 2294 3266 monetur
2311 3252 2325 3277 ,
2356 3213 2503 3266 vultu
2526 3212 2636 3281 ipso
2664 3211 2815 3264 indi-

1802 3294 2104 3363 gnationem
2131 3291 2403 3360 prodente.
2429 3318 2496 3331 —
2524 3290 2811 3359 Consertur,

1799 3391 1854 3424 sc
1876 3373 2077 3424 confert
2099 3389 2111 3421 :
2136 3388 2272 3421 unus
2291 3367 2482 3420 Medic.
2498 3386 2684 3421 mecum
2699 3385 2814 3420 con·

1797 3453 1960 3501 tendi!
1971 3447 2394 3509 ,Ulixem—Hanc
2416 3445 2692 3498 lectionem
2719 3463 2785 3514 po
2799 3473 2816 3484 ·

1799 3540 2047 3582 stremam
2065 3568 2080 3595 ‚
2106 3546 2263 3596 quam
2282 3527 2477 3581 habent
2499 3526 2650 3596 Regii
2668 3525 2816 3579 codi-

1799 3628 1912 3673 ces,
1940 3608 2215 3677 probarem
2243 3604 2340 3659 nisi
2365 3602 2498 3658 infra
2516 3644 2531 3669 ,
2556 3624 2688 3657 vers.
2717 3622 2777 3674 79
2796 3642 2811 3669 ,

1800 3696 1932 3738 esset
1960 3703 2145 3737 mecum
2171 3686 2450 3747 contendc,·
2480 3700 2594 3749 quae
2620 3681 2811 3751 repeti·

1801 3765 1874 3815 tio
1915 3774 1973 3816 ut
2013 3764 2205 3815 vitetur
2224 3800 2239 3827 ,
2277 3759 2593 3815 servandum
2635 3771 2714 3814 est
2760 3764 2810 3815 το·

1799 3842 2059 3909 confi-rtur.
2079 3837 2177 3892 Ed.

1869 3942 1911 3989 7.
1930 3924 2007 3972 At
2024 3940 2125 3978 twa
2147 3921 2408 3972 Hectoreis
2434 3930 2532 3972 etc.
2557 3918 2776 3986 Troiani
2790 3957 2809 3987 ,

1803 3999 2035 4051 Hectore
2057 3997 2208 4062 duce,
2225 3997 2400 4065 ignem
2420 3995 2613 4050 inferre
2637 4016 2808 4050 cona·-

1800 4078 1992 4131 bantur
2011 4077 2231 4129 naribus
2252 4075 2559 4129 Graecorum
2576 4117 2591 4142 ,
2624 4077 2810 4146 quibus

1800 4158 2070 4211 conatibus
2105 4156 2383 4209 fortissime
2418 4158 2606 4210 restitit
2638 4157 2770 4223 Aiax
2799 4174 2813 4214 ;

1801 4235 2072 4287 Homerus
2091 4272 2105 4298 ,
2132 4234 2191 4287 ll.
2215 4245 2256 4288 Ο
2276 4244 2327 4286 et
2346 4244 2397 4288 n.
2418 4233 2620 4285 Eadem
2633 4251 2688 4284 re
2703 4229 2818 4298 glo-

1800 4314 1966 4364 riatur
1995 4312 2154 4365 etiam
2182 4312 2323 4381 apud
2377 4312 2568 4381 Quint.
2614 4308 2819 4363 Calabr.
