3185 5138
637 564 1689 636 METAMORPHOSEON
1734 568 1927 637 LIB.
1979 571 2151 639 XV.

2339 572 2469 667 507

338 710 573 794 Astra;
604 707 786 806 juvat
822 707 1012 784 terris
1046 725 1114 782 et
1144 708 1343 783 inerti
1377 708 1529 783 sede
1560 706 1844 796 relictiS‚

336 826 533 899 Nube
563 826 712 901 vehi
734 882 752 913 ,
791 826 1118 928 validique
1152 828 1450 903 humeris
1486 828 1792 902 insistere
1820 827 2144 917 Atlantis3

337 939 776 1041 Palantesque
812 941 1070 1015 animos
1099 942 1347 1041 passim
1381 971 1455 1015 ac
1489 943 1770 1017 rationis
1805 959 2068 1038 egentes

2381 981 2399 1016 1
2410 965 2477 1018 50

338 1058 741 1158 Despectare
772 1057 1041 1159 procul,
1081 1059 1545 1161 trepidosque,
1575 1061 1968 1161 obitumque
2003 1062 2308 1134 timentes

341 1171 449 1245 Sic
485 1174 848 1261 exhortari,
886 1176 1248 1277 seriemque
1280 1176 1573 1251 evolvere
1603 1176 1722 1250 fati
1753 1207 1768 1249 ε

445 1322 481 1353 »
516 1291 581 1361 Ο
615 1317 822 1385 genus
854 1290 1230 1365 adtonitum
1265 1293 1494 1389 gelidae
1528 1293 1880 1368 formidine
1912 1295 2186 1369 mortis!

342 1404 529 1500 Quid
567 1406 806 1508 Styga,
847 1409 1010 1509 quid
1045 1411 1384 1498 tenebraS,
1424 1411 1585 1512 quid
1616 1412 1888 1484 nomina
1923 1441 2088 1485 vana
2124 1411 2402 1500 timetis,

341 1519 689 1596 Materiem
723 1541 981 1612 vatum,
1014 1522 1291 1625 salsique
1328 1524 1586 1625 piacula
1621 1524 1909 1598 mundi?

2386 1545 2479 1598 155

342 1634 641 1737 Corpora
675 1636 806 1711 sive
840 1666 1044 1733 rogus
1077 1637 1368 1727 flamma,
1404 1667 1521 1713 seu
1559 1638 1711 1713 tabe
1741 1654 2030 1713 vetustas

339 1750 715 1826 Abstulerit
737 1807 757 1840 ‚
795 1750 962 1826 mala
999 1780 1196 1853 posse
1229 1751 1372 1852 pati
1407 1780 1543 1825 non
1578 1752 1715 1825 nlla
1746 1752 2019 1852 putetis·

344 1865 567 1938 Morte
599 1884 822 1939 carent
854 1867 1086 1941 animae
1107 1922 1126 1955 ,
1164 1893 1550 1967 semperque
1570 1922 1589 1955 ,
1626 1866 1849 1967 priore
1880 1866 2105 1940 relicta

341 2062 579 2118 codicum
606 2104 622 2130 ,
656 2066 949 2120 secundum
990 2084 1148 2135 quam
1182 2086 1361 2121 versus

340 2160 452 2194 non
476 2141 646 2198 solum
665 2155 742 2196 est
766 2143 1044 2216 dactylicus
1059 2184 1074 2210 ,
1092 2144 1183 2198 sed
1200 2143 1360 2198 etiam

342 2220 572 2275 abundat
594 2222 784 2294 syllaba
808 2262 824 2289 ,
862 2243 979 2292 quae
1000 2262 1014 2289 ,
1038 2224 1106 2277 ob
1130 2223 1362 2279 vocalem

341 2300 702 2371 subsequentis
722 2322 900 2357 versus
924 2343 939 2369 ,
968 2303 1180 2357 eliditur
1206 2325 1220 2366 ;
1261 2302 1363 2357 hoc

343 2390 521 2442 autem
546 2380 659 2434 loco
683 2381 815 2433 nibil
840 2381 1153 2435 mutandum
1179 2380 1362 2435 credi·-

342 2479 462 2511 mus
488 2499 504 2526 ,
545 2461 665 2529 quia
690 2460 888 2529 primus
907 2460 1202 2529 Hamburg.
1226 2477 1362 2513 unus

344 2538 647 2593 Heinsianae
658 2537 1040 2592 emendationis
1050 2538 1151 2592 suit
1161 2548 1363 2603 auctos-3

341 2619 507 2671 immo
517 2617 708 2671 codicis
720 2619 882 2672 nostri
895 2618 1046 2687 Regii
1065 2617 1109 2671 B
1125 2617 1363 2671 librarius

342 2695 543 2764 scripsit
543 2696 698 2761 lava!
715 2702 787 2749 ite
796 2716 891 2763 per
908 2706 1051 2748 astra
1067 2699 1178 2748 alta
1191 2736 1203 2757 ,
1224 2706 1364 2749 tam-

346 2790 503 2841 quam
538 2791 755 2826 omnem
790 2772 933 2827 dubii
969 2772 1143 2827 locum
1179 2774 1360 2828 tollere
1390 2804 1391 2807 ¹

344 2848 582 2904 voluerit.
608 2853 705 2904 Ed.
720 2882 787 2894 -
804 2853 992 2906 Mente
1011 2871 1098 2905 me
1114 2851 1362 2906 adtollam

344 2947 497 2998 supra
532 2940 743 2984 terram.
770 2959 835 2972 —
868 2931 1114 2986 Graviter
1150 2942 1205 2986 et
1238 2951 1362 2985 vere

343 3012 476 3060 iners
500 3011 660 3063 sedes.
694 3011 799 3063 Pro
819 3020 874 3064 et
893 3015 1048 3064 merli
1071 3011 1178 3064 Sixi
1199 3010 1363 3065 codex

346 3085 500 3141 habet
516 3091 731 3152 mortali,
753 3100 811 3142 ut
823 3090 888 3144 sit
902 3090 1153 3159 appositio
1166 3128 1183 3161 ,
1199 3096 1359 3152 terres,

346 3170 553 3219 mortali
565 3171 684 3219 sede
702 3208 715 3229 ‚
758 3171 962 3222 tela-1125.
999 3167 1175 3221 Ambo
1210 3168 1363 3238 Regii

347 3243 549 3297 codices
572 3245 765 3300 habent
790 3253 935 3301 terris
949 3289 962 3309 ,
995 3258 1048 3301 et
1070 3253 1227 3302 eberti
1246 3251 1365 3301 sede

348 3326 559 3383 rel1'cta;
595 3324 663 3376 ita
686 3326 811 3378 olim
849 3326 1147 3395 legebatur,
1178 3339 1234 3381 et
1262 3327 1365 3398 legi

349 3403 506 3455 etiarn
524 3423 669 3458 nunc
682 3404 924 3469 deberet3
951 3407 1166 3460 alteram
1183 3407 1366 3461 lectio-
1398 3434 1401 3439 ·

352 3500 478 3534 nem
499 3500 560 3534 ex
578 3482 615 3533 J
619 3482 816 3536 uniano
841 3484 952 3537 solo
975 3484 1183 3538 videtur
1210 3484 1367 3539 adtu-

350 3556 463 3610 lisse
492 3559 743 3614 Heinsius
766 3579 779 3613 ε
801 3562 844 3614 si
865 3566 1074 3615 mortali
1095 3581 1124 3614 e
1151 3561 1365 3614 Siniano
1398 3604 1401 3609 .

350 3637 504 3691 simul
539 3638 803 3693 adtulisset
824 3680 839 3707 ,
874 3659 981 3693 non
1021 3639 1365 3710 improbanda
1398 3660 1403 3665 ·

350 3718 571 3771 omnino
594 3717 734 3771 foret
757 3717 1092 3783 emendati03
1119 3718 1212 3772 sed
1244 3738 1369 3787 pec-

351 3806 432 3849 cat
447 3837 463 3863 ,
486 3797 700 3850 servatis
716 3816 825 3851 voc.
848 3808 902 3851 et
921 3803 1080 3851 iaedi.
1094 3796 1365 3851 Caeterum

353 3875 541 3928 Horat.
568 3877 590 3929 1
614 3914 629 3940 ,
654 3872 762 3929 od.
779 3892 969 3943 xxxw,
994 3897 1054 3951 9,
1077 3876 1205 3931 dixit
1223 3881 1368 3930 bruta
1406 3906 1409 3917 ·

350 3952 514 4006 tellus.
549 3951 646 4004 Ed.
663 3980 729 3993 —
741 3954 986 4007 Palanles
999 3995 1013 4017 ,
1039 3954 1132 4023 qui
1150 3966 1369 4024 propter

352 4047 558 4083 errores
580 4040 635 4083 et
656 4029 962 4100 cupiditates
988 4031 1091 4087 buc
1118 4032 1238 4087 illuc
1264 4052 1369 4085 va-
1406 4056 1411 4065 ¹

354 4119 545 4175 gantur
559 4147 573 4175 ‚
598 4109 773 4162 relicta
788 4110 998 4169 salutari
1012 4111 1108 4166 via.
1124 4110 1370 4181 Respexit

354 4196 532 4239 autem
560 4186 861 4240 Lucretium
887 4222 903 4254 ,
945 4188 999 4243 ll
1018 4227 1033 4254 ,
1066 4208 1103 4259 9
1130 4207 1225 4258 sqq
1249 4226 1264 4253 ,
1302 4186 1368 4240 de

354 4263 505 4318 editis
523 4264 854 4334 Sapientiam
882 4267 1086 4335 templis
1100 4285 1117 4320 ς
1134 4289 1161 4312 κ
1178 4265 1371 4336 Dap}-
1406 4294 1417 4305 .

358 4362 385 4386 ν
413 4362 531 4398 cere
556 4341 697 4398 unde
723 4362 881 4414 queas
901 4345 1052 4414 alios,
1079 4345 1370 4414 passimque

1457 2085 1486 2110 »
1516 2063 1692 2117 videre
1705 2063 1920 2130 Errare,
1934 2074 2089 2133 atque
2101 2064 2238 2117 viam
2251 2064 2400 2134 palan
2407 2074 2484 2119 tes

1459 2163 1487 2189 κ
1515 2160 1751 2210 querere
1775 2142 1893 2210 viba
1912 2180 1928 2206 ,
1974 2141 2194 2195 Cet-tare
2229 2143 2443 2211 iugenio
2461 2177 2498 2207 ,-

1460 2241 1489 2266 »
1517 2219 1840 2273 contendere
1866 2220 2134 2274 nobilitate
2156 2231 2253 2273 etc.
2270 2242 2298 2266 υ
2320 2220 2480 2290 idque

1457 2299 1614 2368 paulo
1637 2310 1754 2368 post
1786 2299 1967 2352 tribuit
1992 2304 2210 2352 ration&
2226 2339 2240 2362 ,
2273 2300 2484 2369 sapien-

1458 2375 1542 2429 tiae
1559 2415 1575 2444 ,
1601 2380 1907 2444 ege-stath—
1925 2377 2105 2429 δεήαι
2123 2417 2138 2439 ,
2166 2387 2481 2446 perpetuum

1457 2476 1638 2510 rerum
1666 2476 1894 2510 cursum.
1924 2484 1993 2496 -—
2013 2458 2280 2518 Evolvere,
2324 2474 2485 2508 enar-

1457 2557 1572 2592 rare
1600 2558 1615 2603 3
1652 2541 1849 2592 volvere
1869 2537 2097 2606 satorum
2128 2554 2321 2590 arcana
2356 2535 2484 2590 dixit

1457 2618 1737 2688 Virgilius,
1764 2618 1965 2683 AEn.1,
1995 2618 2107 2670 252.

1526 2699 1636 2763 154.
1671 2698 1923 2749 Tenebras
1943 2736 1956 2758 ,
1985 2695 2131 2749 Orci.
2155 2724 2220 2735 —
2244 2695 2352 2748 Pro
2377 2714 2505 2748 reo-r

1457 2778 1597 2826 mina
1619 2774 1772 2828 multi
1796 2780 2004 2827 num‘na
2023 2794 2039 2825 .-
2060 2793 2236 2826 πωπω
2251 2792 2384 2843 saepe
2404 2782 2484 2827 est

1458 2851 1806 2922 figmentum,
1835 2864 1890 2907 et
1913 2854 2196 2923 opponitur
2222 2852 2329 2915 ταῖς
2361 2853 2481 2905 Ho-

1457 2933 1620 2986 ratius
1637 2971 1654 2997 ,
1684 2933 1740 2999 1,
1764 2930 1874 2986 od.
1898 2949 1986 2998 w,
2018 2936 2107 2999 24,
2140 2950 2246 2984 nos·
2258 2931 2508 2998 fabule-³

1457 3031 1551 3080 que
1569 3030 1742 3065 manes
1758 3032 1774 3063 .·
1794 3011 1999 3065 ibiwide
2019 3011 2258 3065 Lambin.
2276 3040 2342 3051 -
2357 3014 2485 3064 Fal-

1457 3109 1547 3143 sus
1575 3093 1790 3144 mundus
1810 3130 1827 3154 ,
1866 3091 2241 3145 subterraneus
2266 3131 2281 3157 ,
2320 3109 2483 3161 quem

1460 3168 1728 3223 finxerunt
1744 3179 1798 3223 et
1819 3170 1875 3222 in
1901 3187 2007 3238 quo
2029 3169 2373 3223 describendo
2390 3189 2485 3223 oc·-

1458 3248 1631 3316 cupati
1667 3257 1792 3302 sunt
1839 3258 1996 3300 mles.
2040 3247 2120 3300 lbi
2157 3247 2377 3300 crimina
2425 3247 2484 3299 in
2574 3273 2583 3280 -

1459 3326 1659 3395 superis
1672 3327 1947 3380 commissa
1966 3331 2110 3392 plan·
2131 3325 2483 3378 credebantur
2511 3346 2518 3353 ·

1461 3403 1650 3458 debitis
1659 3405 1841 3473 poenis.
1865 3402 2119 3472 Exemplo
2136 3413 2263 3455 sunt
2279 3402 2485 3456 Tanta-
2513 3422 2517 3431 ·

1461 3486 1541 3539 lus
1555 3525 1571 3552 ,
1591 3487 1738 3540 Ixion
1756 3524 1772 3553 ,
1799 3484 2000 3555 Tityos.
2025 3484 2136 3536 Nec
2152 3482 2482 3555 Pythagoraei

1463 3566 1727 3636 negabant
1750 3605 1765 3631 ,
1805 3565 2004 3617 animas
2041 3564 2327 3632 impiorum
2366 3572 2484 3633 post
2515 3582 2520 3589 ·

1463 3639 2065 3710 repetitas'migrationes
2086 3657 2265 3708 penas
2287 3640 2394 3710 pati
2410 3649 2489 3692 at-

1465 3737 1566 3787 que
1588 3737 1619 3770 a
1640 3717 1810 3771 Furiis
1831 3717 2020 3770 vexari.
2038 3720 2258 3772 Pebcula
2275 3736 2304 3770 e
2320 3718 2484 3785 Neap.

1464 3805 1518 3848 et
1550 3813 1657 3849 uno
1683 3795 1854 3849 Vossii
1879 3794 1986 3848 MS
2010 3794 2206 3864 recepit
2234 3794 2496 3849 Heinsius-

1465 3892 1589 3943 pro,
1600 3877 1828 3942 pertz-ala
1852 3872 2027 3942 (qnod
2050 3873 2240 3944 legitur
2262 3873 2315 3925 in
2341 3871 2490 3926 codi-

1465 3952 1611 4006 cibus
1626 3952 1854 4021 Regiis).
1867 3954 2203 4014 -Vctusm,
2230 3960 2485 4005 senectus.

1538 4032 1647 4084 158.
1676 4031 1841 4083 Morte
1858 4039 2035 4083 caten!
2053 4035 2231 4082 amine
2253 4039 2350 4083 etc.
2377 4028 2486 4082 Se·-

1469 4108 1651 4176 quitur
1675 4108 1995 4162 celebratum
2027 4107 2155 4162 illud
2190 4107 2255 4161 de
2282 4108 2489 4161 anima·
2521 4134 2525 4138 Δ

1467 4206 1591 4240 rum
1617 4188 1931 4257 migratione
1953 4187 2145 4258 dogma
2161 4228 2177 4255 ,
2208 4186 2348 4257 quod
2377 4189 2494 4260 Py-

1469 4266 1710 4337 thagoras
1730 4306 1746 4333 ,
1773 4265 2080 4334 Herodoto,
2113 4266 2353 4321 Diodoro
2383 4267 2489 4322 sic.
2522 4273 2526 4277 ’

1469 4354 1525 4401 et
1547 4343 1657 4400 aliis
1678 4344 2005 4415 auctoribus,
2032 4346 2097 4401 ab
2120 4345 2378 4419 AEgyptiis
2402 4364 2492 4401 ac-
