3185 5138
629 504 1680 612 METAMORPHOSEON
1726 543 1925 611 mn.
1979 544 2221 612 v111.

2412 548 2496 613 53

353 690 509 761 Non
534 684 742 759 babet
762 742 780 773 ‚
818 702 884 758 et
916 683 1236 785 quicquid
1270 683 1509 784 Superi
1540 674 1847 772 voluere,
1883 656 2226 785 peractum
2262 704 2400 773 est;

356 804 649 903 Quoque
683 801 907 875 minus
943 799 1213 874 dubites
1237 855 1256 888 ‚
1295 799 1453 875 tiliae
1489 790 1902 876 contermina
1939 831 2223 903 quercus

2401 824 2507 877 620

360 918 671 994 Collibus
699 935 802 992 est
832 916 1142 1018 Phrygiis
1163 974 1181 1005 ,
1219 917 1480 992 modico
1517 918 1921 994 circumdata
1954 949 2173 995 muro.

356 1037 512 1136 Ipse
546 1034 772 1107 locum
807 1032 942 1105 vidi
973 1062 989 1105 ε
1021 1062 1175 1107 nam
1206 1061 1309 1106 me
1340 1034 1663 1135 Pelopeia
1691 1035 1998 1110 Pittheus

359 1150 554 1224 Misit
591 1150 662 1222 in
697 1178 880 1236 arva,
920 1172 1045 1223 suo
1082 1148 1419 1251 quondam
1454 1166 1730 1243 regnata
1762 1149 2044 1250 parenti.

361 1265 565 1340 Haud
595 1263 836 1367 procul
873 1265 1031 1339 hinc
1064 1282 1416 1360 stagnum3
1457 1264 1655 1339 tellus
1689 1266 2079 1342 habitabilis
2115 1265 2313 1359 olim;

359 1385 560 1457 Nunc
595 1381 888 1456 celebres
920 1382 1164 1478 mergis
1200 1381 1554 1484 fulicisque
1594 1381 2011 1483 palustribus
2051 1385 2264 1460 undae.
2409 1407 2512 1460 625

360 1500 632 1601 Jupiter
662 1499 795 1572 huc
819 1555 837 1586 ‚
877 1497 1096 1599 specie
1131 1496 1437 1584 mortali,
1474 1526 1760 1599 cumque
1796 1518 2069 1601 parente

362 1613 570 1687 Venit
599 1612 1019 1687 Atlantiades
1053 1612 1298 1715 positis
1333 1611 1663 1687 caducifer
1696 1613 1836 1688 alis.

366 1730 559 1807 Mille
596 1732 834 1805 domos
868 1730 1083 1805 adiere
1106 1787 1125 1819 ‚
1166 1729 1390 1804 locum
1425 1730 1855 1833 requiemque
1888 1750 2234 1834 petentes;

364 1849 558 1924 Mille
593 1851 831 1923 domos
864 1848 1153 1922 clausere
1189 1875 1348 1921 serae
1374 1875 1391 1920 z
1422 1864 1641 1921 tamen
1672 1876 1805 1922 una
1839 1849 2092 1950 recepit
2112 1906 2131 1939 ,

367 1966 575 2040 Parva
610 1966 877 2067 quidem
898 2022 917 2055 ‚
954 1963 1221 2065 stipulis
1252 1980 1319 2037 et
1353 1990 1562 2036 canna
1601 1980 1769 2036 tecta
1798 1963 2122 2064 palustri:

2402 1992 2503 2043 630

367 2082 502 2156 Sed
532 2080 647 2183 pia
677 2080 919 2154 Baucis
954 2108 1156 2169 anm,
1191 2075 1519 2181 parilique
1552 2094 1739 2156 aetate
1775 2078 2130 2153 Philemon

366 2296 535 2347 quum
551 2277 661 2331 sere
676 2276 936 2331 sermonis
948 2275 1173 2331 clausula
1187 2276 1282 2343 sit,
1296 2274 1385 2330 bic

365 2355 424 2407 in
449 2354 708 2425 principio
733 2354 983 2408 orationis
1003 2354 1226 2407 offendit
1246 2354 1384 2406 Bur-

366 2453 629 2487 mannum
646 2433 736 2503 qui
759 2433 935 2499 malit,
971 2436 1088 2493 Vis,
1111 2436 1218 2497 aits
1238 2449 1385 2483 nam·

368 2533 471 2584 que
503 2520 606 2568 vim
642 2524 696 2568 et
718 2524 1015 2583 potestatem
1044 2512 1288 2565 Deorum
1313 2510 1386 2563 sic

365 2593 594 2664 junxisse
618 2595 777 2648 etiam
803 2593 996 2648 Cicero
1018 2592 1241 2647 videtur.
1275 2589 1385 2645 Sed

365 2673 559 2726 frustra
581 2672 692 2727 bac
706 2673 919 2726 monuit
940 2673 1057 2725 :Sic
1070 2670 1217 2726 alliu
1237 2670 1388 2739 prin-

366 2751 504 2822 cipio
527 2752 784 2818 etiamX‚
817 2772 904 2820 17;
932 2751 1100 2816 XIII,
1128 2749 1256 2821 539:
1283 2750 1387 2803 Ae-

367 2847 461 2898 que
476 2835 583 2894 ait,
608 2831 689 2895 V,
716 2833 829 2905 489.

433 2909 549 2962 620.
576 2912 723 2962 Tiliae
739 2913 1045 2963 contermina
1058 2926 1267 2977 quercus
1288 2916 1386 2961 etc.

370 2987 794 3041 Monumentum
817 2988 936 3041 sacti
957 3027 972 3054 ‚
1008 3005 1114 3056 quo
1136 3005 1387 3040 comme-

369 3075 579 3118 morato
602 3064 732 3119 fides
755 3065 815 3119 fit
838 3066 1042 3119 sabulo.
1061 3093 1126 3108 ·-
1149 3067 1387 3119 ahum-

370 3147 637 3197 dan'nmro
648 3144 882 3198 solebant
897 3146 1009 3198 loca
1020 3155 1199 3199 sancta
1215 3154 1269 3197 et
1280 3163 1389 3198 me·

372 3222 661 3277 notabilia.
682 3250 751 3264 —
772 3226 890 3292 Ipse
918 3234 1017 3278 etc.
1047 3224 1233 3277 confer
1264 3223 1345 3276 VI
1369 3261 1386 3289 ,

372 3302 472 3355 320
504 3320 619 3370 sqq.
643 3330 714 3343 —
738 3304 949 3370 Pelops,
983 3301 1181 3356 Pitthei
1205 3311 1352 3373 pater
1369 3340 1386 3369 ,

373 3380 510 3434 filius
523 3381 625 3434 suit
645 3390 700 3434 et
716 3399 980 3434 successor
992 3378 1203 3434 Tantali
1220 3417 1236 3444 ,
1252 3378 1391 3448 regis

366 3459 619 3532 Phrygia
631 3500 647 3527 ,
662 3478 779 3529 quc
794 3458 920 3513 inde
933 3462 1171 3528 Pelopeia
1181 3476 1321 3511 ama.
1338 3457 1390 3511 Is

371 3557 539 3608 regno
552 3548 775 3608 paterno
787 3537 963 3608 pulsus
975 3537 1039 3590 ab
1052 3537 1150 3604 110,
1170 3537 1223 3590 in
1243 3535 1389 3590 Gre-

370 3617 505 3669 ciam
528 3618 674 3670 venit
696 3626 936 3686 tempore
961 3615 1174 3681 Acrisii,
1202 3625 1257 3668 et
1280 3633 1391 3668 no-

375 3714 499 3748 men
520 3694 669 3749 dedit
683 3695 1069 3765 Peloponneso.
1085 3693 1221 3747 Vide
1236 3694 1392 3746 Mar-

373 3772 541 3827 sbam.
560 3771 764 3827 Chron.
786 3793 836 3843 p.
863 3773 1041 3828 286.—-
1054 3773 1381 3841 Semper-enti,

378 3851 561 3922 Pelopi
572 3874 585 3916 ς
596 3871 723 3905 nam
737 3850 1002 3919 Pittheus,
1023 3864 1081 3906 ut
1090 3861 1279 3905 notum
1290 3859 1390 3920 est,

376 3942 430 3986 et
445 3932 669 3987 Troezen
692 3932 900 4004 Pelopis
927 3932 1020 3986 filii
1038 3932 1203 3984 suere.
1226 3933 1326 3984 Ed.

440 4011 556 4065 525.
589 4014 946 4076 palumbus,-
988 4011 1172 4065 conser
1202 4007 1393 4078 Virgi-

376 4088 506 4142 lium
523 4128 540 4154 ,
565 4088 763 4161 Georg.
786 4091 840 4145 1.
862 4090 955 4144 361
981 4108 1094 4159 sqq.
1113 4128 1127 4152 ,
1155 4086 1246 4140 ubi
1268 4106 1393 4140 ma-

375 4165 726 4234 nassem-05
761 4186 868 4237 quo
899 4168 1014 4222 loco
1038 4177 1093 4220 et
1118 4166 1241 4236 ipsae
1269 4184 1393 4219 cum

376 4251 557 4314 meretis
567 4247 987 4317 conjunguntur,
1006 4245 1072 4301 de
1086 4244 1274 4316 quibus
1290 4243 1394 4310 XI,

1480 2276 1595 2331 lans
1615 2277 1918 2329 Mercurium
1941 2295 2119 2330 secum
2141 2276 2334 2332 ducere
2355 2279 2504 2334 sole-

1481 2354 1586 2406 bat.
1612 2354 1814 2407 Ambos
1837 2354 1911 2407 sic
1933 2364 1987 2406 et
2015 2355 2249 2423 Hyrieus
2278 2355 2504 2425 hospitio

1481 2435 1696 2503 excepit.
1722 2436 1860 2489 Fast.
1884 2433 2025 2488 dicto
2045 2434 2193 2499 loco;
2225 2436 2469 2509 Hyginus
2485 2477 2500 2504 ‚

1483 2513 1545 2565 P.
1570 2512 1636 2565 A.
1661 2512 1716 2566 II
1733 2552 1749 2580 ,
1771 2511 1852 2578 34.
1878 2510 2010 2565 Inde
2036 2511 2180 2566 intel.
2201 2514 2319 2567 Act.
2346 2515 2500 2582 XIV,

1489 2610 1509 2642 ι
1519 2592 1773 2653 a.—Sera‚
1789 2591 1920 2643 obex
1931 2631 1944 2652 ‚
1969 2595 2140 2659 μοχλὸς
2152 2631 2167 2656 ,
2183 2591 2384 2662 lignum
2398 2595 2504 2646 ser-

1482 2678 1658 2721 ratum
1673 2679 1728 2722 et
1740 2669 1874 2723 vecti
1894 2668 2060 2722 simile
2075 2707 2091 2735 ,
2117 2669 2259 2739 quod
2277 2672 2498 2741 opposi-

1484 2757 1601 2800 tum
1625 2747 1822 2802 foribus
1843 2765 1953 2800 non
1971 2746 2175 2803 sinebat
2191 2767 2277 2803 eas
2295 2750 2503 2819 aperiri.

1547 2824 1663 2879 630.
1681 2827 1848 2878 Paroa
1864 2829 2060 2894 quidem
2073 2865 2087 2888 ,
2127 2836 2225 2880 etc.
2249 2826 2503 2897 Sequitur

1482 2900 1627 2956 locus
1643 2913 1864 2972 pra-stan
1872 2903 2096 2958 tissimus
2109 2943 2124 2972 ,
2143 2922 2250 2973 quo
2263 2923 2377 2958 casa
2391 2944 2405 2971 ,
2421 2924 2504 2959 su·

1483 2981 1682 3049 pellex,
1704 2982 1918 3052 epulum
1940 2983 2380 3052 pauperculorum
2401 2983 2504 3037 ho-

1483 3061 1695 3114 minum
1714 3101 1730 3129 ,
1757 3081 2049 3131 eorumque
2066 3061 2253 3115 eximia
2276 3062 2507 3132 hospita-

1483 3138 1600 3192 litas
1624 3139 1694 3193 ita
1717 3139 2058 3210 describitur,
2085 3151 2144 3194 ut
2167 3160 2249 3195 res
2267 3141 2504 3195 sensibus

1482 3218 1716 3286 subiecta
1752 3217 1993 3272 videatur
2016 3258 2033 3284 ,
2066 3229 2122 3272 et
2158 3219 2323 3272 lector
2356 3220 2505 3273 facile

1484 3306 1762 3349 moveatur
1785 3295 1977 3365 pietate
2001 3295 2284 3366 hospitum.
2305 3322 2371 3335 —-
2388 3297 2504 3349 Sti-

1475 3377 1655 3441 pnlt's3
1681 3375 1818 3428 Fast.
1844 3375 1919 3427 v1
1940 3412 1954 3440 ,
1982 3374 2074 3428 ’δι
2094 3394 2107 3427 2
2130 3377 2253 3441 Quo
2266 3394 2398 3426 nunc
2412 3394 2509 3427 ere

1484 3457 1651 3516 vides,
1677 3458 1870 3521 stipula
1883 3464 2005 3507 tnnc
2025 3462 2159 3507 tecta
2177 3456 2383 3507 w’deres.
2402 3455 2508 3508 Sti-

1476 3534 1614 3599 pulae
1627 3543 1804 3585 autem
1820 3541 1944 3585 sunt
1955 3531 2232 3596 stramina,
2245 3550 2376 3585 vers.
2394 3550 2482 3602 7⁰¹
2493 3572 2506 3586 .

1489 3613 1713 3665 Vetenes
1736 3611 1882 3665 enim
1900 3629 2154 3664 messores
2176 3609 2357 3664 aristas
2377 3621 2508 3665 tan-

1488 3698 1605 3742 tum
1621 3708 1744 3743 curn
1759 3689 1942 3760 exigua
1957 3688 2142 3743 calami
2154 3699 2301 3760 parte
2322 3689 2513 3743 deme-

1487 3767 1618 3822 bant
1633 3808 1649 3836 ‚
1675 3778 1729 3821 et
1740 3768 1952 3838 stipulas
1968 3766 2068 3820 alio
2085 3777 2325 3837 tempore
2347 3778 2511 3821 mete-

1486 3847 1633 3900 bant.
1662 3846 1809 3917 Virg.
1830 3845 2024 3916 Georg.
2040 3846 2097 3914 1,
2124 3848 2236 3917 289.
2252 3848 2508 3909 -Tecla5

1489 3926 1705 3980 Priceus
1721 3936 1776 3980 et
1787 3925 2038 3980 Heinsius
2047 3924 2340 3993 conjiciunt
2350 3931 2510 3988 texta,

1488 4015 1548 4057 ut
1561 4014 1672 4058 tota
1680 4003 1849 4058 casula
1858 4003 1982 4057 inde
1992 4004 2510 4057 constructa—Bau-

1488 4089 1623 4138 ce‘dessr
1643 4103 1841 4139 nomen
1859 4086 1914 4139 in
1932 4083 2270 4154 proverbium
2287 4082 2438 4146 abiit,
2457 4093 2514 4137 et

1489 4184 1587 4235 pro
1606 4166 1787 4236 quavis
1799 4184 1905 4218 anu
1925 4164 2239 4235 paupercula
2252 4204 2267 4231 ‚
2293 4163 2511 4218 eadem-

1492 4263 1594 4314 que
1622 4243 1704 4313 pia
1721 4282 1737 4310 ‚
1759 4253 1838 4297 est
1856 4242 2100 4314 positum.
2134 4243 2374 4308 Persius,
2404 4242 2516 4296 Sat.

380 4322 473 4393 793
495 4342 608 4392 sqq.
629 4350 699 4366 -
724 4325 929 4397 Jupiter
943 4324 1001 4379 in
1020 4322 1173 4378 terris
1195 4321 1396 4376 ambu-
1494 4321 1576 4376 IV
1595 4361 1612 4389 ,
1653 4341 1730 4377 21.
1749 4349 1816 4363 —
1838 4323 1942 4375 Illa
1969 4330 2094 4376 sunt
2124 4330 2224 4378 etc.
2255 4318 2519 4376 Claudia-
