3185 5138
691 523 1708 593 METAMORPHOSEON
1756 526 1950 593 LIB.
2004 529 2094 593 X.

2362 533 2483 623 159

353 665 702 765 Acciperet
724 718 742 750 ,
781 662 987 748 dixit;
1015 660 1446 763 revolutaque
1479 691 1710 738 rursus
1743 664 1975 738 eodem
1996 683 2127 739 est.

347 782 508 853 Non
540 777 731 851 aliter
765 775 1026 875 stupuit
1059 777 1317 872 gemina
1349 805 1506 851 nece
1543 777 1841 876 conjugis
1878 778 2230 878 Orpheus,

352 897 577 992 Quam
611 894 734 967 tria
767 895 886 994 qui
919 892 1227 982 timidus,
1262 893 1479 967 medio
1515 911 1824 995 portante
1859 913 2120 971 catenas
2142 955 2161 986 ‚
2405 924 2472 975 65

354 1007 542 1083 Colla
573 1009 754 1082 canis
786 1007 953 1080 vidit
982 1037 997 1079 ε
1030 1035 1224 1106 quem
1257 1037 1394 1081 non
1426 1038 1632 1110 pavor
1663 1029 1813 1104 ante
1847 1010 2155 1112 reliquit,

353 1127 576 1222 Quam
613 1142 848 1198 natura
881 1123 1103 1223 prior,
1144 1152 1299 1197 saxo
1337 1153 1457 1225 per
1489 1154 1730 1226 corpus
1767 1126 2014 1200 oborto
2046 1158 2063 1201 :

354 1241 634 1340 Quique
670 1241 738 1313 in
772 1267 840 1311 se
877 1238 1122 1310 crimen
1158 1239 1398 1326 traxit,
1436 1240 1777 1342 voluitque
1811 1243 2018 1316 videri

356 1354 611 1430 Olenos
643 1382 780 1428 esse
815 1381 1062 1427 nocens
1092 1382 1106 1424 :
1145 1370 1346 1453 tuque
1382 1384 1423 1428 o
1460 1357 1709 1431 confisa
1734 1357 1995 1452 figuras,

355 1470 598 1545 Infelix
634 1469 933 1556 Lethaea,
974 1486 1099 1541 tuae
1125 1497 1141 1555 3
1171 1469 1583 1566 junctissima
1620 1471 1953 1570 quondam
2420 1517 2483 1565 7¹·

355 1587 633 1659 Pectora
655 1639 674 1670 ‚
707 1613 883 1656 nunc
919 1582 1210 1683 lapides,
1254 1612 1419 1683 quos
1453 1583 1724 1657 humida
1764 1586 2046 1657 sustinet
2078 1585 2210 1658 Ide.

363 1702 721 1787 Orantem,
753 1698 1126 1798 frustraque
1159 1698 1399 1771 iterum
1435 1698 1711 1772 transire
1751 1698 2079 1772 volentem

359 1817 659 1890 Portitor
689 1831 982 1889 arcuerat
1012 1844 1026 1885 :
1057 1831 1305 1912 septem
1347 1831 1558 1886 tamen
1595 1812 1706 1886 ille
1742 1814 1978 1890 diebus
2003 1871 2021 1901 ,

356 2014 459 2068 sius
481 2013 768 2078 scribebat,
791 2015 916 2080 quid
926 2017 1057 2065 enim
1079 2031 1187 2064 sese
1209 2031 1376 2080 quere-

355 2083 760 2160 ritum—Regius
777 2092 821 2143 A
835 2130 849 2156 ,
867 2094 1371 2159 mirisubsequeretur;

362 2169 546 2224 Codex
569 2171 614 2223 Β
637 2169 766 2222 nihil
792 2178 977 2222 mutat.

423 2248 502 2301 63.
543 2248 803 2300 aceolum.
840 2245 1016 2314 Vulgo
1053 2257 1297 2300 revocata.
1312 2274 1378 2286 --

362 2326 514 2397 Regii
546 2325 746 2391 nostri,
781 2329 1038 2390 revolutam
1076 2344 1190 2393 quae
1225 2325 1378 2377 lectio

358 2403 757 2476 certeuvividior.
786 2404 885 2454 Ed.
909 2403 1244 2480 -flevoluta
1265 2412 1370 2464 est,

361 2483 556 2553 relapsa
586 2492 663 2534 est
695 2500 817 2534 cum
846 2480 1065 2533 notione
1089 2479 1377 2533 celeritatis.

365 2562 473 2616 Cic.
503 2562 613 2616 Att.
640 2560 773 2615 Xlll
795 2601 811 2628 ,
838 2560 929 2627 25,
956 2562 1177 2613 revolvor
1195 2562 1380 2612 identi-

358 2644 468 2693 dem
481 2646 534 2692 ia
545 2640 898 2699 Tusculanum,
918 2638 1004 2691 ubi
1019 2637 1187 2705 simpl.
1204 2636 1293 2689 red
1300 2655 1378 2689 ee.

423 2718 502 2785 64.
542 2720 659 2770 Nou
687 2720 838 2769 aliter
862 2720 1066 2782 stupuit.
1090 2714 1379 2782 vulgarem

359 2796 807 2865 comparationem
845 2792 1054 2845 attoniti
1098 2810 1219 2846 cum
1260 2810 1380 2844 saxo

360 2871 842 2935 exornavitsabulis‚
860 2888 996 2937 quae‚
1016 2888 1179 2937 quum
1194 2878 1245 2920 et
1258 2868 1379 2937 ipsoe

363 2949 846 3003 transformationes
866 2946 1091 3000 babeant
1110 2986 1125 3012 ,
1152 2966 1380 3001 commo-

362 3029 428 3083 de
460 3030 671 3083 incertae
704 3036 841 3080 sunt.
873 3025 1000 3078 Viso
1031 3025 1212 3094 aliquis
1244 3024 1383 3078 Cer-

360 3106 490 3159 bero
511 3108 564 3159 in
588 3121 767 3159 saxum
790 3121 1070 3156 conversus
1088 3103 1153 3155 sit
1171 3122 1379 3156 necesse

364 3196 442 3238 est
463 3204 476 3238 ε
499 3185 615 3253 quis
631 3192 806 3234 autem
828 3180 909 3234 ille
926 3181 951 3232 s
950 3180 1084 3232 uerit
1102 3220 1116 3245 ,
1133 3199 1244 3232 non
1261 3200 1382 3234 con·

365 3274 479 3317 stat.
498 3262 624 3316 Sine
644 3261 804 3313 dubio
819 3258 871 3311 id
887 3261 1080 3311 sartum
1099 3270 1198 3325 est,
1216 3278 1380 3327 quum

370 3343 624 3396 Hercules
644 3360 768 3394 eum
793 3338 854 3392 ad
882 3358 1091 3406 superas
1113 3358 1263 3390 auras
1291 3359 1381 3391 ex-

365 3422 617 3475 traxisset.
637 3419 853 3473 Conser.
869 3416 1057 3471 suidas
1074 3418 1125 3470 in
1143 3419 1382 3487 proverb.

371 3505 612 3575 δειλὰ-ιρις
636 3509 716 3552 ταῦ
743 3501 1094 3567 παρακύπτι-ουτος
1119 3536 1132 3561 ,
1167 3498 1249 3549 cui
1275 3497 1383 3550 haec

369 3576 468 3628 sab.
489 3576 747 3645 originem
765 3573 963 3627 dedisse
984 3572 1206 3635 videtur.
1232 3573 1382 3627 Idem

371 3654 549 3720 addit,
577 3673 672 3708 suo
697 3653 866 3707 adhuc
898 3663 1132 3720 tempore
1158 3654 1385 3721 conspici

371 3730 471 3786 hoc
503 3751 698 3786 saxum.

435 3812 518 3865 55.
569 3813 792 3865 Timidus
827 3822 996 3866 mutat
1040 3812 1288 3865 Heinsius
1329 3811 1384 3864 in

374 3889 565 3960 Stsgae'i5
582 3889 690 3942 duo
706 3894 957 3952 tumuluu
981 3890 1178 3958 primus
1194 3888 1386 3956 Regius

373 3971 584 4025 tumidi.
630 3967 679 4020 id
718 3976 796 4020 est
829 3967 945 4020 irati
975 3984 987 4017 ε
1013 3985 1122 4019 non
1151 3965 1299 4016 male.
1322 3993 1388 4004 --

379 4041 558 4098 Codex
571 4044 767 4112 Regius
788 4045 834 4097 A
851 4084 867 4110 ‚
880 4048 1094 4100 tumidi:
1120 4041 1301 4095 Codex
1319 4043 1384 4107 Β,

373 4127 549 4176 tamti.
571 4150 638 4161 —
660 4124 868 4181 Medeos
895 4122 1027 4174 collo
1049 4119 1384 4183 subauditur;

376 4217 497 4251 nam
516 4219 543 4251 e
563 4200 726 4251 tribus
746 4197 967 4252 Cerberi
991 4198 1132 4252 collis
1153 4197 1388 4251 medium

374 4277 566 4330 catenis
588 4278 759 4329 suerat
781 4276 1015 4346 ligatum.
1037 4279 1138 4329 Ed.

1540 2011 1621 2083 69.
1654 2014 1915 2065 Olenos...
1935 2015 2151 2067 Lethea.
2176 2017 2387 2068 Horum
2410 2020 2490 2071 sa-

1470 2090 1590 2142 bula
1609 2109 1716 2143 non
1738 2095 2343 2164 nota.—Cosfisafigurae.
2359 2098 2492 2149 Tur-

1473 2169 1641 2221 nebus
1658 2208 1673 2232 ,
1693 2168 1908 2236 Advers.
1934 2170 1957 2222 1
1978 2210 1992 2235 ‚
2020 2174 2081 2224 23
2099 2211 2113 2236 ‚
2139 2172 2262 2241 legit
2292 2179 2491 2243 corfira

1454 2248 1638 2313 figure
1656 2285 1670 2310 ‚
1697 2257 1750 2299 et
1774 2247 2172 2315 interpretatur:
2199 2259 2253 2302 tu
2277 2271 2401 2304 cum
2425 2253 2491 2305 fn-

1475 2341 1605 2391 gura
1619 2332 1705 2374 tua
1726 2324 1780 2375 in
1801 2323 2025 2392 lapidem
2044 2325 2325 2393 obriguisti.
2354 2329 2491 2397 Qui-

1474 2399 1598 2454 dam
1617 2400 1761 2454 MSS
1762 2405 1951 2470 figura.
1973 2430 2039 2441 -
2057 2403 2251 2472 Regius
2274 2405 2320 2457 A
2336 2444 2350 2469 ‚
2367 2425 2492 2459 con·

1454 2483 1781 2549 fisafigur25
1802 2481 1847 2533 B
1863 2519 1877 2547 ,
1905 2484 2352 2549 cotfisafiffura.—
2359 2485 2491 2537 Con-

1455 2561 1568 2627 fisa
1572 2561 1756 2627 figure
1776 2559 1909 2612 sorte
1934 2559 2005 2612 ita
2022 2599 2037 2623 ,
2063 2569 2121 2611 ut
2144 2579 2197 2611 se
2222 2562 2491 2628 praeserret

1477 2633 1868 2703 Deabus3quam
1881 2634 2177 2703 superbiam
2192 2638 2488 2705 quumDeae

1477 2710 1647 2764 ulcisci
1668 2712 1890 2778 vellent,
1919 2711 2121 2766 Olenos
2145 2714 2353 2768 videtur
2378 2718 2491 2769 cri-—

1476 2808 1600 2841 men
1620 2789 1673 2841 in
1693 2810 1745 2842 se
1768 2790 2036 2860 recepisse.
2052 2795 2348 2860 -Jungere
2357 2814 2491 2862 pec-

1474 2879 1584 2921 tora
1609 2869 1815 2936 proprie
1842 2869 1906 2922 de
1933 2880 2051 2921 actu
2079 2891 2307 2924 venereo
2330 2892 2342 2925 :
2372 2872 2491 2925 vide

1476 2946 1539 3000 ad
1570 2947 1647 3002 lx
1668 2987 1682 3013 ,
1720 2948 1831 3021 459.
1868 2948 1975 3001 Sed
2008 2969 2152 3004 nunc
2162 2952 2493 3018 junctissima

1466 3034 1672 3092 pectora
1688 3037 1813 3078 sunt
1834 3027 2085 3096 conjuges
2106 3048 2284 3083 amore
2304 3042 2491 3083 mutuo

1472 3123 1527 3156 se
1539 3103 1927 3171 amplectentes.
1940 3107 2159 3171 Jungere
2174 3107 2316 3160 enim
2332 3108 2490 3161 etiam

1439 3216 1450 3225 -
1477 3179 1540 3233 de
1560 3200 1739 3233 amore
1756 3192 1810 3234 ct
1826 3182 2049 3235 amicitia
2067 3181 2257 3237 dicitur
2270 3197 2482 3253 :pectus.

1476 3269 1535 3311 ut
1566 3258 1685 3311 alibi
1719 3269 1902 3326 caput,
1938 3257 2001 3310 de
2039 3269 2148 3312 toto
2177 3261 2408 3313 homine.
2427 3291 2493 3303 -—-

1476 3340 1702 3390 Humida
1723 3339 1844 3391 Ide:
1870 3336 1986 3390 vide
2013 3338 2078 3390 ad
2106 3340 2159 3392 11
2177 3379 2192 3405 ‚
2221 3344 2329 3395 218.

1546 3436 1620 3483 7²·
1648 3420 1880 3470 Transire
1902 3422 2155 3470 volentem.
2178 3419 2372 3487 Sprotii
2392 3441 2492 3473 co—

1479 3493 1577 3547 dex
1601 3505 1655 3548 et
1678 3514 1814 3548 unus
1839 3496 2034 3547 Moreti
2059 3501 2274 3547 transire
2290 3517 2493 3562 paran—

1474 3583 1598 3633 tem,
1627 3574 1768 3639 quod
1787 3573 2128 3625 Burmannus
2146 3571 2329 3625 melius
2353 3574 2497 3641 judi-

1478 3661 1558 3703 cat
1576 3689 1592 3715 ‚
1629 3650 1772 3717 quasi
1813 3650 1991 3701 liceret
2027 3648 2218 3700 iterum
2260 3652 2494 3705 transire.

1482 3728 1659 3781 Recte.
1681 3753 1747 3764 —
1774 3725 1921 3794 Regii
1955 3725 2117 3777 nostri
2150 3728 2406 3781 volentem.
2429 3756 2496 3769 ·--

1480 3809 1699 3858 Portitor
1710 3805 1924 3857 nomine
1940 3805 2083 3873 quasi
2100 3806 2310 3874 proprio
2329 3807 2496 3860 dictus

1483 3881 1701 3935 Charon
1717 3923 1731 3948 ‚
1759 3901 1867 3935 non
1887 3901 1914 3933 a
1933 3883 2191 3951 portando
2208 3922 2223 3949 ‚
2248 3883 2337 3936 sed
2355 3886 2495 3953 quod

1482 3984 1509 4015 a
1530 3964 1750 4016 mortuis
1776 3963 2067 4032 portorium
2093 3963 2319 4033 exigeret
2340 3984 2352 4018 x
2379 3965 2495 4019 vide

1482 4041 1874 4095 Broukhusium
1896 4040 1960 4092 ad
1974 4042 2328 4110 Propert.1V‚
2344 4060 2425 4108 xl,
2446 4065 2493 4113 7;

1485 4120 1667 4187 virgil.
1686 4119 1735 4173 G
1773 4121 1795 4172 1
1803 4122 1872 4185 V,
1894 4124 1989 4172 502
2006 4160 2020 4185 ‚
2041 4140 2131 4173 acc
2136 4127 2351 4189 portitor
2377 4125 2504 4177 Orci

1481 4197 1720 4262 Amplius
1734 4198 1979 4264 objectam
1990 4215 2178 4263 passus
2189 4203 2400 4259 transire
2405 4220 2497 4267 pa·

1480 4275 1915 4343 tudem—septem
1926 4279 2114 4328 diebus.
2125 4276 2493 4345 septenarium
