3185 5138
675 565 1727 651 METAMORPHOSEON
1772 589 1970 657 LIB.
2022 595 2253 667 XIII.

2413 608 2543 701 387

408 732 442 763 n
484 700 669 803 Saepe
708 704 1049 808 Phrygum
1086 713 1377 805 maduit,
1408 718 1663 794 domini
1696 752 1878 799 nunc
1911 731 2084 805 caede
2113 739 2447 834 madebit;

407 850 442 881 »ι
481 819 580 891 Ne
617 820 970 922 quisquam
1004 827 1270 927 Ajacem
1306 836 1523 934 possit
1557 865 1903 938 superare,
1944 847 2072 920 nisi
2107 851 2295 952 Ajax.
2334 894 2368 923 »ι
2448 885 2547 962 390

400 931 626 1021 Dixin
658 953 722 1008 et
757 938 825 1011 in
862 959 1096 1040 pectus
1118 1002 1135 1033 ‚
1173 964 1318 1022 tum
1355 950 1620 1026 demum
1651 955 1922 1034 vulnera
1953 992 2259 1064 passum,

401 1048 556 1144 Qua
586 1053 807 1149 patuit
837 1053 1010 1129 ferro
1034 1113 1053 1144 ‚
1091 1057 1351 1136 letalem
1383 1068 1686 1145 condidit
1723 1102 1984 1167 ensem3

398 1165 537 1237 Nec
571 1164 828 1242 valuere
857 1199 1094 1248 manus
1128 1177 1406 1254 infixum
1439 1184 1716 1262 educere
1754 1191 1955 1266 telum
1986 1226 2002 1268 ε

397 1281 678 1385 Expulit
710 1285 852 1387 ipse
884 1316 1115 1381 cruor3
1151 1296 1625 1403 rubefactaque
1661 1311 1980 1404 sanguine
2016 1314 2209 1393 tellus

394 1398 814 1499 Purpureum
846 1404 1040 1478 viridi
1071 1412 1301 1504 genuit
1335 1413 1412 1489 de
1447 1420 1695 1520 cespite
1730 1422 1992 1515 florem,

2435 1468 2537 1536 395

397 1513 540 1608 Qui
570 1515 756 1616 prius
791 1519 1081 1595 OEbalio
1117 1523 1330 1601 fuerat
1365 1531 1446 1604 de
1478 1533 1748 1610 vulnere
1782 1558 1994 1616 natus.

395 1629 618 1703 Litera
653 1638 1022 1712 communis
1060 1641 1295 1718 mediis
1330 1675 1677 1752 pueroque
1716 1655 1996 1759 viroque
2078 1662 2091 1675 ’

393 1749 723 1851 Inscripta
758 1771 859 1826 est
892 1755 1103 1845 foliis3
1134 1760 1271 1836 haec
1304 1767 1599 1844 nominis
1620 1827 1639 1858 ‚
1674 1770 1788 1847 illa
1822 1778 2121 1877 querelae.

492 1864 579 1935 ΙΙ.
620 1865 855 1940 Victor
888 1871 971 1943 ad
1009 1874 1418 1978 Hypsipyles
1451 1886 1771 1983 patriam,
1802 1889 2094 1995 clarique
2125 1897 2453 1978 Thoantis
2474 1963 2493 1992 ‚

394 1977 486 2049 Et
519 1997 812 2057 veterum
846 2002 1054 2062 terras
1087 1989 1363 2069 infames
1396 1999 1569 2075 caede
1609 2003 1898 2080 virorum
1921 2064 1940 2096 ‚

397 2223 511 2287 Qua
532 2230 707 2289 patuit
719 2227 889 2293 serro,
927 2249 1029 2298 qua
1055 2244 1203 2300 parte
1229 2229 1417 2291 vulnus

390 2301 619 2371 accipere
645 2315 877 2373 poterat,
906 2328 1100 2379 nempe
1135 2316 1215 2365 διὸ
1240 2328 1419 2387 φρενῶν·

389 2381 681 2450 Pindarus,
714 2385 868 2438 Nem.
889 2398 924 2439 Z
949 2407 962 2440 ι
997 2409 1122 2442 nam
1150 2394 1419 2461 superiora

389 2459 589 2513 ossibus
604 2462 825 2515 munita.
842 2464 1186 2521 Burmannus
1205 2480 1380 2523 tamen
1399 2510 1415 2539 ,

388 2555 549 2606 quem
582 2537 806 2593 Lenzius
832 2543 1072 2610 sequitur
1092 2584 1106 2610 ,
1145 2557 1294 2614 putat
1326 2567 1407 2601 re·

385 2616 604 2685 spexisse
621 2616 877 2671 Ovidium
891 2618 970 2672 his
983 2622 1153 2676 verbis
1163 2623 1413 2694 fabulam,

387 2712 502 2761 quae
530 2691 792 2763 reliquum
820 2696 993 2765 Aiacis
1022 2718 1212 2769 corpus
1237 2722 1266 2754 a
1288 2704 1415 2757 vul-

384 2772 601 2826 neribus
651 2772 891 2828 immune
937 2776 1089 2831 fuisse
1135 2780 1373 2837 tradebat
1397 2806 1413 2850 ;

387 2848 561 2903 Schol.
589 2849 861 2920 Sophoclis
886 2852 950 2905 ad
971 2854 1117 2922 Ajac.
1142 2876 1274 2912 vers.
1300 2861 1413 2927 844.

387 2924 547 2995 Apud
566 2927 808 2997 Sophocl.
828 2929 986 2983 latere
1008 2931 1192 2987 incidit
1221 2935 1274 2988 in
1302 2936 1414 3006 gla-

384 3003 530 3058 dium
561 3018 698 3061 terra
723 3009 1183 3077 fixum.—Tclum,
1210 3036 1410 3072 ensem.

448 3085 562 3158 395.
579 3091 884 3156 Purpureum
897 3130 910 3142 .
929 3130 941 3144 .
959 3095 1185 3160 .flvrem,·
1208 3096 1328 3150 vide
1345 3098 1410 3152 ad

385 3167 438 3219 X
462 3207 477 3234 ‚
502 3172 873 3237 215.—Puero‚
905 3173 1209 3246 Hyacinthe
1229 3216 1245 3243 ‚
1275 3185 1404 3243 viro,

381 3246 548 3314 Aiaci.
569 3249 748 3319 Hujus
765 3270 962 3305 nomen
978 3293 993 3321 ,
1012 3254 1146 3310 illius
1162 3259 1405 3329 gemitus,

381 3326 687 3395 exprimunt
713 3328 875 3385 litere
898 3332 992 3385 Al.

447 3406 690 3479 399—595.
708 3412 916 3465 Hecuba
927 3420 983 3465 1⁶ae
998 3434 1189 3471 canem.
1201 3417 1371 3475 Graeci
1386 3460 1403 3487 ,

380 3480 549 3536 deleta
574 3486 703 3539 urbe
724 3487 987 3557 Troiana,
1013 3492 1404 3566 distributisque

380 3562 686 3617 mulieribus
707 3567 922 3635 captivis
942 3607 959 3633 ,
979 3589 1138 3624 naves
1159 3572 1369 3628 solvunt
1383 3616 1400 3642 ,

378 3638 750 3710 appellantque
767 3662 887 3696 mox
906 3645 969 3697 ad
985 3645 1264 3702 Thraciam
1276 3690 1292 3717 ,
1313 3653 1404 3706 ubi

378 3721 681 3789 Polydorus,
717 3720 954 3776 Hecubae
980 3723 1116 3777 filius
1134 3766 1149 3792 ‚
1179 3745 1208 3778 a
1233 3729 1402 3802 Poly-

375 3807 605 3851 mestore
624 3797 929 3853 interfectus
942 3811 1069 3855 erat.
1090 3804 1166 3857 Ibi
1187 3806 1402 3863 Achillis

380 3874 569 3930 umbra
613 3890 827 3947 apparet
854 3918 869 3944 ,
920 3880 1247 3951 postulatque
1283 3924 1298 3950 ,
1344 3896 1402 3940 ut

379 3955 641 4025 Polyxena
674 3956 737 4010 ad
768 3958 1066 4028 sepulcrum
1101 3982 1257 4017 suum
1286 3964 1400 4017 im·-

377 4031 623 4087 moletur.
642 4037 852 4089 Hecuba
870 4036 1052 4092 dolens
1065 4051 1261 4094 sortem
1280 4041 1400 4098 mio

380 4112 510 4166 dum
545 4113 600 4167 in
636 4113 787 4168 litore
828 4117 1101 4185 ambulat,
1147 4123 1399 4192 conspicit

375 4210 564 4262 corpus
586 4191 867 4265 Polydori,
894 4216 1054 4264 quem
1077 4198 1131 4251 in
1153 4199 1280 4254 vivis
1303 4201 1400 4254 ad-

373 4266 479 4323 huc
496 4289 626 4337 esse,
639 4282 692 4326 et
703 4291 734 4325 a
746 4273 1109 4346 Polymestore
1121 4275 1254 4330 clam
1272 4278 1396 4332 edu·

375 4348 480 4401 cari
503 4349 813 4406 crediderat.
849 4352 1018 4409 Luctu
1045 4355 1206 4425 igitur
1236 4368 1289 4411 et
1318 4358 1397 4412 ira

1514 2262 1681 2312 quum
1703 2246 1936 2304 Thraces
1958 2270 2077 2307 eam
2102 2254 2356 2326 lapidibus
2379 2276 2540 2332 pete-

1511 2332 1664 2386 rent,
1700 2335 1939 2380 mutatur
1964 2329 2020 2384 in
2043 2350 2247 2386 canem.
2281 2337 2538 2397 Sumtum

1509 2407 1589 2450 est
1611 2397 1710 2454 hoc
1732 2416 2106 2470 argumentum
2128 2409 2274 2465 luctu
2298 2416 2538 2484 plenissi-

1509 2492 1661 2526 mum
1681 2514 1695 2541 ‚
1719 2487 1773 2530 et
1790 2481 1996 2549 egregie
2014 2493 2292 2541 tractatum
2307 2528 2323 2555 ,
2347 2512 2410 2545 ex
2427 2495 2535 2550 Eu-

1508 2549 1677 2620 ripide
1693 2593 1710 2619 ,
1735 2554 1968 2610 Troadd.
1991 2572 2045 2614 et
2066 2562 2302 2621 Hecuba.
2330 2569 2537 2630 Confer

1510 2626 1687 2682 Tzett.
1715 2629 1853 2687 Chii.
1875 2636 1990 2703 111,
2020 2641 2081 2707 74
2098 2679 2114 2708 ,
2142 2651 2198 2695 et
2218 2645 2498 2719 Hyginum
2515 2694 2531 2723 ,

1510 2703 1613 2758 sab.
1641 2727 1661 2758 ι
1674 2727 1693 2759 1
1708 2728 1749 2761 1.

1571 2785 1823 2859 399-428.
1867 2794 2044 2847 Victor
2068 2801 2146 2853 ad
2165 2811 2263 2855 etc.
2286 2805 2532 2865 Breviter

1505 2877 1879 2936 recensentur,
1902 2890 2020 2939 quae
2040 2874 2165 2929 inde
2188 2898 2217 2931 a
2239 2882 2435 2948 judicio
2453 2908 2531 2941 ar·
2624 2890 2629 2897 ’

1507 2960 1720 2997 morum
1738 2964 1902 3016 usque
1918 2950 1982 3002 ad
1997 2954 2373 3020 prosectionem
2387 2964 2532 3020 Grae·

1503 3039 1691 3074 corum
1725 3036 1868 3092 gesta
1893 3031 2095 3083 suntin
2122 3052 2248 3105 agro
2275 3039 2530 3110 Trojano.

1506 3100 1721 3173 Ulysses
1732 3144 1749 3172 ‚
1768 3112 1936 3161 veh-tor
1946 3109 2001 3163 in
2014 3112 2210 3180 judicio
2224 3137 2495 3183 armorum
2511 3168 2526 3193 ‚

1503 3181 1715 3253 navigat
1746 3185 1802 3238 in
1844 3187 2071 3244 insulam
2103 3194 2346 3253 Lemnon
2371 3241 2387 3268 ‚
2440 3208 2531 3262 ubi

1501 3259 1650 3329 olim,
1665 3274 1903 3334 tempore
1922 3269 2214 3340 Argonaut.
2230 3279 2291 3328 H
2275 3286 2525 3352 spstjvyle‚

1503 3358 1650 3407 quae,
1693 3361 1856 3411 quum
1878 3347 2094 3417 reliquae
2120 3351 2433 3412 Lemniades
2453 3401 2469 3428 ,
2500 3383 2529 3416 a

1500 3420 1717 3476 Venere
1745 3424 1981 3495 impulsae
2000 3468 2016 3495 ,
2048 3436 2181 3484 vims
2204 3452 2391 3492 omnes
2430 3441 2525 3494 in-

1499 3499 1805 3555 terficerent
1822 3541 1836 3568 ‚
1880 3507 2116 3560 Thoanta
2152 3523 2358 3580 patrem
2389 3518 2525 3573 clam

1499 3577 1751 3647 imposuit
1766 3582 1917 3648 navi,
1944 3595 2003 3637 ut
2021 3601 2347 3657 servaretur3
2367 3595 2527 3666 Apol-

1497 3652 1748 3724 lodorus,
1778 3659 1836 3725 1,
1864 3677 1920 3713 11
1938 3701 1954 3727 ‚
1988 3684 2044 3733 ¹7
2067 3687 2081 3731 ς
2110 3667 2355 3738 Hyginus
2374 3714 2391 3740 ,
2421 3676 2521 3731 sab.

1504 3738 1564 3787 15
1585 3774 1600 3801 ,
1634 3745 1691 3786 et
1716 3754 1848 3804 quos
1880 3738 1952 3792 ibi
1981 3741 2157 3799 laudat
2186 3747 2438 3806 Munker.
2459 3784 2528 3795 —

1498 3815 1575 3865 Et
1587 3824 1802 3867 uterum
1815 3826 2004 3882 terras,·
2024 3821 2328 3894 Vossianus,
2347 3841 2400 3884 et
2415 3831 2523 3886 duo

1498 3890 1581 3943 alii
1590 3892 1907 3947 Advetcrmn
1915 3904 2197 3967 terrasete.;
2211 3907 2394 3961 tertius
2406 3909 2525 3965 Me·

1497 3965 1674 4021 diceus
1693 4008 1707 4035 ‚
1748 3973 1823 4023 Et
1842 3984 2055 4028 veteram
2084 3984 2161 4032 ad
2177 3991 2352 4036 terras.
2394 3989 2523 4043 Post

1493 4044 1639 4099 hunc
1676 4068 1886 4104 versum
1918 4057 2162 4112 nonnulli
2196 4061 2521 4124 interserunt

1495 4124 1657 4180 alium
1679 4148 1691 4181 ε
1728 4132 2022 4189 Transierat
2038 4144 2241 4195 tandem
2254 4157 2406 4211 podet
2419 4170 2515 4202 vo·

1492 4215 1639 4273 toque
1645 4215 1851 4275 potitus.
1862 4241 1928 4253 -
1944 4215 2007 4269 ln
2027 4218 2194 4290 Regio
2207 4223 2381 4279 codice
2401 4229 2447 4281 Β
2460 4227 2516 4282 bi

1495 4302 1672 4342 versus
1705 4297 2154 4365 transponuntur,
2185 4299 2511 4374 legiturque:

1501 4362 1680 4417 Vektor
1689 4370 1765 4419 ad
1771 4370 2303 4446 Hypsejvylespatreiam
2315 4422 2329 4447 ,
2359 4387 2515 4438 clari·
