3185 5138
686 558 817 641 438

1226 561 1306 625 Ρ.
1368 559 1736 627 OVIDII
1799 558 2255 628 NASONIS

686 701 825 772 Ora
859 715 1163 800 proterva
1196 726 1432 772 canum
1462 729 1477 771 ε
1510 698 1627 774 sed
1661 727 1833 801 quos
1862 699 2068 796 fugit,
2098 700 2391 777 adtrahit
2425 731 2555 778 una
2584 733 2601 791 ς

684 816 775 887 Et
810 842 1052 914 corpus
1089 842 1387 915 quaerens
1422 814 1747 890 femorum
1769 872 1788 902 ,
1828 845 2267 918 crurumque,
2301 819 2720 922 pedumque,

689 929 1053 1003 Cerbereos
1085 928 1293 1002 rictus
1324 957 1450 1030 pro
1481 932 1790 1031 partibus
1821 933 2075 1007 invenit
2110 931 2243 1007 illis
2273 964 2289 1005 ε
2754 959 2824 1010 65

684 1045 960 1146 Statque
996 1073 1231 1120 canum
1265 1045 1482 1120 rabies
1502 1101 1523 1135 ‚
1561 1047 1988 1149 subjectaque
2021 1066 2204 1144 terga
2231 1049 2516 1124 ferarum

683 1162 1085 1259 Inguinibus
1121 1164 1372 1237 truncis
1393 1219 1411 1249 ‚
1449 1182 1777 1265 uteroque
1810 1182 2144 1251 exstante,
2180 1186 2460 1242 coercet.

783 1277 999 1354 Flevit
1031 1308 1253 1354 amans
1289 1280 1625 1369 Glaucus3
1658 1281 2070 1383 nimiumque
2099 1281 2439 1358 hostiliter
2470 1312 2604 1358 usae

679 1400 960 1474 Viribus
989 1400 1345 1474 herbarum
1376 1399 1549 1494 fugit
1584 1398 1924 1472 connubia
1959 1399 2204 1472 Circes.

684 1513 898 1615 Scylla
933 1513 1083 1588 loco
1121 1515 1411 1588 mansit:
1449 1542 1790 1616 quumque
1819 1532 1923 1589 est
1955 1515 2108 1590 data
2140 1514 2334 1617 copia
2369 1516 2698 1615 primum,
2754 1555 2819 1608 7⁰

681 1629 762 1700 In
797 1627 1026 1701 Circes
1060 1628 1287 1701 odium
1320 1627 1519 1702 sociis
1556 1629 1868 1730 spoliavit
1902 1628 2164 1703 Ulixen.

684 1742 849 1814 Mox
881 1742 1106 1815 eadem
1137 1744 1424 1816 Teucras
1454 1743 1669 1816 suerat
1701 1772 1994 1818 mersura
2029 1743 2279 1819 carinas
2301 1800 2321 1833 ‚

679 1855 769 1926 Ni
801 1853 989 1954 prius
1025 1857 1092 1928 in
1122 1854 1513 1955 scopulum,
1547 1857 1665 1956 qui
1702 1886 1880 1932 nunc
1914 1886 2184 1959 quoque
2219 1884 2452 1932 saxeus
2486 1874 2739 1942 exstat,

680 1971 1179 2046 Transformata
1213 1972 1429 2045 soret:
1465 1974 1817 2074 scopulum
1846 2005 2113 2076 quoque
2149 1976 2366 2049 navita
2402 1975 2583 2048 vitat.

776 2086 866 2159 11.
904 2087 1095 2158 Hanc
1125 2086 1244 2159 ubi
1277 2086 1582 2184 Trojanae
1615 2088 1812 2162 remis
1832 2147 1851 2179 ,
1885 2089 2276 2189 avidamque
2310 2087 2698 2189 Charybdin
2749 2109 2813 2180 75

681 2202 950 2276 Evicere
982 2220 1156 2277 rates
1175 2259 1194 2291 ,
1238 2231 1444 2303 quum
1474 2204 1609 2301 jam
1638 2233 1849 2306 prope
1881 2203 2041 2278 litus
2073 2205 2380 2280 adessent

684 2389 712 2412 ι»
739 2366 845 2420 beu
880 2366 1151 2437 pertimuit
1188 2365 1430 2422 latratus!

678 2466 802 2515 quos
811 2446 960 2515 sugit
981 2449 1212 2500 adtrahit
1228 2467 1346 2499 una.
1371 2446 1704 2517 Schepperus

686 2527 931 2597 corrigit,
965 2531 1060 2580 sed
1067 2527 1329 2596 quesnel!
1346 2530 1576 2581 adtrahit
1599 2547 1704 2581 ora.

684 2606 831 2658 Bene
844 2615 1020 2659 autem
1037 2604 1325 2674 quidquam
1339 2617 1522 2659 contra
1537 2605 1702 2659 codic.

682 2685 988 2739 mirandum
1003 2695 1143 2739 vetat
1159 2686 1516 2739 Burmannus.
1536 2688 1705 2738 Ed.—

690 2766 737 2815 (
728 2764 1147 2831 orpus-semorum,
1163 2761 1385 2816 femora.
1386 2761 1702 2839 —Jucunde
1722 2790 1747 2823 ⁷·

682 2860 904 2910 querens
930 2852 984 2894 et
1004 2845 1209 2895 invenit.

747 2921 829 2972 66.
866 2922 1072 2986 Statque
1097 2937 1307 2971 canum.
1355 2909 1595 2993 agend.
1626 2920 1702 2973 Hi

682 2999 791 3050 duo
802 3016 981 3049 versus
996 2995 1201 3049 mendis
1217 2995 1450 3073 labeni-e
1468 2997 1559 3051 visi
1580 3008 1706 3051 sunt

685 3074 940 3140 Heinsio,
966 3073 1057 3143 qui
1079 3074 1272 3141 suasit,
1295 3077 1502 3144 Statque
1522 3096 1704 3130 cam

681 3158 838 3217 rabie,
873 3153 926 3209 b.
951 3174 996 3207 e.
1020 3152 1302 3208 inferiores
1325 3165 1496 3223 partes
1524 3155 1580 3208 in
1604 3176 1703 3210 ca-

682 3251 813 3286 num
841 3232 1041 3286 rabiem
1071 3242 1347 3285 mutantur
1379 3232 1505 3287 :sed
1545 3246 1703 3302 poeta

684 3311 785 3365 hoc
818 3310 1035 3364 fortasse
1062 3307 1227 3363 voluit
1245 3349 1260 3375 ‚
1295 3320 1393 3365 stat
1419 3321 1622 3364 mutata
1646 3313 1703 3366 in

680 3408 835 3441 canes
857 3387 1095 3451 rabidos;
1121 3387 1175 3441 id
1200 3397 1260 3440 ut
1283 3389 1508 3458 graviter
1530 3391 1706 3458 expri-

682 3477 853 3521 meret
870 3506 885 3533 ,
905 3468 962 3520 in
987 3466 1236 3521 duritiem
1260 3468 1541 3536 quamdam
1571 3468 1707 3523 inci-

684 3544 786 3598 dit:
806 3545 938 3598 nihil
952 3564 1079 3616 ergo
1091 3557 1311 3600 mutem.
1333 3546 1633 3600 Lactantius
1646 3546 1703 3600 in

684 3623 808 3691 Arg.
826 3633 970 3675 tenus
982 3629 1113 3691 pube
1134 3628 1348 3677 canibus
1368 3634 1447 3679 est
1468 3624 1704 3694 effimla.

684 3699 833 3753 Idem
862 3700 1148 3766 Heinsius,
1183 3722 1350 3771 quum
1384 3721 1482 3771 pro
1513 3712 1707 3755 coercet

678 3797 818 3832 unus
839 3780 1074 3832 Patavin.
1091 3788 1145 3832 et
1163 3780 1337 3833 Jureti
1351 3791 1589 3850 excerpta
1612 3801 1705 3835 co-

679 3860 830 3911 beret
862 3857 1120 3911 haberent
1142 3897 1157 3924 ,
1186 3861 1435 3912 coherent
1465 3858 1701 3926 set-ipsiu

681 3937 824 4005 quod
844 3936 973 3990 mihi
989 3937 1144 4006 paulo
1160 3936 1454 4006 languidius
1475 3937 1701 3993 videtur.

686 4016 889 4068 Coercet
910 4015 1229 4084 interpretor
1247 4055 1262 4081 ,
1288 4014 1666 4085 complectitur.

748 4115 774 4163 7
786 4114 826 4146 ι.
866 4095 1032 4147 Sociis
1050 4100 1288 4164 spoliavit
1308 4097 1507 4149 Uli-un.
1529 4093 1703 4167 Scylla

679 4189 768 4224 sex
780 4170 982 4243 Ulyssis
1000 4175 1165 4228 socios
1188 4193 1217 4227 e
1243 4193 1375 4227 nave
1397 4172 1667 4227 devoravit
1682 4213 1698 4241 ,

679 4267 998 4317 quamquam
1039 4249 1195 4306 Circe
1230 4271 1355 4306 eum
1392 4251 1699 4306 admonue-

674 4335 755 4379 rat
772 4365 787 4393 ,
816 4337 874 4381 ut
891 4327 986 4381 sibi
1001 4339 1213 4383 caveret
1227 4328 1292 4382 ab
1312 4328 1410 4385 hoc
1425 4339 1694 4395 mensu-03

1471 2388 1497 2413 ιο
1518 2395 1583 2406 --
1604 2369 1713 2420 sed
1802 2369 2026 2420 Homer.
2045 2367 2152 2421 Od.
2167 2380 2214 2423 Μ
2229 2407 2245 2430 .
2271 2369 2476 2421 85-ιοο
2498 2378 2552 2421 et
2574 2370 2668 2434 2⁴5
2685 2386 2778 2436 sqq
2797 2389 2812 2429 ς

1802 2447 1950 2515 Virg.
1973 2446 2083 2500 Cir.
2101 2451 2177 2515 57.
2202 2447 2308 2500 Sed
2329 2447 2527 2500 AEneas
2542 2486 2557 2511 ,
2586 2447 2816 2499 monitus

1800 2525 1865 2579 ab
1893 2523 2104 2579 Heleno
2121 2564 2136 2592 ,
2162 2524 2297 2597 fugit
2313 2536 2591 2595 conspecta
2613 2525 2814 2599 Scylla;

1803 2603 1949 2674 Virg.
1974 2604 2100 2658 AEn.
2133 2605 2248 2670 111,
2273 2604 2388 2671 684.

1858 2704 1884 2752 7
1892 2689 1952 2738 5-
1962 2704 1979 2737 ι
1989 2686 2069 2738 53.
2083 2686 2324 2749 Cen-opes
2335 2689 2391 2735 et
2399 2685 2610 2754 Sybilla.
2621 2683 2815 2737 AEneas

1799 2780 1922 2815 eum
1943 2761 2040 2815 alia
2054 2762 2162 2816 loca
2179 2801 2193 2827 ‚
2223 2773 2339 2815 tum
2360 2761 2660 2817 Pithecusas
2682 2781 2818 2832 μιτ-

1799 2849 2059 2893 tervectus
2076 2878 2091 2904 ,
2120 2839 2209 2892 ubi
2238 2838 2530 2908 Cercopes‚
2557 2860 2620 2893 ex
2642 2840 2817 2894 bomi-

1799 2916 1954 2971 nibus
1971 2918 2027 2970 in
2048 2918 2220 2971 simias
2245 2919 2467 2983 mutati,
2493 2918 2709 2973 tandem
2731 2937 2819 2971 ac-

1800 2995 1939 3049 cedit
1978 2995 2043 3048 ad
2075 2995 2279 3050 Italiam
2304 3035 2319 3061 ,
2359 3006 2415 3048 et
2452 3016 2686 3065 egressus
2719 2997 2814 3050 sub

1800 3075 2164 3144 promontorio
2177 3074 2388 3128 Miseno
2401 3074 2595 3146 Sibylla
2605 3074 2736 3129 duce
2750 3075 2815 3129 ad

1800 3151 2000 3205 inferos
2016 3152 2298 3207 descendit.
2327 3155 2390 3207 ln
2412 3152 2602 3207 itinere
2621 3154 2816 3225 Sibylla

1799 3238 2001 3283 naturae
2017 3246 2124 3285 sue
2141 3231 2399 3285 rationem
2416 3231 2643 3301 exponit.
2662 3232 2815 3285 Pres-

1800 3329 1859 3363 so
1876 3309 2007 3377 pede
2030 3309 2309 3378 Virgilium
2330 3310 2568 3379 sequitur
2581 3348 2596 3374 ,
2622 3309 2715 3363 sed
2736 3309 2816 3363 fa·

1800 3387 1945 3440 bulas
1961 3386 2026 3440 de
2046 3385 2366 3457 Cercopibus
2378 3398 2433 3440 et
2447 3385 2657 3461 Sibylla
2670 3388 2819 3439 viva-

1798 3464 1952 3516 citate
1973 3461 2183 3517 aliunde
2210 3465 2443 3518 inseruit.
2467 3494 2532 3505 —
2554 3468 2710 3519 Hanc
2733 3469 2820 3518 nbi

1807 3542 2040 3603 Troiane
2074 3552 2170 3596 etc.
2209 3542 2369 3596 Redit
2412 3543 2581 3596 oratio
2608 3582 2624 3608 ,
2669 3543 2810 3595 unde

1799 3616 1933 3670 xm
1951 3657 1968 3685 ,
1995 3619 2120 3688 730,
2150 3618 2377 3689 digressa
2402 3631 2531 3674 erat.
2559 3620 2813 3674 Reditum

1799 3696 2141 3751 commodum
2169 3717 2298 3751 vers.
2324 3719 2384 3768 7²
2410 3702 2609 3752 Teucro
2627 3706 2811 3753 canina·

1795 3776 2389 3845 prebent—Avidam,
2419 3777 2541 3846 quia
2571 3776 2809 3830 absorbet

1796 3873 2138 3924 quacumque
2148 3856 2543 3925 appropinquat]
2549 3859 2813 3910 t-Em-

1796 3945 1936 3998 cunt,
1967 3946 2058 3988 aut
2078 3935 2296 3990 vincunt
2321 3934 2583 4006 pericula,
2619 3938 2708 4005 qui
2744 3954 2807 3988 ea

1795 4012 2062 4083 effugiunt
2076 4032 2090 4066 ι
2104 4032 2329 4077 evasere,
2344 4014 2484 4083 quod
2502 4014 2659 4068 habet
2670 4033 2808 4067 unus

1798 4092 1990 4146 Sixian.
2018 4090 2123 4144 MS
2160 4103 2239 4146 est
2257 4111 2320 4145 ex
2341 4092 2803 4161 interpretatione3

1794 4171 1953 4227 etiam
1993 4172 2095 4226 XV
2118 4210 2135 4238 ,
2176 4172 2308 4242 706,
2343 4177 2564 4225 erm-em
2580 4172 2806 4241 stetu-,⁶

1793 4251 1912 4304 vide
1940 4251 2315 4306 Burmannum
2338 4249 2404 4303 ad
2431 4248 2609 4306 Valer-
2644 4249 2807 4304 Ftaoe.

1794 4329 1919 4400 111,
1947 4331 2060 4397 482.
2152 4354 2157 4361 ·
2790 4368 2797 4375 ·
