3185 5138
690 539 817 607 106

1245 540 1326 606 P.
1380 537 1749 608 OVIDII
1806 535 2259 607 NASONIS

684 681 1057 757 Exercebat
1085 697 1278 755 atrox
1307 711 1324 755 ε
1356 699 1425 755 at
1456 679 1683 776 longis
1715 681 1910 755 anxia
1943 681 2120 756 curie

2734 709 2834 778 275

685 796 958 893 Argolis
993 796 1309 873 Alcmene
1329 854 1348 886 ‚
1386 815 1667 899 questus
1698 797 1817 870 nbi
1856 813 2066 898 ponat
2095 793 2302 870 aniles
2326 852 2345 882 ‚

687 916 816 990 Cui
849 915 1090 989 reserat
1116 916 1257 989 nati
1297 933 1577 990 testatos
1614 914 1779 990 orbe
1814 913 2076 988 labores
2097 971 2115 1001 ,

685 1032 891 1106 Cuive
928 1059 1090 1106 suos
1125 1059 1316 1106 casus
1339 1088 1360 1119 ‚
1395 1031 1587 1106 Iolen
1619 1031 1845 1106 habet.
1880 1030 2194 1105 Herculis
2226 1029 2409 1104 illam

685 1147 1024 1248 Imperiis,
1064 1145 1486 1250 thalamoque
1522 1149 1877 1250 animoque
1908 1165 2246 1250 receperat
2276 1145 2561 1249 Hyllu⁵;

689 1263 1141 1366 Impleratque
1169 1282 1435 1340 uterum
1468 1294 1795 1363 generoso
1829 1266 2122 1362 germine
2156 1295 2174 1340 ε
2202 1265 2311 1339 cni
2341 1265 2438 1338 sic

689 1380 938 1481 Incipit
966 1379 1281 1457 Alcmene
1313 1410 1329 1455 τ
1368 1416 1404 1450 «
1433 1385 1723 1456 Faveant
1754 1381 1884 1456 tibi
1917 1382 2193 1455 numina
2224 1380 2456 1454 saltem
2479 1439 2500 1468 ‚

693 1496 1209 1597 Corripiantqne
1244 1525 1463 1571 moras
1485 1555 1505 1585 ‚
1542 1515 1687 1571 tum
1721 1526 1932 1598 quum
1966 1514 2224 1569 matura
2256 1497 2526 1572 vocabis

693 1613 1122 1712 Praepositam
1161 1613 1410 1688 timidis
1444 1612 1863 1714 parientibus
1888 1610 2233 1714 Ilithyiam
2256 1669 2275 1700 ‚

695 1730 916 1826 Quam
947 1729 1112 1804 mihi
1149 1729 1482 1804 difficilem
1516 1732 1560 1803 J
1565 1729 1808 1805 unonis
1842 1731 2053 1827 gratia
2086 1730 2262 1804 fecit.

694 1911 839 1977 tulit,
866 1913 920 1965 in
947 1931 1054 1982 quo
1087 1913 1194 1984 ipse
1228 1932 1352 1967 cum
1383 1912 1503 1967 filiis
1531 1915 1718 1984 periit;

697 1989 938 2060 Ap9llod.
963 1991 1050 2044 lib.
1078 1991 1166 2058 11,
1193 2008 1300 2044 vul
1319 2032 1334 2059 ,
1368 2012 1409 2044 ι.
1431 2021 1498 2032 -
1518 1996 1687 2045 Atro:
1704 2034 1717 2054 ,

695 2071 838 2122 serus
864 2109 880 2136 ,
918 2069 1164 2124 immanis
1192 2110 1207 2136 ‚
1251 2071 1340 2139 qui
1381 2069 1563 2123 odium
1610 2091 1720 2124 non

695 2147 912 2202 finiebat
937 2159 1108 2202 morte
1136 2149 1297 2204 hostis
1315 2189 1329 2216 ‚
1359 2149 1450 2203 sed
1478 2151 1531 2203 in
1552 2162 1725 2221 poste-

691 2245 776 2282 ros
794 2246 1005 2296 quoque
1030 2228 1327 2281 immeritos
1354 2228 1643 2281 exercebat.

760 2310 870 2373 275.
889 2308 1080 2374 Longis
1101 2311 1239 2360 curt}
1257 2347 1270 2365 ,
1297 2305 1453 2376 longa
1468 2325 1720 2360 curarum

687 2383 1153 2439 serice-Alcmene
1166 2427 1177 2444 .
1208 2385 1538 2458 Electryonis
1552 2426 1567 2452 ,
1591 2384 1723 2458 My-

690 2483 942 2518 cenarum
982 2466 1036 2518 in
1072 2467 1322 2534 Argolide
1350 2467 1486 2538 regis
1515 2506 1530 2534 ,
1573 2465 1681 2520 filia
1707 2506 1722 2532 ‚

692 2546 834 2597 Iolen
850 2543 1007 2599 habet
1031 2546 1403 2603 convictricem
1418 2588 1433 2615 ,
1451 2551 1566 2610 ubi,
1586 2546 1724 2619 apud

695 2641 852 2691 quam
872 2663 888 2691 ,
925 2623 979 2677 in
1011 2627 1164 2694 cujus
1191 2627 1310 2679 sinu
1324 2637 1516 2695 ponat,
1556 2626 1727 2698 depo-

696 2710 827 2765 nat,
867 2701 1107 2755 effundat
1147 2714 1361 2772 questus
1400 2708 1604 2767 aniles,
1645 2704 1728 2758 vel

699 2778 883 2832 auibus
920 2780 1131 2833 usitatos
1160 2820 1176 2846 ,
1212 2781 1294 2834 vel
1331 2782 1555 2835 omnino
1590 2802 1729 2836 suos.

711 2857 943 2909 Testatos
966 2860 1108 2919 orbe,
1139 2858 1192 2910 in
1213 2868 1326 2911 toto
1352 2869 1616 2912 terrarum
1640 2878 1729 2912 or-

699 2933 794 2997 be,
831 2933 885 2987 in
915 2932 1328 3003 disiunctissimis
1358 2940 1511 2993 terris
1539 2959 1731 3009 perpe-

704 3022 882 3064 tratos.
909 3011 1111 3066 Seneca
1127 3053 1142 3079 ‚
1165 3015 1324 3069 Herc.
1353 3016 1479 3069 Fur.
1505 3017 1570 3070 36
1588 3057 1604 3084 ,
1629 3038 1731 3086 qua

702 3093 862 3142 lucem
868 3097 1056 3157 premit
1064 3093 1340 3163 Apere'lque
1352 3094 1592 3168 Thethys
1608 3134 1623 3161 ‚
1647 3100 1733 3148 in-

702 3170 896 3223 domita
928 3174 1085 3223 w‘nus
1118 3174 1315 3233 colitur,
1354 3182 1409 3227 e!
1443 3181 1549 3226 loto
1585 3175 1735 3227 Deus

703 3257 941 3318 narratur
974 3252 1105 3303 orbe.
1139 3249 1309 3303 Locus
1336 3291 1351 3317 ‚
1401 3251 1490 3304 ubi
1534 3250 1732 3322 aliquid

703 3337 910 3398 gestum
936 3337 1014 3382 est
1031 3368 1046 3394 ,
1083 3346 1199 3381 rem
1228 3328 1368 3381 issam
1398 3335 1583 3383 testari
1603 3350 1733 3383 mo·-

704 3408 974 3462 numentis
1003 3406 1317 3477 quibusdam
1341 3408 1564 3474 dicitur;
1589 3429 1734 3463 con-

703 3489 782 3541 ser
804 3489 992 3543 Horat,
1012 3489 1065 3543 11
1087 3529 1102 3556 ,
1122 3487 1230 3543 od.
1251 3505 1291 3556 1,
1312 3490 1370 3543 31
1393 3511 1407 3553 ;
1437 3490 1536 3556 w,
1556 3506 1635 3557 lv,
1654 3489 1735 3545 38.

771 3590 882 3643 ²79·
898 3570 1129 3639 Imperitis·
1142 3610 1154 3632 ‚
1188 3570 1430 3640 imperio.
1454 3570 1736 3641 Apollodo-

706 3667 795 3702 rus
815 3689 830 3715 ,
861 3648 911 3702 d.
935 3649 968 3702 Ι.
1000 3654 1116 3706 κατᾶ
1144 3661 1226 3715 τὴν
1252 3662 1332 3707 ταῦ
1355 3656 1517 3729 πατρὶς
1543 3655 1737 3713 broliu-

709 3725 1052 3782 Burmannus
1085 3739 1269 3783 monet
1297 3769 1312 3795 ,
1357 3740 1570 3800 poetam
1608 3747 1734 3782 ma—

709 3806 861 3860 luisse
878 3811 1124 3874 impetiar,
1159 3827 1318 3879 quam
1340 3815 1561 3876 :bapt-reb,
1594 3798 1737 3879 quod

708 3885 906 3939 habent
934 3885 1146 3955 plurimi
1173 3886 1337 3941 MSS.
1362 3906 1430 3940 ne
1462 3897 1567 3940 tres
1589 3887 1735 3941 abla-

712 3966 802 4019 tivi
821 3965 878 4018 in
896 3986 928 4018 o
944 3978 1325 4021 concurrerent
1340 3990 1355 4031 ς
1373 3977 1461 4020 aut
1477 3968 1518 4021 si
1537 3972 1741 4036 imperio

710 4042 1074 4113 recipiendum
1091 4044 1156 4099 sit
1169 4086 1184 4112 ‚
1200 4065 1255 4100 se
1273 4066 1395 4100 cum
1417 4046 1642 4099 Heinsio
1662 4045 1742 4101 le-

713 4140 834 4189 gere
856 4161 870 4187 ,
900 4127 1107 4190 imperio
1128 4127 1478 4195 thalamisque.
1501 4154 1566 4166 -
1586 4124 1740 4195 Regii

713 4199 878 4250 nostri
899 4197 1123 4255 Codices
1141 4242 1156 4268 ‚
1180 4192 1484 4269 ekmulla—⁸-
1494 4204 1741 4256 Thalama

709 4282 924 4344 recipere
936 4297 1080 4333 nunc
1095 4278 1160 4332 de
1174 4280 1422 4350 conjugio
1435 4319 1449 4346 ,
1469 4279 1741 4334 interdum

713 4355 779 4410 de
808 4373 918 4409 uno
942 4357 1226 4412 concubitu
1249 4358 1583 4427 capiendum.
1611 4359 1743 4429 Hy-

1818 1914 1972 1984 ginus
1995 1953 2012 1980 ,
2054 1913 2154 1966 fab.
2198 1933 2264 1985 ²9
2287 1950 2303 1979 ‚
2349 1911 2633 1964 Alcumena
2666 1912 2844 1964 Jooea

1817 1995 2063 2045 thalamis
2084 1995 2284 2057 recepit.
2304 2018 2371 2031 —-
2393 1990 2449 2040 A
2450 1994 2585 2043 nimo
2603 1994 2816 2056 recipere
2828 2031 2843 2052 ,

1820 2071 2322 2140 amare.--Hyllus‚
2356 2068 2601 2121 Herculis
2622 2088 2651 2121 e
2678 2067 2849 2137 Deia-

1819 2149 1938 2201 nira
1967 2148 2105 2201 filius
2143 2158 2273 2201 natu
2308 2147 2496 2216 major.
2518 2175 2586 2188 —-
2611 2148 2849 2201 Gemu'ae

1820 2225 2048 2278 debetur
2069 2225 2442 2278 vetustioribus
2465 2224 2643 2277 multis
2657 2263 2673 2290 ,
2697 2234 2752 2277 et
2769 2233 2851 2276 est

1820 2304 2123 2374 exquisitius
2148 2304 2418 2375 vulgatum
2437 2307 2640 2356 semine.
2655 2330 2721 2342 —
2736 2302 2851 2355 Re-

1822 2384 1936 2453 gius
1958 2392 2140 2435 noster
2167 2383 2213 2434 A
2231 2421 2246 2449 ,
2269 2388 2518 2450 gemtem-5
2550 2381 2746 2451 Regius
2767 2380 2812 2433 Β
2830 2420 2847 2447 ,

1820 2466 2089 2515 semiue.—
2098 2462 2311 2514 Germen
2336 2460 2402 2514 de
2427 2461 2736 2532 embryone.

1889 2545 1954 2597 28
1964 2565 1980 2597 ι
1990 2583 2002 2594 .
2015 2546 2246 2598 Faunae
2257 2546 2358 2596 tibi
2366 2547 2588 2597 numina.
2606 2539 2750 2595 Cum
2763 2542 2853 2595 bo·

1823 2626 1905 2679 nis
1920 2625 2054 2679 votis
2073 2624 2565 2695 incipit.—Iliths1·a.
2584 2630 2819 2679 Εἰλείθυια
2836 2661 2854 2689 ,

1826 2703 2030 2770 Diana,
2057 2722 2177 2772 quoe
2207 2721 2425 2772 praesse
2460 2701 2713 2771 partubus
2734 2720 2854 2754 cre-

1826 2781 2051 2835 debatur
2065 2822 2081 2849 ,
2107 2780 2248 2851 quod
2267 2781 2301 2833 ii
2323 2791 2685 2834 maturescunt
2699 2779 2854 2833 certis

1827 2860 1993 2914 Lunae
2012 2860 2156 2930 (que
2172 2858 2359 2913 eadem
2379 2878 2499 2912 cum
2524 2856 2726 2928 Diana)
2741 2877 2855 2912 cur-

1825 2938 1995 3001 sibu³3
2019 2938 2276 2992 Romanis
2295 2938 2496 2990 Lucina
2516 2948 2570 2990 et
2587 2940 2728 2990 June
2750 2938 2856 2989 Lu-

1826 3020 1948 3067 cina
1974 3014 2147 3077 dictu
2190 3013 2303 3067 Cic.
2332 3014 2399 3068 N.
2425 3013 2494 3067 D.
2520 3015 2575 3067 Π
2596 3053 2611 3079 ,
2653 3034 2731 3084 ²7·
2775 3011 2856 3064 Ea

1830 3112 1996 3161 quum
2012 3099 2222 3161 com'pit
2240 3112 2408 3146 moras
2421 3134 2435 3155 ‚
2464 3093 2715 3147 accelerat
2735 3110 2859 3161 par-

1831 3184 1945 3226 turn
1960 3213 1975 3241 ,
1999 3176 2261 3243 ὦιυλᾶχιια
2286 3172 2482 3227 Graecis
2501 3172 2716 3238 dicitur,
2734 3194 2858 3225 m·-

1826 3261 1959 3313 tura,
1988 3252 2158 3305 vicina
2179 3252 2381 3322 partui,
2397 3262 2456 3305 ut
2469 3252 2506 3305 J
2510 3252 2664 3305 ustin.
2683 3252 2819 3306 XIII
2840 3292 2856 3318 ,

1833 3351 1877 3384 2.
1906 3330 1977 3384 Et
2002 3340 2080 3384 est
2102 3331 2324 3385 verbum
2357 3331 2631 3401 proprium
2656 3329 2860 3385 mulie-

1830 3428 1954 3461 rum
1991 3408 2323 3478 gravidarum
2342 3449 2357 3476 ,
2393 3410 2581 3479 quibus
2596 3448 2611 3476 ,
2647 3420 2801 3479 tropo
2829 3427 2861 3461 a

1835 3491 2044 3543 soetibus
2080 3491 2333 3543 arborum
2376 3490 2540 3562 petito
2559 3530 2573 3557 ,
2613 3501 2863 3543 maturum

1831 3589 1962 3622 onus
2003 3580 2093 3623 aut
2121 3572 2326 3637 pondus
2348 3611 2364 3631 ‚
2403 3578 2626 3622 maturus
2660 3577 2862 3631 water,

1834 3652 2184 3702 maturinisus
2207 3657 2305 3701 etc.
2336 3648 2657 3701 tribuuntur.
2673 3674 2741 3687 —
2758 3649 2868 3699 Vo-

1834 3730 1994 3788 cabe's,
2022 3726 2286 3781 invocabis
2309 3727 2489 3780 :Juno
2517 3726 2714 3780 Lucina
2736 3764 2751 3791 ,
2784 3725 2864 3777 ser

1837 3823 1995 3875 opem
2010 3845 2025 3871 ,
2049 3805 2265 3859 ohsecro
2283 3806 2296 3858 !
2312 3806 2638 3869 —Ye'nu‘dtIs-‚·
2664 3803 2870 3873 primus

1835 3886 2077 3939 Vatican.
2100 3896 2154 3939 et
2182 3884 2462 3939 duodecim
2494 3884 2579 3938 alii
2623 3884 2866 3945 tumidae,

1838 3963 1980 4034 quod
1998 3984 2121 4018 sane
2143 3963 2208 4017 de
2226 3961 2873 4035 parturientibus.—Nos·

1840 4044 1907 4097 tri
1930 4042 2082 4114 Regii
2103 4046 2308 4096 timidis.
2337 4069 2402 4082 -
2422 4041 2500 4095 Ut
2509 4041 2699 4110 facilis
2720 4038 2873 4091 Deus

1841 4122 1949 4189 (V,
1971 4122 2099 4194 559)
2115 4161 2129 4188 ,
2152 4121 2243 4191 qui
2260 4120 2407 4174 facile
2428 4119 2639 4173 exaudit
2660 4136 2839 4187 preces
2855 4156 2872 4180 ,

1839 4200 2029 4255 auxilio
2058 4220 2155 4255 suo
2185 4218 2413 4271 praesens
2442 4208 2556 4264 est,
2588 4197 2661 4252 sic
2684 4206 2875 4251 contra

1839 4278 2070 4349 diffie-ms
2099 4279 2216 4334 Dea
2235 4318 2251 4346 ,
2289 4297 2406 4350 quae
2437 4275 2686 4330 auxilium
2713 4292 2871 4330 suum

1843 4357 2088 4427 denegat.
