3185 5138
699 550 835 634 234

1241 551 1322 614 P.
1389 550 1759 617 OVIDII
1810 547 2277 615 NASOMS

701 687 1029 764 Ruricolae
1060 715 1290 788 cepere
1323 687 1657 788 Phryges,
1686 689 2109 787 vinctumque
2143 687 2415 760 coronis

615 778 640 837 ἱ
696 804 808 880 Aa
843 832 1060 899 regem
1098 821 1348 879 tmere
1383 805 1656 890 midam
1687 803 1795 878 cui
1828 804 2151 876 Thracius
2183 803 2500 904 orpheus

699 919 907 1015 Orgia
941 919 1298 993 tradiderat
1329 948 1479 993 cum
1517 920 1837 1021 Cecropio
1871 916 2230 1020 Eumolpo.

698 1034 838 1132 Qui
874 1034 1068 1131 simul
1104 1036 1376 1131 agnovit
1408 1037 1665 1110 socium
1687 1093 1706 1123 ‚
1741 1038 2180 1136 comitemque
2215 1063 2586 1119 sacrorum,

703 1151 1008 1250 Hospitis
1044 1151 1330 1225 adventu
1363 1152 1605 1226 festum
1638 1152 1979 1248 genialiter
2008 1152 2147 1246 egit
2758 1146 2826 1239 95

701 1266 831 1339 Per
865 1267 973 1341 bis
1007 1268 1301 1368 quinque
1337 1267 1476 1343 dies
1498 1324 1517 1355 ‚
1555 1286 1624 1343 et
1654 1269 1914 1367 junctas
1945 1268 2174 1342 ordine
2210 1286 2458 1341 noctes·

703 1384 791 1456 Et
823 1384 949 1481 jam
983 1382 1317 1458 stellarum
1351 1384 1637 1459 sublime
1672 1403 1974 1481 coegerat
2006 1412 2238 1479 agmen

705 1498 969 1572 Lucifer
997 1501 1383 1575 undecimus
1404 1559 1420 1590 ‚
1453 1502 1679 1604 Lydos
1717 1530 1923 1602 quum
1957 1500 2143 1574 laetus
2177 1501 2245 1572 in
2281 1527 2477 1595 agros

704 1672 876 1725 ebrius
893 1714 907 1739 ,
941 1673 1064 1728 hinc
1083 1715 1098 1739 ‚
1127 1680 1422 1729 titubantem
1445 1687 1541 1730 etc.
1577 1676 1725 1731 Ebrii

707 1747 1110 1818 descriptionem
1136 1752 1430 1822 elegantem
1460 1753 1620 1807 habes
1646 1754 1723 1808 Vl

707 1827 842 1881 Fast.
866 1829 960 1896 677
985 1849 1078 1898 sqq
1100 1869 1114 1895 ,
1145 1836 1360 1883 convive
1386 1834 1561 1884 valido
1590 1838 1724 1884 titu-

705 1908 881 1959 bantia
911 1912 1030 1959 vino
1062 1912 1279 1961 membra
1316 1921 1512 1962 movent
1532 1950 1545 1970 ‚
1585 1912 1734 1963 dubii

705 1994 934 2051 stantque
955 1988 1223 2054 labantque
1243 1990 1416 2054 pedes.
1446 1986 1647 2040 Vinum
1672 1988 1725 2040 in

708 2062 911 2113 sontem
936 2061 1181 2116 infudisse
1207 2063 1380 2116 Midas
1399 2064 1640 2130 traditur,
1669 2078 1728 2119 ut

709 2138 1026 2193 inebriatum
1050 2140 1291 2193 Silenum
1316 2153 1553 2211 caperet;
1581 2143 1726 2212 isque

706 2214 823 2269 sons
837 2216 1123 2283 hle'doesons
1143 2219 1426 2287 appellatus
1447 2219 1729 2271 serioribus

708 2292 876 2347 adbuc
889 2295 1211 2364 temporibus
1225 2295 1617 2350 ostendebatur.
1632 2298 1730 2349 Xe·

711 2371 924 2443 nophon
944 2373 1007 2428 de
1024 2374 1153 2447 Cyri
1171 2375 1363 2445 Exped.
1383 2397 1399 2428 ι
1415 2416 1430 2441 ,
1443 2376 1554 2429 init.
1570 2398 1583 2438 ;
1602 2377 1731 2430 Pau·

708 2450 875 2509 sanias
905 2452 1056 2505 Attir.
1079 2473 1126 2523 p.
1153 2475 1237 2518 ως
1265 2455 1524 2506 Maximus
1538 2455 1732 2527 Tyrius

711 2531 882 2587 Serm.
903 2534 981 2587 30.
1009 2534 1090 2588 Ab
1107 2534 1204 2589 hoe
1221 2535 1404 2589 Sileno
1423 2536 1564 2589 varia
1583 2536 1733 2590 edoc-

711 2623 792 2665 tus
809 2622 900 2666 est.
928 2613 1114 2666 Unum
1141 2633 1201 2667 ex
1226 2634 1291 2667 eo
1314 2634 1506 2683 genere
1527 2635 1734 2668 sermo-

713 2707 837 2743 nem
865 2690 1020 2743 habet
1049 2690 1285 2745 AElianus
1313 2694 1437 2745 Var.
1466 2693 1601 2746 Hist.
1623 2693 1731 2759 111,

721 2770 808 2832 18,
838 2769 924 2821 ubi
954 2770 1194 2822 Perizon.
1228 2771 1497 2834 observat,
1527 2770 1733 2823 sanxisse

715 2844 920 2898 Midam
949 2845 1087 2913 haec,
1114 2857 1170 2899 ut
1193 2856 1341 2901 tanto
1365 2849 1623 2915 majorem
1649 2848 1733 2900 le-

719 2921 865 2991 gibus
889 2923 994 2976 suis
1017 2924 1345 2977 sanctitatem
1372 2923 1604 2978 adderet.

781 3019 860 3072 91·
901 3004 1222 3070 Vt‘octumqne
1255 3008 1465 3055 comnis.
1499 3003 1735 3071 Quidam

715 3086 938 3147 catemlu
954 3093 1181 3150 quatuor
1195 3087 1389 3137 colonis
1403 3126 1414 3142 .
1452 3095 1578 3138 tunc
1596 3092 1739 3139 cioc-

714 3169 911 3227 tumque
947 3159 1245 3229 legendum.
1269 3191 1336 3203 —
1361 3163 1534 3217 Ambo
1572 3164 1736 3216 nostri

721 3237 871 3308 Regii
885 3245 1114 3304 comni-55
1140 3241 1228 3294 sed
1252 3240 1432 3295 Codex
1457 3242 1501 3296 B
1524 3243 1577 3296 in
1595 3263 1739 3296 mar-

717 3316 838 3386 gine
876 3315 1031 3371 babet
1066 3323 1152 3372 vel
1171 3325 1379 3373 catemzc.
1403 3348 1470 3359 —
1509 3324 1739 3374 Vinctum

715 3399 916 3449 coronis
932 3394 1146 3451 Gruter.
1163 3397 1225 3450 ad
1241 3396 1447 3451 Livium
1464 3399 1709 3452 XXXIII
1723 3439 1738 3464 ,

721 3473 816 3539 46,
844 3474 1159 3543 explicabat,
1186 3477 1617 3530 circumcinctum
1640 3494 1740 3528 or-

718 3550 868 3606 bibus
892 3553 1247 3623 agricolarum.
1275 3554 1380 3608 Sed
1400 3556 1520 3609 satis
1538 3573 1654 3608 eam
1673 3554 1741 3606 ob

719 3649 926 3686 eausam
961 3635 1233 3702 castigatus
1265 3645 1342 3688 est
1370 3653 1398 3687 a
1429 3635 1741 3687 Burmanno

722 3708 811 3778 qui
844 3729 1055 3763 coronas
1095 3711 1334 3781 inteiligit
1371 3730 1495 3780 quas
1532 3710 1742 3765 Silenus

725 3785 1004 3857 indulgens
1027 3788 1150 3841 vino
1177 3790 1376 3844 solebat
1399 3790 1550 3859 capiti
1570 3790 1744 3859 impo-

722 3884 850 3918 nere
873 3905 887 3929 ‚
929 3867 1114 3935 quibus
1146 3867 1379 3939 Phryges
1407 3886 1502 3937 pro
1527 3867 1743 3920 vinculis

721 3943 799 3997 usi
821 3942 944 4009 sint,
962 3955 1019 3998 ut
1033 3943 1171 4014 apud
1192 3944 1491 4014 Virgilium,
1512 3943 1619 3996 Eel.
1640 3945 1740 4009 VI,

729 4040 812 4092 ¹9·
832 4021 1080 4087 lasa-ebur
1107 4021 1290 4076 Sileno
1313 4027 1440 4087 e'pselr
1453 4040 1519 4074 es·
1536 4024 1741 4074 vincula

721 4103 882 4154 sertelr.
896 4126 962 4139 —
987 4102 1200 4154 Traxeoe
1223 4102 1420 4154 Manu.
1439 4100 1614 4171 Vulgo
1638 4101 1745 4152 Μ’-

1825 1699 1851 1722 »
1877 1675 2018 1728 hunc
2043 1674 2339 1743 (Gordium
2366 1675 2385 1738 )
2411 1672 2546 1726 filius
2570 1670 2719 1725 Mida
2742 1692 2837 1724 re-

1825 1777 1852 1800 »
1879 1755 2053 1822 gnavit
2075 1794 2089 1818 ,
2121 1754 2211 1822 qui
2234 1754 2298 1805 ab
2324 1749 2545 1821 Orpheo
2571 1769 2838 1803 sacrorum

1825 1855 1852 1877 υ
1877 1834 2198 1886 solemnibus
2233 1832 2466 1885 initiatus
2494 1872 2509 1897 ,
2557 1830 2840 1903 Phrygiam

1826 1910 2217 1979 »religionibus
2241 1910 2504 1978 implevit,
2535 1908 2721 1977 quibus
2751 1919 2839 1960 tu-

1827 2010 1853 2033 »
1880 1988 1982 2040 tior
2011 1987 2158 2038 omni
2182 1987 2286 2040 vita
2316 2004 2473 2055 quam
2503 1986 2659 2039 armis
2678 1984 2791 2037 suit.
2814 2008 2837 2029 ι·

1827 2062 1978 2115 Adde
2016 2062 2227 2115 Conon.
2256 2063 2393 2133 apud
2415 2063 2570 2116 Phot.
2587 2064 2610 2116 I
2628 2103 2642 2129 ,
2667 2083 2713 2131 p.
2730 2064 2840 2127 424.

1824 2143 2174 2208 —Eumolpos
2199 2153 2304 2194 tres
2337 2141 2513 2193 habuit
2547 2139 2839 2210 antiquitas.

1827 2220 2352 2285 PrimussuitThrax‚
2368 2220 2601 2289 Neptuni
2617 2230 2669 2272 et
2684 2217 2840 2271 Chio-

1828 2319 1921 2352 nes
1947 2299 2083 2352 filius
2102 2338 2116 2362 ‚
2144 2299 2231 2367 qui
2254 2299 2376 2350 vixit
2397 2308 2633 2367 tempore
2653 2295 2841 2350 Erech·

1828 2378 1968 2443 thei,
2000 2386 2185 2429 contra
2211 2394 2369 2445 quem
2400 2374 2689 2427 Eleusinios
2711 2374 2841 2426 inci·-

1829 2458 1968 2511 tavit.
2008 2457 2157 2510 Inter
2197 2455 2288 2507 hos
2328 2455 2575 2526 mysteria
2610 2454 2842 2506 instituit.

1831 2534 1954 2587 Vid.
1981 2534 2225 2606 Heynius
2249 2531 2312 2584 ad
2336 2531 2577 2603 Apollod.
2600 2533 2713 2596 111,
2744 2548 2840 2596 ιν,

1832 2619 1875 2682 4.
1903 2616 2033 2684 Ejus
2057 2614 2248 2684 posteri
2272 2613 2451 2666 sedem
2485 2613 2649 2667 fixisse
2678 2611 2846 2665 Eleu-

1828 2694 1939 2748 sine
1960 2693 2225 2757 videntur,
2239 2703 2425 2745 etcum
2445 2692 2849 2745 Atheniensibus

1834 2772 2169 2824 matrimonia
2217 2771 2407 2824 iniisse.
2448 2772 2591 2825 Hinc
2632 2770 2851 2823 Athenis

1834 2861 1985 2904 natus
2012 2860 2190 2902 noster
2217 2849 2508 2919 Eumolpus
2527 2890 2539 2913 ,
2574 2849 2759 2902 Musaei
2785 2847 2852 2899 fi-

1834 2929 1931 2982 lius
1950 2969 1964 2996 ,
2000 2927 2205 2998 Orphei
2236 2927 2544 2997 discipulus,
2576 2926 2664 2994 qui
2690 2925 2851 2978 etiam

1838 3009 2127 3063 Herculem
2162 3008 2224 3060 ah
2255 3008 2433 3061 inseris
2460 3007 2704 3060 reducem
2737 3007 2851 3059 ini-

1839 3089 1994 3141 tiavit.
2021 3086 2125 3139 Sed
2149 3086 2346 3138 confusi
2370 3085 2475 3138 sere
2493 3095 2614 3137 sunt
2637 3103 2664 3135 a
2685 3083 2852 3137 Vete-

1837 3165 1978 3217 ribus
1993 3204 2008 3230 ‚
2035 3164 2191 3218 etiam
2213 3183 2240 3215 a
2262 3164 2448 3216 Nostro
2470 3161 2548 3214 III
2569 3161 2725 3213 Pont.
2752 3175 2851 3222 111,

1839 3247 1895 3308 41
1918 3283 1932 3307 ,
1958 3243 2152 3311 primus
2167 3240 2317 3294 ethic
2335 3238 2512 3292 tertius
2529 3237 2851 3306 Eumolpus;

1837 3320 1940 3371 vid.
1960 3320 2199 3390 Micyllus
2225 3330 2279 3370 et
2302 3319 2657 3370 Burmannus.

1904 3398 1983 3467 94.
2016 3399 2121 3461 Qui
2130 3398 2293 3447 simul.
2319 3395 2408 3447 Un
2416 3394 2583 3446 decim
2612 3395 2767 3460 Quem
2780 3399 2858 3445 ‘se'-

1839 3476 2022 3525 mul.—
2033 3472 2180 3539 Regii
2205 3472 2370 3524 nostri
2401 3472 2856 3538 Quise’mul.—Ge-

1838 3556 2066 3612 m‘ale’ter,
2103 3552 2172 3603 ita
2194 3562 2253 3603 ut
2275 3552 2431 3619 genio
2464 3551 2855 3620 indulgeretur,

1840 3630 1977 3683 laute
2014 3641 2063 3683 et
2101 3628 2368 3693 hilariter;
2410 3630 2544 3682 Fast.
2571 3630 2654 3685 III
2679 3670 2693 3696 ,
2728 3628 2853 3689 523,

1826 3707 2020 3774 festum
2043 3709 2257 3775 geniale.
2292 3706 2430 3760 Vide
2466 3707 2529 3759 ad
2561 3706 2638 3760 IV
2659 3747 2673 3773 ‚
2707 3710 2862 3772 14.—

1846 3788 2044 3847 Orde’ne,
2073 3786 2362 3838 continuas.
2386 3785 2531 3855 Virg.
2551 3784 2742 3855 Georg.
2760 3785 2858 3852 IV,

1842 3866 1935 3930 507
1954 3901 1969 3927 ,
1999 3872 2183 3928 septem
2216 3882 2282 3914 et
2312 3864 2484 3914 ordine
2509 3880 2716 3914 menses.
2744 3862 2863 3915 Hoc

1846 3941 2167 3996 Claudianus
2188 3981 2203 4008 ,
2241 3943 2321 3995 lx
2345 3981 2360 4008 ,
2401 3945 2432 4009 4
2459 3982 2473 4009 ,
2519 3951 2669 3994 vocat
2705 3944 2865 4009 epulti»-

1842 4025 2133 4088 centenam
2153 4024 2277 4073 dies.

1910 4119 1988 4170 97.
2012 4100 2087 4150 Et
2098 4099 2211 4162 iam
2235 4101 2491 4150 stellarum
2516 4106 2611 4149 etc.
2638 4093 2863 4157 Confer,

725 4175 859 4226 daus.
879 4176 1128 4229 Arondel.
1145 4177 1563 4246 detera—Regii
1580 4176 1748 4229 nostri
1847 4177 1900 4230 II
1918 4217 1932 4243 ‚
1958 4180 2046 4243 ¹¹4
2062 4216 2076 4243 ,
2093 4177 2267 4246 ibique
2286 4178 2737 4231 notam.—Laetus.
2756 4174 2860 4226 Ar·

724 4251 911 4303 desere
932 4255 1196 4308 M'dane-
1203 4256 1427 4322 Orpheus
1454 4255 1613 4323 Orgia
1629 4265 1745 4306 tra-

1848 4256 2043 4325 gentin.
2058 4258 2239 4315 lentus,
2257 4254 2396 4324 quod
2417 4255 2664 4309 Heinsius
2678 4269 2867 4304 verum

728 4328 938 4384 de'demt.
967 4331 1206 4386 Justinus
1228 4371 1244 4398 ,
1283 4332 1399 4400 xl,
1439 4353 1465 4402 7
1508 4353 1521 4387 z
1556 4356 1582 4380 κ
1622 4334 1750 4387 Post
1848 4333 2097 4403 putabat,
2125 4333 2244 4402 quia
2263 4345 2315 4388 et
2330 4334 2468 4403 apud
2490 4327 2869 4400 Calpurn.EcI-
