3185 5138
721 543 855 609 550

1276 543 1355 609 P.
1412 542 1766 611 OVIDII
1829 540 2285 610 NASONIS

723 684 1040 757 Humano
1080 681 1333 778 generi,
1371 682 1644 784 Superi,
1684 681 1947 757 cavistis
1978 683 2263 759 abunde.

724 800 829 872 Ne
863 798 1037 873 soret
1069 799 1178 872 hic
1213 799 1421 893 igitur
1448 798 1710 874 mortali
1739 800 1983 875 semine
2017 819 2275 887 cretus,

725 912 847 988 Ille
883 915 1069 988 Deus
1099 914 1439 989 faciendus
1471 934 1659 990 erat.
1699 915 1882 1017 quod
1912 933 1990 988 ut
2022 943 2217 990 aurea
2243 912 2410 988 vidit

722 1030 951 1107 AEneae
984 1030 1305 1125 genitrix;
1341 1030 1508 1105 vidit
1540 1059 1811 1132 quoque
1840 1031 2027 1105 triste
2064 1029 2280 1132 parari

724 1147 1040 1223 Pontifici
1078 1148 1324 1236 letum,
1361 1167 1429 1222 et
1452 1149 1796 1249 conjurata
1827 1177 2007 1222 arma
2041 1148 2307 1222 moveri.

722 1264 1010 1353 Palluit,
1047 1284 1114 1341 et
1141 1266 1436 1353 cunctis,
1470 1284 1549 1339 ut
1583 1265 1825 1366 cuique
1858 1281 1998 1339 erat
2032 1264 2265 1352 obvia,
2302 1262 2536 1352 Divis,

733 1416 770 1446 «
809 1382 1139 1484 Adspice,
1176 1382 1478 1471 dicebat,
1516 1400 1763 1484 quanta
1796 1382 1965 1456 mihi
1995 1379 2170 1455 mole
2197 1397 2516 1481 parentur

730 1530 771 1566 »
810 1499 1115 1589 Insidiae,
1157 1519 1535 1602 quantaque
1571 1517 1774 1601 caput
1804 1527 1954 1574 cum
1983 1496 2213 1572 fraude
2245 1515 2547 1599 petatur,

732 1646 771 1679 >²
814 1615 1022 1712 Quod
1053 1615 1136 1689 de
1168 1615 1509 1690 Dardanio
1546 1613 1765 1690 solum
1797 1615 1965 1689 mihi
1997 1632 2203 1689 restat
2234 1613 2401 1689 Iulo.

731 1762 770 1795 ³»
812 1728 1054 1804 Solane
1085 1749 1489 1831 semperero
1517 1732 1715 1830 justis
1747 1731 2027 1806 exercita
2060 1730 2288 1806 curis?

731 1875 770 1908 »
817 1846 1040 1940 Quam
1076 1844 1280 1917 modo
1308 1843 1580 1944 Tydida
1614 1843 1973 1946 Calydonia
2007 1843 2308 1919 vulneret
2335 1844 2568 1930 hasta;

734 1992 773 2025 >›
814 1962 1007 2033 Nunc
1044 1957 1213 2034 male
1247 1959 1529 2035 defensae
1562 1961 1976 2062 confundant
2009 1962 2247 2036 moenia
2277 1960 2533 2059 Trojae:

732 2110 772 2144 »
816 2079 985 2175 Quae
1021 2077 1273 2153 videam
1312 2097 1543 2153 natum
1575 2079 1799 2176 longis
1835 2079 2174 2154 erroribus
2202 2096 2424 2153 actum

732 2226 772 2260 »
813 2196 1193 2297 Jactarique
1225 2194 1398 2271 freto
1421 2253 1441 2285 ,
1475 2196 1797 2299 sedesque
1831 2197 2074 2271 intrare
2109 2194 2461 2284 silentum,

732 2342 772 2375 >›
815 2309 1133 2412 Bellaque
1165 2314 1580 2386 cum·Turno
1616 2342 1838 2408 gerere
1863 2368 1882 2399 ,
1920 2331 2073 2400 aut,
2108 2313 2167 2388 si
2198 2342 2347 2389 vera
2379 2312 2698 2401 fatemur,

737 2455 776 2489 »
822 2424 993 2499 Cum
1023 2427 1292 2500 Junone
1326 2427 1535 2521 magis
1573 2455 1589 2500 ε
1621 2427 1786 2528 quid
1813 2456 1993 2502 nunc
2027 2429 2301 2530 antiqua
2332 2426 2648 2504 recordor

735 2575 774 2607 2>
816 2543 1077 2616 Damna
1109 2542 1239 2618 mei
1270 2543 1575 2638 generis?
1609 2543 1812 2618 timor
1846 2544 1956 2618 hic
1985 2544 2363 2620 meminisse
2394 2544 2695 2646 priorum
2769 2560 2872 2633 77⁵

736 2693 772 2726 »
811 2662 969 2735 Non
996 2660 1156 2735 sinit
1190 2691 1205 2734 :
1238 2660 1308 2734 in
1340 2689 1447 2735 me
1481 2663 1627 2736 acui
1664 2661 2012 2738 sceleratos
2049 2664 2315 2737 cernitis
2347 2691 2537 2738 enses
2567 2690 2584 2734 ε

737 2813 775 2845 »
814 2781 1011 2877 Quos
1044 2778 1435 2880 prohibete,
1474 2809 1745 2881 precor,
1781 2780 2169 2884 facinusque
2203 2780 2502 2883 repellite
2525 2839 2545 2870 ,
2574 2806 2740 2853 neve

736 2927 776 2961 »
823 2896 1017 2969 Caede
1051 2896 1408 2969 sacerdotis
1434 2896 1728 2971 flammas
1758 2899 2156 2995 exstinguite
2187 2901 2421 2973 Vestae.
2458 2932 2495 2963 η

826 3009 1014 3085 Talia
1050 3011 1488 3111 nequicquam
1523 3030 1671 3087 toto
1702 3015 1933 3089 Venus
1972 3015 2165 3089 anxia
2199 3012 2356 3087 caelo

731 3126 955 3200 Verba
983 3126 1170 3227 jacit,
1210 3126 1639 3230 Superosque
1669 3147 1892 3205 movet
1920 3159 1936 3204 ε
1976 3132 2093 3232 qui
2128 3158 2433 3231 rumpere
2466 3156 2870 3231 quamquam

730 3247 966 3321 Ferrea
996 3274 1131 3319 non
1164 3262 1450 3347 possunt
1485 3263 1780 3321 veterum
1814 3247 2072 3322 decreta
2106 3250 2429 3324 Sororum
2450 3306 2469 3338 ,

732 3441 978 3498 Cavistis,
1012 3436 1372 3507 prospexistis,
1405 3435 1750 3491 consuluistis.

730 3516 909 3586 Vulgo
934 3516 1063 3581 (et
1048 3535 1106 3569 m
1128 3515 1305 3584 Regiis
1326 3512 1625 3581 codicibus)
1639 3514 1752 3581 sa-

729 3600 874 3650 m'stt‘s
895 3597 1117 3654 abunde,
1147 3593 1288 3662 quod
1313 3592 1462 3646 fluxit
1491 3612 1554 3647 ex
1576 3593 1748 3661 inter-

729 3671 1076 3740 pretationes·
1050 3680 1128 3725 τοῦ
1149 3675 1374 3724 cavislessr.
1383 3656 1752 3724 -Mitscher-

723 3748 911 3802 lichius
934 3748 1091 3803 verba
1122 3751 1255 3802 u'dz‘t
1274 3769 1522 3818 quoque..
1539 3769 1751 3803 ‚moven

724 3826 884 3897 signis
917 3825 1287 3896 parentheseos
1324 3826 1566 3894 inclusit,
1603 3826 1748 3897 quod

724 3918 782 3960 et
807 3905 890 3959 alii
912 3906 1086 3961 fecere
1103 3925 1118 3960 z
1133 3906 1268 3959 male
1288 3945 1304 3973 ,
1334 3925 1460 3960 nam
1475 3905 1748 3974 pallm‘tad

722 3984 826 4040 hoc
850 3985 1155 4039 membrum
1178 3984 1421 4055 pertinet.

792 4064 901 4137 759.
933 4065 1098 4131 Quam
1119 4065 1266 4116 modo
1291 4065 1497 4134 Tydide
1521 4072 1619 4117 etc.
1633 4063 1747 4116 Ve-

721 4154 825 4194 nus
844 4142 1117 4197 vulnerata
1143 4141 1419 4196 Diomedis
1436 4142 1597 4195 hasta.
1621 4141 1742 4194 Ho-

721 4236 928 4287 merus,
959 4221 1020 4274 ll.
1050 4231 1118 4288 E,
1149 4221 1262 4274 335.
1284 4222 1449 4274 Bothe
1476 4219 1634 4274 dabat
1663 4220 1741 4273 le·

718 4294 975 4365 gendum,
988 4302 1300 4352 wlnerate-
1306 4301 1611 4370 Calydonia,·
1626 4296 1743 4351 vide

717 4372 782 4426 ad
803 4373 962 4443 XIV,
979 4376 1511 4444 513.·-Consundan!,
1538 4374 1744 4445 pudore

2767 3271 2860 3339 781

1843 3437 2373 3494 suffundat—Cam
2385 3439 2591 3492 Iunone
2604 3453 2622 3502 ‚⁶
2642 3456 2705 3491 ea
2717 3438 2866 3491 enim

1844 3516 2098 3586 impulsus
2113 3517 2329 3571 Turnus
2356 3534 2500 3568 anna
2524 3526 2778 3568 moverat.

1914 3594 2024 3664 776.
2063 3596 2126 3646 In
2152 3614 2230 3645 me
2250 3599 2546 3647 acm'enses.
2574 3594 2637 3646 ln
2662 3611 2866 3662 proge-

1844 3671 1991 3725 niem
2011 3690 2221 3726 meam:
2245 3673 2298 3725 in
2325 3671 2592 3725 Cmarem
2616 3672 2867 3740 conjura·

1843 3758 1962 3803 tum
1985 3760 2063 3804 est
2085 3770 2113 3803 a
2137 3750 2399 3820 sexaginta
2443 3749 2663 3819 amplius
2684 3788 2699 3814 ,
2730 3746 2868 3801 Cas—

1843 3828 1921 3881 sio
1941 3868 1958 3894 ,
1987 3828 2156 3881 Bruto
2181 3868 2196 3896 ,
2235 3828 2493 3882 Marcello
2531 3827 2867 3898 principibus.

1843 3908 1943 3959 Ed.
1957 3934 2022 3949 ·-
2044 3909 2185 3975 lgm)
2217 3911 2271 3959 V
2258 3915 2379 3961 esloe
2394 3913 2674 3960 exstinctus
2688 3904 2794 3958 fuit
2809 3906 2869 3958 iu

1842 3984 2090 4055 prodigiis
2109 4007 2124 4049 ;
2146 3985 2261 4039 vide
2283 3984 2572 4057 Ciofanum
2587 3984 2651 4039 ad
2670 3984 2724 4038 h.
2748 3983 2783 4037 l.

1853 4085 1857 4089 ·
1914 4064 2024 4131 781.
2056 4066 2282 4117 Veterum
2299 4066 2527 4119 Somrum
2544 4083 2641 4135 pro
2654 4103 2670 4130 ,
2688 4074 2871 4119 vetera

1843 4140 2053 4196 decreta
2089 4142 2347 4196 Sororum
2364 4181 2381 4209 ,
2423 4144 2727 4197 Parcarum.
2754 4141 2869 4196 Nisi

1842 4219 2009 4273 mavis
2032 4239 2182 4273 senes
2203 4220 2391 4274 Parcas
2411 4220 2705 4290 intelligere
2734 4239 2748 4272 :
2776 4239 2870 4273 ω-

1840 4306 1926 4351 tus
1945 4297 2090 4351 enim
2116 4299 2190 4353 sic
2213 4297 2436 4366 dicitur,
2466 4308 2521 4353 et
2547 4299 2727 4352 Parce
2758 4297 2870 4351 fin-

1842 4374 2101 4445 gebantur
2126 4394 2309 4439 senes3
2349 4375 2469 4430 vide
2505 4375 2780 4428 Lennium.
2799 4403 2874 4415 —
