3185 5138
736 550 1802 621 MLTAMORPHOSEON
1849 554 2049 621 LIB.
2103 555 2246 623 IX.

2432 558 2552 622 103

399 695 669 797 Jupiter
705 693 1100 794 adloquitur
1127 723 1143 766 :
1179 727 1213 758 «
1245 695 1495 768 Nostra
1529 713 1632 769 est
1668 695 1872 768 timor
1904 695 2029 769 iste
2057 694 2367 797 voluptas
2390 753 2409 786 ,

410 846 444 877 2»
486 815 551 887 O
590 811 874 912 Superi3
915 828 1198 912 totoque
1230 808 1451 885 libens
1478 811 1645 884 mihi
1676 829 1945 912 pectore
1981 828 2245 907 grator,

413 965 446 995 »
490 929 702 1026 Quod
732 929 1048 1042 memoris
1081 925 1322 1030 populi
1359 927 1549 1001 dicor
1580 945 1931 1030 rectorque
1966 939 2286 1030 paterque
2309 984 2329 1017 ,

2462 951 2563 1020 245

416 1079 449 1110 υ
487 1049 581 1118 Et
613 1074 759 1119 mea
791 1045 1146 1146 progenies
1181 1062 1403 1118 vestro
1441 1073 1712 1146 quoque
1747 1063 1891 1120 tuta
1920 1043 2143 1119 favore
2172 1063 2294 1120 est.

415 1196 449 1225 »ι
488 1163 658 1235 Nam
696 1189 1076 1262 quanquam
1114 1161 1328 1261 ipsius
1364 1160 1561 1236 datur
1589 1162 1722 1237 hoc
1756 1162 2157 1236 immanibus
2193 1162 2355 1237 actis
2377 1219 2398 1249 ,

416 1314 452 1344 »
492 1278 789 1375 Obligor
821 1280 966 1381 ipse
1003 1297 1222 1353 tamen
1257 1308 1272 1351 t
1311 1278 1606 1353 sedenim
1628 1335 1647 1368 ,
1681 1310 1765 1355 ne
1797 1297 2069 1382 pectora
2093 1281 2265 1353 vano

414 1432 450 1463 n
493 1396 657 1473 Fida
690 1414 874 1471 metu
906 1413 1226 1498 paveant,
1262 1397 1529 1472 OEtaeas
1562 1398 1856 1498 spernite
1885 1396 2200 1471 flammas.

414 1547 449 1578 »
494 1515 742 1588 Omnia
776 1514 892 1616 qui
924 1513 1085 1587 vicit
1107 1570 1126 1602 ,
1164 1515 1419 1603 vincet,
1457 1541 1629 1616 quos
1662 1515 1967 1603 cernitis,
2005 1514 2235 1610 ignes;

2462 1530 2561 1584 250

417 1667 450 1697 >v
487 1635 628 1707 Nec
664 1633 794 1707 nisi
830 1649 1130 1706 materna
1160 1630 1534 1706 Vulcanum
1565 1648 1753 1733 parte
1787 1649 2129 1734 potentem

416 1785 451 1816 »
494 1750 801 1824 Sentiet.
835 1768 1153 1825 aeternum
1184 1766 1323 1838 est,
1362 1777 1399 1823 a
1433 1778 1539 1824 me
1582 1749 1768 1849 quod
1805 1750 2044 1839 traxit,
2081 1766 2149 1824 et
2178 1776 2411 1851 expers

413 1901 451 1932 »
492 1867 770 1969 Atque
752 1895 1046 1941 1mmune
1078 1866 1305 1956 necis„
1346 1864 1667 1967 nullaque
1704 1865 2039 1942 domabile
2073 1865 2375 1941 flamma.

419 2017 453 2047 »
494 1982 710 2084 quue
745 2012 871 2080 ego
905 1983 1294 2057 defunctum
1330 2001 1502 2067 terra
1536 1981 1910 2057 caelestibus
1946 1981 2084 2056 oris

416 2134 454 2165 »
492 2100 878 2202 Accipiam,
914 2101 1303 2202 cunctisque
1337 2127 1557 2174 meum
1587 2097 1872 2173 laetabile
1900 2097 2149 2172 factum

2464 2118 2561 2170 255

417 2250 454 2281 n
495 2217 622 2289 Dis
648 2213 792 2291 fore
828 2216 1095 2290 confido
1127 2246 1141 2290 ε
1177 2217 1237 2291 si
1274 2216 1424 2318 quis
1460 2235 1677 2290 tamen
1715 2214 2002 2291 Hercule
2024 2271 2042 2304 ,
2082 2215 2139 2288 si
2172 2215 2323 2316 quis

335 2467 342 2474 ·
415 2399 628 2470 Magnae
644 2399 692 2453 ei
712 2397 874 2452 etiam
894 2395 1035 2451 laudi
1052 2408 1131 2452 est
1147 2438 1162 2465 ,
1181 2395 1322 2467 quod
1341 2396 1437 2468 ipsi

415 2478 505 2531 Dii
523 2497 619 2548 pro
634 2497 699 2531 eo
716 2476 1028 2531 timuerunt.

482 2557 594 2624 243.
611 2557 799 2610 Nostra
813 2564 893 2610 es!
901 2559 1052 2609 timor
1063 2559 1161 2608 isle
1172 2555 1437 2623 voluptas,-

416 2635 614 2705 Regius
636 2646 819 2690 noster
851 2634 898 2688 A
923 2675 938 2701 ,
969 2637 1206 2687 voluntas
1233 2653 1250 2685 .·
1284 2631 1438 2686 male.

414 2714 678 2784 Fungitur
699 2713 875 2767 officio
891 2712 1104 2783 Jupiter
1115 2722 1169 2765 et
1183 2710 1326 2764 hunc
1342 2730 1439 2780 pro

413 2795 524 2849 filio
553 2794 797 2847 Deorum
828 2793 1077 2847 timorem
1104 2791 1201 2845 sibi
1229 2801 1440 2861 gratum

413 2872 648 2928 accidere
674 2871 961 2926 confitetur
980 2912 994 2938 ‚
1028 2883 1089 2926 ut
1110 2870 1320 2942 signum
1343 2870 1442 2924 sci-

414 2954 535 3007 licet
551 2951 934 3006 benevolentiae
954 2952 1009 3004 in
1028 2949 1174 3003 illum
1192 2990 1207 3018 ,
1235 2960 1290 3004 et
1309 2948 1363 3002 in
1383 2969 1439 3004 se

416 3041 475 3085 ut
499 3040 703 3102 patrem
729 3030 877 3083 illius.
896 3031 998 3083 Ed.

483 3111 596 3175 245.
613 3110 863 3178 Populus,
895 3117 1058 3162 coetus
1073 3105 1343 3169 Deorum,
1370 3104 1444 3159 ti-

415 3208 567 3242 more
603 3207 700 3242 suo
739 3207 998 3240 memorem
1033 3206 1087 3239 se
1131 3183 1444 3239 ostendebat

417 3265 802 3321 beneficiorum
815 3266 879 3319 ab
892 3263 1124 3318 Hercule
1139 3262 1446 3316 hominibus

418 3346 788 3417 pmtitorum.
810 3371 878 3384 -—
907 3345 1040 3397 Tuta
1053 3340 1276 3412 savore‚·
1304 3340 1447 3393 Vir-

421 3424 602 3495 gilius,
625 3419 840 3476 AEneid.
852 3421 926 3489 V,
945 3422 1072 3491 343,
1097 3429 1291 3474 tutatur
1290 3415 1452 3487 sanor

419 3504 716 3573 Euryalum.

487 3582 600 3649 ²47·
624 3582 800 3632 Datur
818 3580 945 3644 ᾗσι-ς
971 3575 1128 3647 vulgo
1154 3573 1180 3647 (
1204 3584 1258 3629 et
1281 3572 1452 3627 nostri

424 3659 620 3732 Regii)
643 3663 783 3714 datis
804 3661 915 3712 hoc.
941 3656 1113 3712 Porro
1129 3696 1146 3724 ,
1173 3654 1451 3709 Mediceus

419 3757 560 3792 unus
582 3747 636 3791 et
663 3735 936 3790 Leidensis
967 3737 1251 3803 insignibus
1276 3735 1441 3793 acus,

421 3814 567 3886 quod
583 3816 929 3869 Burmannus
949 3811 1163 3867 defendi
1184 3830 1332 3881 posse
1351 3828 1456 3880 pu-

427 3905 502 3949 tat
517 3915 578 3949 ex
596 3893 822 3949 Heroid.
840 3894 923 3948 111
941 3933 955 3959 ,
983 3912 1090 3945 121.
1112 3890 1359 3945 Alterum
1377 3898 1456 3943 est

422 3972 700 4028 efficacius.
722 3973 914 4028 Horat.
942 3968 996 4025 11
1017 4012 1031 4038 ‚
1062 3970 1160 4041 Ep.
1183 3986 1205 4021 1
1222 4009 1237 4037 ‚
1267 3969 1300 4021 6
1319 4008 1334 4036 ,
1360 3974 1455 4022 in-

416 4053 761 4124 gente‘asacta
786 4051 1006 4121 Bacchi,
1035 4051 1252 4106 Romuli
1278 4061 1456 4104 etc.—

1537 2396 1660 2449 ditae
1693 2395 2032 2452 fortitudinis.
2066 2395 2245 2449 Etiam
2281 2395 2561 2462 Trist.11‚

1537 2480 1666 2545 335,
1702 2483 1948 2531 immunda
1982 2479 2201 2530 cesam
2229 2486 2364 2531 acta.
2396 2474 2527 2530 Cata
2531 2478 2564 2530 l.

1539 2518 1679 2613 Pitli.
1706 2580 1754 2629 p.
1778 2553 1877 2626 66,
1903 2561 2130 2639 cingentia
2162 2559 2400 2612 Consulis
2424 2568 2561 2611 acta.

1538 2636 1790 2691 Occurrit
1814 2636 1978 2690 etiam’
1998 2641 2236 2689 immune&
2247 2640 2441 2704 gloria,
2464 2642 2566 2690 im-

1536 2720 1705 2768 munis
1724 2719 1953 2768 victoria.

1605 2796 1719 2846 250.
1751 2794 1938 2845 Omnela
1961 2796 2053 2862 que’
2068 2797 2208 2846 m'cit.
2238 2791 2382 2847 Hinc
2404 2798 2569 2846 hwa·-

1538 2884 1622 2927 tus
1645 2877 1892 2929 Hercules
1931 2883 1985 2927 et
2016 2874 2070 2927 in
2109 2872 2475 2926 monumentis
2510 2884 2565 2927 et

1540 2951 1678 3021 apud
1704 2963 1897 3023 poetas.
1919 2980 1985 2992 —-
2012 2955 2295 3006 Vulcanum
2313 2963 2568 3019 potentem

1507 3031 1748 3101 *dignius
1765 3071 1779 3096 ,
1812 3050 1971 3100 quam
1989 3071 2005 3098 ,
2032 3030 2212 3100 ignem
2237 3030 2567 3101 rapidum.—

1538 3110 1961 3176 Mutemupurtc‚·
1979 3108 2115 3161 Jove
2130 3110 2431 3180 genitorum
2448 3128 2571 3165 cor-

1539 3208 1670 3260 pora
1704 3209 1765 3243 ex
1801 3188 1994 3260 duplici
2027 3191 2248 3244 materia
2279 3193 2568 3262 composita

1541 3278 1697 3321 erant
1713 3307 1728 3334 ,
1755 3268 1964 3321 mortali
1984 3278 2038 3321 et
2058 3267 2346 3321 immortali
2365 3309 2381 3335 ,
2399 3270 2470 3322 ita
2490 3281 2571 3324 ta-

1542 3364 1670 3399 men
1691 3385 1706 3411 ,
1744 3354 1803 3397 ut
1842 3345 1955 3398 haec
1993 3344 2315 3415 prevaleret.
2355 3345 2504 3399 Illam
2542 3368 2572 3401 a

1543 3434 1714 3477 matre
1732 3421 1998 3476 habebant
2014 3462 2029 3489 ,
2059 3422 2197 3477 hanc
2214 3442 2243 3475 a
2266 3432 2428 3492 patre.
2447 3426 2495 3475 V
2501 3424 2570 3477 id.

1545 3501 1702 3557 Philo
1714 3542 1729 3568 ,
1751 3522 1799 3571 p.
1815 3502 1931 3555 881.
1945 3501 2203 3554 Divinum
2221 3519 2409 3571 corpus
2426 3503 2576 3556 Her-

1544 3580 1646 3634 culi
1664 3579 2055 3633 tribuitJulian.
2068 3578 2220 3633 Orat.
2234 3579 2344 3635 Vll
2362 3620 2376 3646 ‚
2395 3599 2442 3650 p.
2459 3583 2574 3647 408.

1544 3659 1866 3725 —Nullaque
1879 3658 2346 3725 domabile-flamma
2358 3675 2377 3722 ,·
2400 3660 2423 3711 1
2428 3659 2578 3711 {ein-

1545 3737 1652 3791 sius
1666 3735 1852 3790 suadet
1866 3738 2089 3804 nullique
2104 3778 2116 3791 .
2130 3776 2142 3791 .
2154 3741 2422 3806 .flanmae,·
2450 3758 2577 3792 nam

1549 3834 1691 3869 unus
1718 3835 1780 3868 ex
1814 3815 1928 3882 eiua
1952 3814 2115 3870 MSS.
2142 3815 2299 3870 habet
2327 3819 2579 3886 nullique.-

1551 3894 1806 3965 approbat
1816 3893 2397 3965 Burmannus—Regii
2413 3897 2582 3969 nostri

1549 3973 1815 4044 vulgatam
1834 3982 2069 4026 tuentur.

1619 4048 1733 4117 254.
1771 4050 2082 4118 Defunctum
2117 4059 2252 4103 tenu
2269 4089 2285 4112 ,
2328 4052 2585 4121 superatis

423 4134 605 4189 Nostri
636 4133 790 4204 Regii
815 4136 1135 4186 e'mmam'bus.
1168 4130 1284 4183 Hoc
1309 4132 1463 4183 datur
1554 4131 1803 4184 omnibus
1838 4130 2090 4184 molestiis
2118 4141 2174 4185 et
2204 4130 2585 4186 vicissitudini-

424 4215 542 4281 ejus
580 4221 742 4275 actle,
794 4213 907 4269 hac
948 4209 1244 4268 sollicitudo
1288 4210 1460 4265 oritur

424 4304 644 4364 propter
691 4294 806 4362 ejus
831 4303 980 4347 acta:
1016 4296 1291 4355 immunia,
1342 4308 1459 4359 quae

423 4372 583 4444 vulgo
597 4372 860 4444 stupenda
875 4391 1124 4427 vocamus
1138 4412 1152 4438 ,
1179 4381 1292 4426 acta
1306 4370 1462 4424 inau-

1553 4212 1652 4265 bus
1664 4250 1680 4278 ,
1704 4230 1822 4280 quae
1841 4211 2130 4266 subeunda
2143 4223 2270 4266 suut
2283 4212 2585 4267 hominibus

1555 4292 1613 4345 in
1640 4302 1797 4344 terra.
1826 4318 1894 4331 —
1923 4292 2057 4353 Oric,
2090 4290 2145 4344 in
2173 4311 2306 4346 oras.

1625 4370 1739 4424 256.
1764 4371 1983 4425 Hercule
2012 4379 2067 4425 et
2094 4373 2211 4425 Deo
2237 4373 2407 4425 dolere
2431 4367 2588 4439 paulo
