3185 5138
708 560 844 631 366

1250 563 1329 628 Ρ.
1392 561 1761 630 OVIDII
1820 561 2287 630 NASO-NIS

706 705 868 800 Quo
902 719 1119 776 tamen
1151 701 1291 776 haec
1324 702 1555 776 Ithaco
1577 759 1596 790 ‚
1634 703 1750 803 qui
1784 701 1989 789 clam,
2030 702 2142 803 qui
2179 730 2438 805 semper
2473 706 2745 780 inermis

708 821 879 894 Rem
914 819 1117 914 gerit3
1154 836 1220 891 et
1251 816 1450 891 furtis
1484 817 1821 891 incautum
1859 817 2105 918 decipit
2137 818 2450 893 bostem?

705 940 856 1038 Ipse
891 936 1074 1008 nitor
1105 932 1341 1028 galeae,
1379 931 1555 1005 claro
1591 932 1912 1007 radiantis
1938 935 2021 1007 ab
2062 963 2260 1022 auro,

2757 960 2848 1011 105

704 1051 987 1126 Insidias
1021 1048 1262 1152 prodet
1282 1104 1300 1135 ‚
1335 1048 1916 1150 manifestabitque
1949 1048 2279 1123 latentem.

703 1171 831 1246 Sed
863 1197 1079 1269 neque
1110 1166 1468 1240 Dulichius
1503 1166 1632 1240 sub
1668 1165 1949 1241 Achillis
1984 1167 2234 1240 casside
2264 1186 2488 1242 vertex

701 1290 1008 1366 Pondera
1045 1304 1225 1361 tanta
1257 1284 1422 1359 feret
1457 1316 1472 1356 :
1503 1312 1624 1357 nec
1653 1313 1792 1356 non
1828 1312 2107 1359 onerosa
2138 1285 2481 1385 gravisque

705 1407 922 1481 Pelias
954 1433 1095 1479 esse
1134 1420 1357 1505 potest
1391 1399 1775 1475 imbellibus
1811 1400 2002 1475 basta
2037 1398 2318 1473 lacertis.

702 1528 839 1598 Nec
877 1521 1180 1623 clypeus,
1219 1520 1386 1594 vasti
1422 1518 1687 1593 caelatus
1725 1516 2005 1613 imagine
2040 1516 2309 1603 mundi,

689 1689 820 1760 jor‚·
843 1708 981 1741 unus
999 1685 1205 1739 Heinsii
1230 1694 1282 1738 et
1299 1683 1461 1738 codex
1477 1684 1522 1737 B
1540 1686 1612 1735 εἰ(
1624 1702 1726 1735 me-

702 1771 819 1827 lior,
847 1776 904 1817 ut
920 1784 1052 1833 saepe
1071 1782 1196 1828 pars
1218 1764 1496 1814 boam—In
1511 1765 1643 1822 illis,
1669 1760 1724 1812 il·

703 1843 907 1907 lorum,
938 1851 996 1894 ut
1019 1861 1090 1893 vs.
1113 1841 1169 1891 31
1187 1861 1204 1891 ι
1227 1880 1242 1905 ,
1264 1844 1320 1891 in
1342 1841 1458 1899 illo,
1487 1838 1639 1891 illius.

774 1922 881 1973 103.
905 1922 1013 1986 Quo
1029 1929 1194 1970 tamen
1211 1927 1309 1969 etc.
1322 1914 1507 1968 Codex
1526 1915 1722 1985 Regius

704 1998 776 2063 Α,
795 2000 905 2063 Quo
925 2007 1090 2048 tamen
1108 1998 1213 2046 kaec
1227 1996 1404 2045 Ithaco
1413 1997 1626 2060 prosint.
1638 1998 1730 2061 qui

701 2095 896 2143 semper
914 2077 1115 2127 inermis
1132 2089 1150 2134 ‚·
1179 2070 1339 2124 codex
1365 2071 1411 2124 Β
1429 2111 1443 2137 ,
1479 2073 1622 2136 Quid
1635 2079 1723 2122 ta-

701 2173 812 2207 men
834 2156 963 2204 hec.
983 2193 995 2204 .
1013 2190 1025 2202 .
1041 2152 1278 2219 quiclam
1292 2190 1304 2207 ,
1330 2160 1427 2202 etc.
1443 2148 1591 2202 valde
1613 2148 1721 2217 pla-

697 2240 781 2283 cet
798 2229 927 2282 mibi
951 2229 1104 2281 lectio
1122 2226 1315 2280 codicis
1332 2228 1396 2280 A.
1414 2226 1718 2281 Bkt—lna-

700 2309 806 2361 tilia
822 2348 836 2374 ,
855 2307 980 2376 quin
1000 2305 1131 2359 adeo
1148 2305 1433 2375 perniciosa
1449 2306 1556 2358 haec
1574 2323 1719 2358 arma

701 2387 892 2459 Ulyssi.
941 2387 1061 2439 Hoc
1099 2385 1379 2437 maximam
1425 2384 1479 2435 in
1516 2383 1718 2456 Ulyssis

696 2464 1042 2536 ignominiam
1071 2464 1557 2521 tractat.-—Furtis‚
1588 2462 1719 2514 insi-

696 2545 794 2600 diis
817 2556 870 2599 et
893 2544 1116 2599 dolis.—
1133 2546 1480 2611 Nilorgalcae;
1504 2540 1718 2595 Achillis

693 2624 840 2678 enim
857 2624 998 2692 galea
1015 2663 1028 2687 ‚
1047 2623 1192 2697 ἆστὴρ
1208 2626 1266 2679 ὡς
1285 2623 1560 2688 οἶπῖλαμιτεν,
1577 2619 1637 2673 ll.
1653 2628 1714 2685 Τ,

695 2703 824 2764 381;
855 2701 1045 2770 Quint.
1074 2698 1327 2764 Calaber,
1353 2698 1423 2764 V,
1452 2716 1558 2751 ιο).
1579 2695 1717 2750 0νί-

697 2780 813 2834 dius
837 2781 922 2834 hic
946 2778 1230 2834 cumulavit
1254 2778 1410 2831 verba
1426 2816 1440 2843 ,
1474 2776 1720 2846 quando-

695 2858 910 2928 quidem
940 2862 1099 2916 πίων,
1125 2861 1296 2909 clarus
1310 2865 1363 2908 c!
1388 2859 1587 2907 radiare
1615 2873 1717 2907 eo-

697 2937 818 2990 dem
846 2936 1089 2989 redeuut.
1118 2934 1281 3002 Quod
1328 2946 1505 2986 tamen
1547 2953 1715 3003 quum

694 3015 879 3083 saepius
903 3013 1086 3067 fecerit
1112 3010 1337 3065 Ovidius
1357 3052 1372 3080 ,
1403 3032 1576 3080 neque
1603 3012 1655 3067 h.
1681 3013 1712 3065 l.

695 3092 876 3145 vitiose
895 3131 909 3157 ,
942 3109 1050 3143 non
1077 3100 1222 3154 erat,
1249 3108 1344 3142 cur
1373 3090 1714 3148 Burmannus

695 3171 1037 3235 emendaret,
1051 3170 1194 3237 sere-o
1211 3171 1461 3221 radiantis
1487 3181 1541 3221 e!
1557 3190 1705 3233 auro,

694 3271 816 3306 cum
827 3249 1163 3320 explicatione
1178 3247 1384 3301 :serreoe
1401 3248 1545 3301 enim
1563 3260 1716 3302 erant

619 3372 627 3384 .
696 3345 747 3387 et
784 3351 911 3386 auro
952 3331 1178 3384 inductae
1195 3371 1209 3397 ,
1252 3327 1455 3382 serrum
1488 3349 1617 3382 vero
1655 3330 1712 3383 in

693 3414 1028 3484 splendorem
1049 3420 1160 3464 erat
1176 3408 1375 3463 datum.
1398 3408 1504 3463 Sed
1522 3411 1563 3463 si
1583 3429 1713 3464 auro

695 3492 921 3545 inducte
950 3529 964 3554 ‚
1012 3509 1120 3542 non
1162 3499 1367 3557 poterat
1411 3488 1553 3541 nitor
1585 3485 1712 3541 ferri

698 3571 717 3636 (
738 3574 902 3623 lumen
915 3567 1057 3636 serti
1074 3566 1200 3621 dixit
1226 3566 1399 3621 Valer.
1428 3567 1565 3621 Flac.
1595 3568 1710 3634 Ill,

701 3652 840 3716 100)
873 3648 1032 3702 cerni.
1064 3649 1265 3717 Tanaq.
1303 3647 1473 3700 Faber
1502 3648 1714 3717 corrigit

694 3750 819 3782 cono
840 3732 1090 3780 radiantis
1112 3732 1178 3779 ab
1200 3748 1430 3780 aurco.—
1442 3726 1595 3796 Regii
1622 3746 1715 3779 co-

694 3808 833 3862 dices
861 3806 996 3859 bene
1027 3815 1236 3858 servant
1271 3804 1551 3859 lectionem
1584 3804 1706 3857 vul-

694 3899 881 3959 gatam.
901 3887 983 3939 De
1002 3887 1162 3940 verbo
1183 3889 1384 3938 radiare
1399 3884 1516 3937 vide
1531 3883 1601 3938 ad
1625 3885 1678 3938 II
1694 3924 1710 3951 ,

696 3971 742 4031 4.
757 3996 821 4008 —-
837 3965 1197 4034 Mantsestare,
1225 3964 1392 4016 facere
1412 4002 1426 4028 ,
1460 3973 1519 4015 ut
1542 3961 1712 4016 latens

695 4045 749 4097 in
776 4043 951 4097 oculos
985 4044 1248 4104 incurram
1284 4040 1403 4092 vide
1435 4040 1711 4093 Burman-

693 4141 826 4173 num
862 4120 949 4189 qui
991 4129 1174 4172 monet
1194 4159 1208 4185 ,
1250 4128 1557 4187 usurpatum
1602 4137 1710 4170 esse

694 4198 831 4269 apud
867 4198 1026 4253 ovid.
1063 4198 1125 4250 ad
1159 4197 1510 4250 imitationem
1551 4195 1708 4265 graeci

698 4286 888 4342 ὴλοῦυ,
927 4299 1026 4332 nec
1062 4279 1227 4347 aptius
1260 4276 1379 4329 huic
1412 4277 1488 4328 rei
1525 4275 1708 4344 expri-

692 4358 900 4414 mendae
920 4375 1185 4427 superesse
1198 4354 1611 4410 verbum.—·Pro
1627 4356 1713 4406 la-

2752 1557 2844 1590 110

1821 1690 2005 1735 tentem
2030 1679 2347 1735 oxoniensis
2369 1690 2423 1733 et
2445 1679 2552 1731 duo
2580 1678 2662 1732 alii
2693 1682 2841 1736 MSS

1811 1769 2076 1826 paventem
2093 1799 2107 1820 ‚
2138 1758 2280 1827 quod
2308 1757 2455 1811 valde
2479 1756 2840 1827 adblanditur‚

1820 1847 1873 1891 et
1911 1837 2032 1891 satis
2071 1836 2334 1905 poeticum
2370 1835 2581 1889 videtur
2618 1836 2843 1891 Schira-

1818 1919 1935 1973 chio
1962 1939 1975 1972 ε
2006 1941 2031 1964 κ
2061 1938 2255 1989 nempe
2274 1959 2288 1985 ,
2314 1919 2483 1987 inquit
2500 1958 2516 1985 ‚
2540 1918 2629 1987 qui
2655 1932 2840 1988 pavet,

1818 1994 1932 2063 ejus
1973 1994 2116 2063 galea
2153 1996 2295 2065 quasi
2336 1995 2544 2061 tremit,
2586 2006 2640 2048 et
2672 1998 2840 2051 radiat

1817 2094 2007 2128 aurum
2024 2077 2185 2145 magis
2197 2117 2211 2143 ,
2228 2095 2390 2144 quum
2414 2070 2655 2144 trepida‘t.
2672 2098 2697 2121 υ
2718 2076 2839 2131 Hoc

1817 2173 1943 2207 vero
1970 2165 2049 2208 est
2075 2156 2302 2225 argutari
2328 2157 2338 2208 !
2370 2156 2428 2208 Si
2456 2156 2557 2209 hoc
2592 2157 2839 2211 voluisset

1817 2232 2041 2287 Ovidius
2065 2275 2080 2300 ,
2122 2234 2393 2287 notatione
2436 2234 2627 2305 dignus
2668 2247 2799 2289 esset
2818 2275 2834 2303 ‚

1816 2311 1905 2380 qui
1934 2313 2068 2364 irato
2096 2322 2151 2365 et
2174 2313 2483 2365 convicianti
2511 2312 2654 2380 Ajaci
2677 2313 2837 2366 talem

1813 2389 2012 2459 ingenii
2038 2390 2212 2442 lusum
2239 2390 2518 2445 tribuisset.
2543 2392 2726 2460 Neque
2751 2391 2836 2446 hic

1815 2467 1879 2520 de
1900 2488 2091 2536 pavore
2110 2468 2312 2541 Ulyssis
2332 2488 2509 2522 sermo
2529 2479 2638 2534 est,
2660 2468 2748 2522 sed
2766 2469 2833 2524 de

1813 2549 2025 2603 insidiis.
2054 2550 2225 2604 Aliter
2248 2549 2384 2619 apud
2415 2549 2643 2605 Antisth.
2669 2571 2717 2620 p.
2743 2550 2827 2604 53:

1813 2734 1944 2765 σκετο
1967 2750 1982 2775 ,
2024 2716 2155 2769 riom
2181 2749 2195 2774 ‚
2242 2713 2308 2764 ἔτι
2349 2720 2432 2773 τὴν
2481 2717 2653 2765 δειλίαν
2696 2715 2834 2765 αὐτοῦ

1816 2792 2014 2861 ἷκγαίυει
2039 2793 2098 2844 ro}
2125 2793 2248 2844 ἔκλα.

1882 2887 1988 2937 ¹⁰7·
2012 2868 2117 2920 sed
2140 2885 2296 2933 neque
2327 2875 2424 2919 etc.
2458 2867 2615 2920 Hanc
2646 2885 2829 2919 mem-—

1810 2945 2031 2998 brorum
2057 2943 2380 2996 debilitatem
2415 2944 2549 3012 Aiax
2575 2944 2621 2997 ei
2654 2945 2831 3014 objicit

1809 3022 1968 3074 etiam
1995 3021 2129 3091 apud
2159 3019 2347 3090 Quint.
2374 3021 2658 3076 Calabrum
2679 3063 2693 3086 ,
2721 3026 2830 3090 ²²4·

1808 3127 1874 3139 —
1899 3102 2193 3152 Dulichium
2219 3139 2232 3160 ,
2268 3098 2433 3152 insula
2474 3119 2635 3169 prope
2676 3099 2826 3154 Itha-

1807 3197 1923 3231 cam
1951 3218 1965 3243 ‚
2007 3197 2123 3246 quae
2163 3187 2336 3230 tamen
2375 3178 2667 3231 secundum
2696 3173 2827 3231 Ho-

1809 3254 2017 3312 merum
2038 3298 2052 3324 ,
2082 3257 2164 3311 alii
2187 3257 2298 3326 regi
2315 3257 2829 3310 serviebat.—Pel1'as

1802 3356 1918 3391 esse
1927 3347 2097 3406 potest
2113 3349 2207 3390 etc..
2229 3337 2281 3390 H
2288 3337 2331 3389 ic
2346 3356 2524 3389 versus
2540 3336 2689 3389 aliter
2708 3335 2827 3405 legi·

1803 3426 1895 3468 ‘tur
1911 3416 1964 3468 in
1987 3415 2163 3484 Regiis
2178 3413 2440 3467 codicibus
2458 3433 2469 3466 ε
2489 3417 2662 3466 Pelias
2678 3417 2827 3464 hasta

1803 3503 1977 3561 potest
2020 3497 2300 3545 imbellibus
2340 3511 2449 3543 esse
2484 3494 2690 3543 lucedis
2713 3511 2728 3541 :
2760 3489 2823 3542 de

1808 3572 1953 3626 basta
1983 3572 2194 3627 Peliade
2232 3571 2349 3625 vide
2385 3572 2447 3624 ad
2487 3571 2629 3638 XII,
2668 3571 2826 3641 73.—

1809 3652 2022 3707 Achillis
2048 3657 2249 3721 clypeus
2264 3692 2277 3712 .
2295 3651 2517 3704 Vulcani
2541 3669 2670 3719 opus
2686 3691 2702 3717 ‚
2729 3650 2825 3702 in-

1806 3731 1987 3801 primis
1999 3730 2301 3783 nobilitatus
2319 3739 2395 3783 est
2413 3728 2637 3782 Homeri
2652 3767 2665 3792 ,
2690 3728 2748 3782 ll.
2764 3739 2821 3792 Σ,

1807 3809 2060 3878 468-607,
2081 3803 2426 3876 descriptione
2447 3847 2461 3873 ,
2489 3809 2735 3876 (quacum
2762 3805 2824 3859 cs.

1809 3886 1999 3954 Quint.
2028 3883 2208 3938 Calah.
2229 3884 2302 3949 V,
2330 3888 2490 3937 5-101
2514 3884 2533 3949 )
2565 3894 2615 3936 et
2639 3902 2825 3934 recen-

1806 3964 2000 4016 tiorum
2015 3962 2463 4032 disputationibus.
2481 3964 2823 4014 Coelatusima·

1800 4046 1918 4110 gine
1935 4045 2283 4100 vastimundt'‚
2310 4041 2361 4093 in
2382 4060 2487 4109 quo
2503 4040 2685 4093 caelum
2702 4057 2823 4090 cum

1804 4118 2058 4172 sideribus
2075 4158 2089 4183 ‚
2119 4130 2257 4171 terra
2281 4137 2386 4169 non
2410 4117 2570 4169 modo
2586 4136 2705 4169 cum
2725 4115 2824 4167 ssu-

1804 4197 1897 4249 viis
1912 4237 1928 4264 ,
1942 4197 2077 4249 mari
2094 4207 2145 4249 et
2165 4196 2380 4248 urbibus
2395 4238 2408 4262 ‚
2426 4195 2681 4248 sedetiam
2702 4211 2825 4244 cum

1804 4275 2049 4328 omnibus
2079 4275 2138 4328 iis
2165 4315 2179 4339 ,
2220 4294 2335 4343 quae
2360 4274 2555 4328 cadunt
2580 4274 2631 4325 in
2664 4272 2823 4323 vitam

1802 4352 2092 4406 humanam
2111 4392 2126 4420 ,
2155 4352 2334 4422 figuris
2359 4351 2713 4404 eminentibus
2734 4368 2824 4402 ex-
