3185 5138
681 566 809 632 262

1254 562 1332 628 Ρ.
1387 561 1737 630 OVIDII
1785 560 2241 631 NASONIS

679 702 969 777 Advolat
999 701 1273 776 armenti
1308 719 1534 776 custos
1563 701 1869 776 Phoceus
1899 704 2170 776 Auctor.

683 854 717 884 «ι
759 823 908 893 Heu
929 876 948 907 ‚
985 818 1182 893 Peleu
1207 875 1226 906 ‚
1261 818 1503 892 Pelen!
1537 846 1788 914 magna!
1823 818 1950 891 tibi
1981 817 2262 890 nuntius
2293 816 2525 890 adsum

691 976 719 998 n
763 938 1021 1022 Cladis,
1071 976 1099 998 n

1135 940 1223 1006 ait
1249 968 1261 1006 :
1287 938 1750 1034 quodcumque
1778 938 1930 1006 serat
1950 992 1964 1017 .,
1994 936 2176 1032 jubet
2198 934 2384 1006 edere
2414 934 2665 1012 Peleus.
2705 958 2805 1010 350

681 1056 967 1134 'l'endeh
1009 1072 1069 1124 et
1107 1056 1245 1150 ipse
1287 1072 1461 1122 metu
1507 1052 1788 1150 trepidat
1824 1052 2218 1122 Trachinius
2250 1052 2462 1122 heros.

679 1172 795 1242 lllc
839 1174 1027 1242 refert
1069 1202 1079 1240 :
1125 1206 1153 1230 u
1197 1172 1401 1240 sessos
1437 1170 1513 1238 ad
1555 1170 1746 1238 litora
1786 1198 1978 1238 curva
2014 1170 2320 1264 juvencos

680 1286 1077 1383 Atlpnlerani
1103 1342 1119 1366 ,
1160 1284 1375 1354 medio
1413 1314 1614 1383 quum
1660 1284 1772 1354 Sol
1814 1282 2170 1354 altissimus
2210 1282 2370 1352 orbe

675 1405 961 1473 Tantum
1003 1403 1345 1501 respiceret
1373 1459 1388 1485 .‚
1433 1419 1746 1499 quantum
1788 1427 2128 1497 superesse
2168 1397 2432 1469 videret.

679 1521 967 1615 Parsque
1010 1519 1211 1587 boum
1253 1515 1445 1587 fulvis
1487 1545 1696 1607 genua
1734 1513 2076 1585 inclinarat
2108 1517 2360 1595 areni5‚

2703 1502 2803 1588 θεὲ

675 1637 1113 1727 Lami-umque
1149 1633 1363 1727 jacens
1405 1659 1704 1727 campum
1742 1633 2080 1729 spectabat
2114 1659 2458 1727 aquarum:

677 1749 837 1817 Pars
873 1747 1185 1839 gradibus
1225 1747 1425 1817 tardis
1463 1747 1618 1817 illuc
1656 1747 1912 1817 errabat
1948 1765 2010 1817 et
2050 1745 2242 1829 illuc;

595 1983 600 1990 ,
668 1929 925 1982 Μ’ναεηΙα
943 1929 1008 1978 de
1031 1936 1272 1985 consorte.
1303 1926 1495 1980 miram
1518 1925 1690 1980 fratris

668 2006 1398 2065 conversionem.—Feste'aus,
1423 2004 1688 2059 festinans.

672 2086 874 2138 Vocem
895 2083 1030 2138 hanc
1045 2085 1108 2136 ab
1123 2082 1318 2136 Ovidio
1333 2083 1506 2152 primo
1524 2103 1689 2138 usur-

668 2177 843 2238 patam
887 2184 994 2218 esse
1039 2163 1310 2217 contendit
1356 2163 1689 2218 Schirachius

669 2242 803 2296 male
822 2265 835 2305 ;
861 2241 1085 2295 occurrit
1107 2241 1249 2293 enim
1270 2239 1409 2309 apud
1424 2240 1687 2309 antiquio-

667 2329 751 2375 'res
769 2361 782 2384 ‚
810 2341 857 2371 v.
884 2340 926 2375 c.
953 2317 1233 2387 Virgilium
1251 2358 1265 2384 ,
1290 2316 1417 2371 AEn.
1438 2317 1553 2383 lx,·
1573 2318 1685 2384 488.

664 2397 1121 2464 -Cursufiste'nus
1134 2399 1329 2470 anbelo,
1349 2413 1565 2450 currens
1573 2407 1683 2460 tam

664 2477 976 2530 festinanter
1001 2515 1015 2541 ,
1049 2485 1107 2527 ut
1135 2473 1418 2528 anhelaret.
1447 2502 1513 2515 —
1536 2472 1685 2528 Pho-

663 2576 805 2614 ccus.
842 2573 869 2607 e
894 2552 1143 2608 Phocide.

732 2635 841 2704 349.
860 2634 971 2684 Heu
982 2635 1148 2685 Peleu.
1159 2632 1292 2685 Tres
1311 2631 1538 2696 OPeleu5
1547 2645 1686 2684 unns

666 2708 839 2761 vossii
858 2727 921 2759 en
934 2709 1115 2771 Hele-115
1143 2707 1374 2777 quinque
1400 2710 1515 2768 heu,
1542 2705 1683 2775 quod

666 2785 857 2856 placuit
889 2785 1112 2838 Heinsio
1144 2785 1237 2855 qui
1268 2793 1444 2837 tamen
1476 2785 1687 2852 conjicit

664 2877 716 2918 e!
736 2868 886 2918 Peleu
904 2904 918 2925 ‚
943 2865 1035 2914 heu
1060 2865 1225 2914 Peleu.
1250 2887 1317 2901 --
1340 2861 1492 2930 Regii
1517 2862 1686 2914 nostri

667 2945 823 2998 ambo
848 2953 901 2996 e!
919 2946 1067 2995 Peleu
1083 2984 1094 3002 ‚
1123 2944 1289 2995 Peleu.
1300 2969 1363 2981 —
1377 2944 1491 2994 Heu
1506 2944 1657 2994 Peleu
1669 2982 1684 3005 ,

668 3026 822 3076 Pelen
845 3020 966 3074 satis
990 3019 1264 3089 lugubrem
1287 3037 1477 3072 sonum
1497 3018 1652 3073 habet
1668 3059 1684 3086 ‚

668 3103 723 3156 in
749 3100 930 3172 primis
956 3100 1008 3151 in
1037 3117 1128 3151 ore
1154 3097 1357 3165 agresti.

674 3183 679 3193 ’
730 3179 844 3232 35ι.
867 3179 1083 3238 Pendet,
1108 3185 1161 3228 et
1178 3179 1287 3243 ipse
1306 3185 1402 3228 etc.
1419 3171 1525 3227 Hic
1549 3191 1687 3243 quo-

666 3280 766 3329 que
794 3257 1069 3312 amabilem
1106 3266 1160 3309 et
1188 3255 1482 3309 humanum
1510 3274 1563 3307 sc
1600 3272 1686 3308 os-

665 3337 836 3393 tendit
875 3336 1038 3407 Ceyx.
1066 3337 1287 3388 Pendere
1329 3342 1381 3385 et
1416 3350 1687 3400 suspensus

663 3416 931 3484 eleganter
948 3413 1139 3465 dicitur
1153 3411 1378 3478 animus,
1396 3428 1560 3480 quum
1575 3429 1686 3463 ver·

661 3504 806 3547 satur
819 3492 1050 3545 incertus
1066 3491 1208 3544 inter
1223 3507 1368 3558 spem
1390 3498 1440 3541 et
1457 3498 1684 3554 metum,

661 3569 784 3624 binc
802 3587 966 3639 quum
988 3568 1169 3622 anxius
1186 3577 1261 3621 est
1286 3576 1337 3620 et
1353 3564 1600 3620 sollicitus
1617 3564 1682 3618 de

628 3658 857 3701 -eventu
890 3648 982 3700 rei.
1014 3645 1123 3700 Sed
1154 3645 1405 3699 Heinsius
1423 3683 1438 3710 ‚
1466 3644 1556 3712 qui
1579 3650 1684 3713 pa'-

661 3737 804 3779 ratus
825 3726 981 3779 nimis
1001 3734 1078 3778 est
1102 3723 1165 3777 ad
1192 3722 1443 3777 delendos
1471 3742 1649 3775 versus
1670 3761 1685 3789 ,

661 3800 802 3856 bunc
830 3821 1040 3872 quoque
1063 3801 1299 3872 spurium
1319 3800 1514 3870 judicat
1531 3840 1545 3866 ,
1568 3799 1680 3852 im-

661 3883 920 3951 probante
949 3881 1264 3933 Burmauno
1281 3918 1295 3945 ,
1338 3877 1427 3946 qui
1457 3894 1484 3929 e
1510 3877 1688 3930 multis

658 3959 809 4013 MSS
835 3968 975 4014 recte
1005 3957 1105 4027 legi
1130 3956 1274 4022 vult,
1301 3957 1491 4009 Pende!
1507 3965 1558 4008 e!
1575 3961 1686 4023 ipse

663 4047 792 4088 netu
812 4038 1035 4103 trepidus
1050 4046 1147 4088 etc.
1165 4034 1339 4104 Vulgo
1354 4035 1540 4100 trepidi
1560 4033 1685 4085 Tra·

658 4116 858 4167 (Μαίη
892 4120 1033 4177 areli-5
1079 4113 1161 4167 hic
1191 4133 1369 4167 versus
1408 4124 1643 4166 servatur
1667 4152 1683 4179 ,

660 4191 914 4245 Heinsius
951 4193 1161 4261 conjicit
1196 4196 1418 4260 trepe‘dus
1460 4195 1682 4245 Trachi·-

659 4275 774 4321 πίει
784 4263 1214 4339 herem—Regius
1231 4270 1413 4323 Codex
1433 4271 1476 4322 A
1494 4310 1507 4335 ,
1534 4276 1684 4336 trepi-

655 4349 790 4401 de’m.
812 4351 948 4411 onim·
978 4345 1176 4415 Regius
1193 4349 1238 4401 B
1254 4386 1269 4414 ,
1295 4350 1512 4415 trepeidae!
1521 4351 1683 4401 heros.

1851 1927 1964 1979 352.
1990 1926 2087 1979 Ille
2116 1928 2300 1995 resi-rt:
2327 1937 2425 1981 ete.
2454 1925 2725 1981 Prolixitas
2748 1937 2804 1981 et

1785 2004 1948 2057 nimia
1989 2004 2257 2075 diligentia
2293 2002 2453 2073 buius
2489 2005 2804 2058 narrationis

1785 2082 1921 2135 male
1940 2083 2186 2137 convenit
2212 2082 2591 2151 perturbationi
2614 2092 2668 2134 et
2689 2081 2804 2135 ses-

1785 2159 2027 2213 tinationi
2043 2160 2275 2228 pastoris.
2296 2158 2658 2212 Meridianum
2678 2172 2804 2212 tem-

1785 2257 1881 2307 pus
1919 2238 2084 2291 tribus
2120 2236 2289 2290 modis
2327 2236 2553 2290 declarat
2581 2259 2595 2301 ;
2637 2239 2804 2291 varias

1784 2315 1946 2369 boum
1984 2316 2332 2369 recreationes
2370 2315 2639 2385 eleganter
2673 2317 2803 2385 qui—-

1786 2393 1907 2445 dem
1929 2434 1942 2459 ,
1980 2394 2150 2446 alieno
2174 2403 2350 2446 tamen
2377 2393 2520 2454 loco,
2555 2403 2800 2459 enarrat,

1784 2489 1957 2541 neque
1992 2470 2173 2541 templi
2203 2470 2481 2541 descriptio
2510 2469 2595 2524 bic
2624 2470 2802 2524 locum

1782 2568 1936 2604 suum
1959 2548 2132 2604 habet.
2151 2578 2219 2591 —·
2235 2551 2415 2603 Fessos
2439 2569 2467 2603 a
2492 2550 2574 2604 via
2597 2559 2650 2604 et
2675 2559 2802 2604 estu

1783 2627 1991 2680 solis.—
2009 2629 2338 2695 Adpulemm,
2372 2626 2668 2696 adegeram.
2690 2628 2805 2679 Ab-

1782 2704 1948 2758 solute
1961 2705 2032 2759 sic
2049 2709 2289 2773 appellere
2310 2704 2422 2759 Cic.
2446 2707 2469 2760 1
2490 2745 2505 2771 ‚
2525 2706 2643 2758 Div.
2660 2707 2804 2773 44.—

1791 2782 2005 2839 Yanlum
2027 2786 2124 2838 viae
2142 2796 2231 2839 aut
2252 2786 2358 2839 celi
2378 2792 2663 2854 respiceret,
2688 2794 2805 2855 post

1782 2881 1836 2917 se
1854 2863 2096 2917 relictum
2112 2863 2441 2929 baberet.11,
2479 2866 2565 2933 187
2589 2883 2701 2933 sqq.

1849 2942 1963 2995 355.
2006 2941 2305 2995 Inclitaeamt.
2339 2943 2496 2995 Unus
2530 2941 2800 2995 Mediceus

1781 3020 2304 3090 manarate-Regii
2327 3018 2488 3072 nostri
2510 3022 2798 3071 inchaarat.

1783 3098 2009 3152 -Bene
2032 3097 2194 3150 boum
2225 3096 2601 3166 quiescentium
2635 3094 2797 3147 habi—

1781 3184 1896 3227 tum
1914 3184 2062 3227 notat
2078 3197 2091 3238 ;
2116 3179 2378 3228 themnath-
2393 3174 2535 3227 enim
2552 3172 2622 3226 illi
2641 3178 2796 3241 ἐπι·-

1781 3258 1897 3316 lus,
1917 3264 1971 3306 et
1992 3254 2156 3324 capite
2179 3254 2290 3308 sere
2309 3254 2531 3307 immoto
2546 3253 2796 3306 eumdem

1780 3351 1990 3399 semper
2022 3332 2197 3385 locum
2236 3341 2470 3403 spectant
2489 3372 2504 3399 ,
2550 3344 2612 3385 ut
2653 3351 2800 3386 nunc

1778 3413 1996 3463 latarum
2035 3430 2262 3479 campum
2300 3430 2540 3479 aquarum
2566 3452 2579 3472 ,
2634 3411 2797 3463 latum

1779 3507 1927 3542 mare
1953 3508 1967 3543 z
1989 3489 2168 3560 ,Vulgo
2190 3490 2350 3555 (etin
2374 3489 2566 3543 nostris
2581 3488 2798 3559 Regiis)

1779 3588 1984 3636 campos
1995 3584 2248 3637 aquarum.
2267 3569 2457 3638 Quum
2480 3581 2654 3623 autem
2681 3589 2798 3639 gra·

1779 3647 1924 3700 mina
1938 3656 2179 3716 carpunt,
2195 3657 2247 3699 et
2259 3651 2422 3699 tarde}
2430 3650 2672 3714 gradibus
2685 3664 2799 3716 pro·

1779 3726 2006 3793 cedunt,
2033 3737 2088 3780 et
2109 3725 2269 3779 modo
2289 3727 2342 3779 in
2368 3726 2532 3794 hanc,
2551 3725 2713 3779 modo
2742 3727 2798 3780 in

1778 3803 1919 3856 illam
1945 3814 2147 3873 partem
2173 3803 2385 3871 vestigia
2411 3803 2593 3857 serunt
2610 3843 2625 3870 ,
2658 3803 2797 3873 quod

1778 3881 2801 3951 verboermreexprimitur.—Proe‘a'luc...

1777 3969 1830 4013 e!
1847 3963 1971 4013 Illuc
1993 3960 2168 4030 (quod
2195 3959 2392 4013 babent
2412 3960 2579 4012 nostri
2606 3959 2798 4030 Regii)

1774 4037 2023 4090 'nonnulli
2049 4037 2178 4091 dant
2200 4040 2325 4090 illuc
2343 4076 2355 4089 .
2381 4074 2394 4087 .
2416 4077 2428 4089 .
2450 4077 2462 4089 .
2485 4046 2540 4089 et
2562 4041 2710 4090 slrtuc.
2733 4064 2798 4074 —

1777 4116 1955 4168 ‘Etiam
1990 4117 2207 4169 tertium
2254 4114 2589 4169 recreationis
2633 4132 2796 4184 genus

1778 4193 1923 4246 suavi
1959 4192 2182 4262 imagine
2226 4194 2493 4246 exornavit
2517 4233 2532 4259 ,
2570 4196 2796 4258 celsoque

1778 4279 1987 4322 etstan!
1995 4270 2358 4341 ete—Regius
2381 4281 2561 4325 noster
2575 4270 2621 4324 B
2640 4269 2795 4321 habet

1777 4350 2004 4415 ebrinum
2042 4347 2134 4400 sed
2162 4350 2424 4402 recentior
2451 4347 2605 4417 paulo
2624 4385 2644 4413 ,
2672 4355 2737 4396 ut
2759 4362 2789 4395 e
