<?xml version="1.0" encoding="UTF-8"?>
<!DOCTYPE html PUBLIC "-//W3C//DTD XHTML 1.0 Transitional//EN"
    "http://www.w3.org/TR/xhtml1/DTD/xhtml1-transitional.dtd">
<html xmlns="http://www.w3.org/1999/xhtml" xml:lang="en" lang="en">
 <head>
  <title>
</title>
<meta http-equiv="Content-Type" content="text/html;charset=utf-8" />
  <meta name='ocr-system' content='tesseract 3.04.00' />
  <meta name='ocr-capabilities' content='ocr_page ocr_carea ocr_par ocr_line ocrx_word'/>
</head>
<body>
  <div class='ocr_page' id='page_1' title='image "./publiusovidiusn02giergoog/publiusovidiusn02giergoog_0557.png"; bbox 0 0 3185 5138; ppageno 0'>
   <div class='ocr_carea' id='block_1_1' title="bbox 610 543 2103 616">
    <p class='ocr_par' dir='ltr' id='par_1_1' title="bbox 610 543 2103 616">
     <span class='ocr_line' id='line_1_1' title="bbox 610 543 2103 616; baseline 0.001 -2"><span class='ocrx_word' id='word_1_1' title='bbox 610 545 1281 614; x_wconf 86' lang='lat' dir='ltr'>METAMORPH</span> <span class='ocrx_word' id='word_1_2' title='bbox 1303 543 1646 614; x_wconf 88' lang='lat' dir='ltr'><strong>OSEON</strong></span> <span class='ocrx_word' id='word_1_3' title='bbox 1691 548 1886 615; x_wconf 90' lang='lat' dir='ltr'><strong>LIB.</strong></span> <span class='ocrx_word' id='word_1_4' title='bbox 1931 549 2103 616; x_wconf 90' lang='lat' dir='ltr'><strong>XV.</strong></span> 
     </span>
    </p>
   </div>
   <div class='ocr_carea' id='block_1_2' title="bbox 2310 551 2443 638">
    <p class='ocr_par' dir='ltr' id='par_1_2' title="bbox 2310 551 2443 638">
     <span class='ocr_line' id='line_1_2' title="bbox 2310 551 2443 638; baseline 0.008 -22"><span class='ocrx_word' id='word_1_5' title='bbox 2310 551 2443 638; x_wconf 77' lang='lat'><strong>545</strong></span> 
     </span>
    </p>
   </div>
   <div class='ocr_carea' id='block_1_3' title="bbox 309 683 2453 1486">
    <p class='ocr_par' dir='ltr' id='par_1_3' title="bbox 310 683 2160 787">
     <span class='ocr_line' id='line_1_3' title="bbox 310 683 2160 787; baseline 0.002 -28"><span class='ocrx_word' id='word_1_6' title='bbox 310 716 348 751; x_wconf 63' lang='grc' dir='ltr'><strong>»τ</strong></span> <span class='ocrx_word' id='word_1_7' title='bbox 388 684 715 786; x_wconf 74' lang='lat' dir='ltr'><strong>Quisquis</strong></span> <span class='ocrx_word' id='word_1_8' title='bbox 750 686 942 774; x_wconf 83' lang='lat' dir='ltr'><strong>ades,</strong></span> <span class='ocrx_word' id='word_1_9' title='bbox 972 684 1147 759; x_wconf 82' lang='lat' dir='ltr'><strong>dixit</strong></span> <span class='ocrx_word' id='word_1_10' title='bbox 1176 716 1193 760; x_wconf 75' lang='grc' dir='ltr'><strong><em>ε</em></strong></span> <span class='ocrx_word' id='word_1_11' title='bbox 1225 685 1354 775; x_wconf 79' lang='lat' dir='ltr'><strong>siS,</strong></span> <span class='ocrx_word' id='word_1_12' title='bbox 1391 715 1435 759; x_wconf 93' lang='lat' dir='ltr'><strong>o</strong></span> <span class='ocrx_word' id='word_1_13' title='bbox 1466 683 1950 787; x_wconf 61' lang='lat' dir='ltr'><strong>pulcherrime‚‘</strong></span> <span class='ocrx_word' id='word_1_14' title='bbox 1974 686 2160 768; x_wconf 82' lang='lat' dir='ltr'><strong>visus</strong></span> 
     </span>
    </p>

    <p class='ocr_par' dir='ltr' id='par_1_4' title="bbox 310 801 2453 1140">
     <span class='ocr_line' id='line_1_4' title="bbox 312 801 2164 904; baseline 0.001 -29"><span class='ocrx_word' id='word_1_15' title='bbox 312 835 350 868; x_wconf 75' lang='grc' dir='ltr'><strong>υ</strong></span> <span class='ocrx_word' id='word_1_16' title='bbox 390 801 700 890; x_wconf 78' lang='lat' dir='ltr'><strong>Utiliter3</strong></span> <span class='ocrx_word' id='word_1_17' title='bbox 734 802 1163 904; x_wconf 81' lang='lat' dir='ltr'><strong>populosque</strong></span> <span class='ocrx_word' id='word_1_18' title='bbox 1189 803 1378 903; x_wconf 85' lang='lat' dir='ltr'><strong>juves</strong></span> <span class='ocrx_word' id='word_1_19' title='bbox 1416 819 1526 875; x_wconf 87' lang='lat' dir='ltr'><strong>tua</strong></span> <span class='ocrx_word' id='word_1_20' title='bbox 1560 830 1744 877; x_wconf 88' lang='lat' dir='ltr'><strong>sacra</strong></span> <span class='ocrx_word' id='word_1_21' title='bbox 1777 801 2090 878; x_wconf 86' lang='lat' dir='ltr'><strong>colentes.</strong></span> <span class='ocrx_word' id='word_1_22' title='bbox 2126 836 2164 870; x_wconf 69' lang='lat'><strong>&gt;2</strong></span> 
     </span>
     <span class='ocr_line' id='line_1_5' title="bbox 310 916 2453 1019; baseline 0.001 -28"><span class='ocrx_word' id='word_1_23' title='bbox 310 918 641 1019; x_wconf 83' lang='lat' dir='ltr'><strong>Quisquis</strong></span> <span class='ocrx_word' id='word_1_24' title='bbox 677 916 904 1006; x_wconf 88' lang='lat' dir='ltr'><strong>adest,</strong></span> <span class='ocrx_word' id='word_1_25' title='bbox 935 918 1193 1018; x_wconf 89' lang='lat' dir='ltr'><strong>jussum</strong></span> <span class='ocrx_word' id='word_1_26' title='bbox 1220 935 1616 992; x_wconf 80' lang='lat' dir='ltr'><strong>venerantur</strong></span> <span class='ocrx_word' id='word_1_27' title='bbox 1645 947 1933 1008; x_wconf 81' lang='lat' dir='ltr'><strong>numeu3</strong></span> <span class='ocrx_word' id='word_1_28' title='bbox 1969 937 2043 995; x_wconf 85' lang='lat' dir='ltr'><strong>et</strong></span> <span class='ocrx_word' id='word_1_29' title='bbox 2071 949 2310 998; x_wconf 85' lang='lat' dir='ltr'><strong>omnes</strong></span> <span class='ocrx_word' id='word_1_30' title='bbox 2352 945 2453 1001; x_wconf 76' lang='grc' dir='ltr'><strong>σεο</strong></span> 
     </span>
     <span class='ocr_line' id='line_1_6' title="bbox 310 1036 2017 1140; baseline 0.004 -33"><span class='ocrx_word' id='word_1_31' title='bbox 310 1037 536 1111; x_wconf 84' lang='lat' dir='ltr'><strong>Verba</strong></span> <span class='ocrx_word' id='word_1_32' title='bbox 568 1036 927 1112; x_wconf 87' lang='lat' dir='ltr'><strong>sacerdotis</strong></span> <span class='ocrx_word' id='word_1_33' title='bbox 957 1036 1256 1111; x_wconf 88' lang='lat' dir='ltr'><strong>referunt</strong></span> <span class='ocrx_word' id='word_1_34' title='bbox 1289 1037 1657 1132; x_wconf 83' lang='lat' dir='ltr'><strong>geminata,</strong></span> <span class='ocrx_word' id='word_1_35' title='bbox 1694 1038 2017 1140; x_wconf 89' lang='lat' dir='ltr'><strong>piumque</strong></span> 
     </span>
    </p>

    <p class='ocr_par' dir='ltr' id='par_1_5' title="bbox 313 1150 1953 1252">
     <span class='ocr_line' id='line_1_7' title="bbox 313 1150 1953 1252; baseline -0.001 -26"><span class='ocrx_word' id='word_1_36' title='bbox 313 1150 627 1226; x_wconf 86' lang='lat' dir='ltr'><strong>AEneadae</strong></span> <span class='ocrx_word' id='word_1_37' title='bbox 662 1167 981 1252; x_wconf 86' lang='lat' dir='ltr'><strong>praestant</strong></span> <span class='ocrx_word' id='word_1_38' title='bbox 1013 1167 1081 1225; x_wconf 89' lang='lat' dir='ltr'><strong>et</strong></span> <span class='ocrx_word' id='word_1_39' title='bbox 1106 1168 1323 1224; x_wconf 89' lang='lat' dir='ltr'><strong>mente</strong></span> <span class='ocrx_word' id='word_1_40' title='bbox 1351 1170 1417 1224; x_wconf 87' lang='lat' dir='ltr'><strong>et</strong></span> <span class='ocrx_word' id='word_1_41' title='bbox 1449 1180 1609 1227; x_wconf 86' lang='lat' dir='ltr'><strong>voce</strong></span> <span class='ocrx_word' id='word_1_42' title='bbox 1640 1152 1953 1228; x_wconf 86' lang='lat' dir='ltr'><strong>favorem.</strong></span> 
     </span>
    </p>

    <p class='ocr_par' dir='ltr' id='par_1_6' title="bbox 312 1266 2122 1369">
     <span class='ocr_line' id='line_1_8' title="bbox 312 1266 2122 1369; baseline 0.001 -28"><span class='ocrx_word' id='word_1_43' title='bbox 312 1266 573 1341; x_wconf 82' lang='lat' dir='ltr'><strong>Adnuit</strong></span> <span class='ocrx_word' id='word_1_44' title='bbox 603 1266 748 1355; x_wconf 80' lang='lat' dir='ltr'><strong>his3</strong></span> <span class='ocrx_word' id='word_1_45' title='bbox 789 1267 1123 1368; x_wconf 87' lang='lat' dir='ltr'><strong>motisque</strong></span> <span class='ocrx_word' id='word_1_46' title='bbox 1156 1267 1343 1342; x_wconf 88' lang='lat' dir='ltr'><strong>Deus</strong></span> <span class='ocrx_word' id='word_1_47' title='bbox 1382 1267 1836 1369; x_wconf 82' lang='lat' dir='ltr'><strong>ratapignora</strong></span> <span class='ocrx_word' id='word_1_48' title='bbox 1867 1268 2122 1360; x_wconf 87' lang='lat' dir='ltr'><strong>cristis,</strong></span> 
     </span>
    </p>

    <p class='ocr_par' dir='ltr' id='par_1_7' title="bbox 309 1385 1775 1486">
     <span class='ocr_line' id='line_1_9' title="bbox 309 1385 1775 1486; baseline 0 -27"><span class='ocrx_word' id='word_1_49' title='bbox 309 1387 448 1459; x_wconf 86' lang='lat' dir='ltr'><strong>Ter</strong></span> <span class='ocrx_word' id='word_1_50' title='bbox 479 1386 757 1486; x_wconf 89' lang='lat' dir='ltr'><strong>repetita</strong></span> <span class='ocrx_word' id='word_1_51' title='bbox 786 1385 976 1460; x_wconf 83' lang='lat' dir='ltr'><strong>dedit</strong></span> <span class='ocrx_word' id='word_1_52' title='bbox 1009 1386 1266 1461; x_wconf 86' lang='lat' dir='ltr'><strong>vibrata</strong></span> <span class='ocrx_word' id='word_1_53' title='bbox 1298 1385 1496 1461; x_wconf 87' lang='lat' dir='ltr'><strong>sibila</strong></span> <span class='ocrx_word' id='word_1_54' title='bbox 1526 1385 1775 1482; x_wconf 75' lang='lat' dir='ltr'><strong>lingua.</strong></span> 
     </span>
    </p>
   </div>
   <div class='ocr_carea' id='block_1_4' title="bbox 309 1501 2009 1605">
    <p class='ocr_par' dir='ltr' id='par_1_8' title="bbox 309 1501 2009 1605">
     <span class='ocr_line' id='line_1_10' title="bbox 309 1501 2009 1605; baseline 0.002 -30"><span class='ocrx_word' id='word_1_55' title='bbox 309 1503 489 1576; x_wconf 90' lang='lat' dir='ltr'><strong>Tum</strong></span> <span class='ocrx_word' id='word_1_56' title='bbox 527 1502 841 1597; x_wconf 83' lang='lat' dir='ltr'><strong>gradibus</strong></span> <span class='ocrx_word' id='word_1_57' title='bbox 870 1503 1103 1578; x_wconf 86' lang='lat' dir='ltr'><strong>nitidis</strong></span> <span class='ocrx_word' id='word_1_58' title='bbox 1136 1501 1505 1592; x_wconf 79' lang='lat' dir='ltr'><strong>delabitur,</strong></span> <span class='ocrx_word' id='word_1_59' title='bbox 1546 1531 1796 1605; x_wconf 88' lang='lat' dir='ltr'><strong>oraque</strong></span> <span class='ocrx_word' id='word_1_60' title='bbox 1829 1520 2009 1578; x_wconf 87' lang='lat' dir='ltr'><strong>retro</strong></span> 
     </span>
    </p>
   </div>
   <div class='ocr_carea' id='block_1_5' title="bbox 2353 1525 2457 1582">
    <p class='ocr_par' dir='ltr' id='par_1_9' title="bbox 2353 1525 2457 1582">
     <span class='ocr_line' id='line_1_11' title="bbox 2353 1525 2457 1582; baseline -0.019 -1"><span class='ocrx_word' id='word_1_61' title='bbox 2353 1525 2457 1582; x_wconf 76' lang='lat'><strong>685</strong></span> 
     </span>
    </p>
   </div>
   <div class='ocr_carea' id='block_1_6' title="bbox 317 1617 2484 2070">
    <p class='ocr_par' dir='ltr' id='par_1_10' title="bbox 317 1617 1893 1722">
     <span class='ocr_line' id='line_1_12' title="bbox 317 1617 1893 1722; baseline 0.001 -29"><span class='ocrx_word' id='word_1_62' title='bbox 317 1617 601 1709; x_wconf 80' lang='lat' dir='ltr'><strong>Flectit,</strong></span> <span class='ocrx_word' id='word_1_63' title='bbox 630 1637 702 1693; x_wconf 86' lang='lat' dir='ltr'><strong>et</strong></span> <span class='ocrx_word' id='word_1_64' title='bbox 732 1619 1041 1722; x_wconf 88' lang='lat' dir='ltr'><strong>antiquas</strong></span> <span class='ocrx_word' id='word_1_65' title='bbox 1072 1619 1375 1694; x_wconf 85' lang='lat' dir='ltr'><strong>abiturus</strong></span> <span class='ocrx_word' id='word_1_66' title='bbox 1405 1619 1679 1721; x_wconf 85' lang='lat' dir='ltr'><strong>respicit</strong></span> <span class='ocrx_word' id='word_1_67' title='bbox 1710 1649 1893 1710; x_wconf 79' lang='lat' dir='ltr'><strong>araS,</strong></span> 
     </span>
    </p>

    <p class='ocr_par' dir='ltr' id='par_1_11' title="bbox 317 1733 2141 1838">
     <span class='ocr_line' id='line_1_13' title="bbox 317 1733 2141 1838; baseline 0 -28"><span class='ocrx_word' id='word_1_68' title='bbox 317 1736 782 1838; x_wconf 90' lang='lat' dir='ltr'><strong>Adsuetasque</strong></span> <span class='ocrx_word' id='word_1_69' title='bbox 825 1736 1101 1822; x_wconf 87' lang='lat' dir='ltr'><strong>domos,</strong></span> <span class='ocrx_word' id='word_1_70' title='bbox 1134 1736 1561 1838; x_wconf 78' lang='lat' dir='ltr'><strong>habitataque</strong></span> <span class='ocrx_word' id='word_1_71' title='bbox 1599 1735 1842 1838; x_wconf 87' lang='lat' dir='ltr'><strong>templa</strong></span> <span class='ocrx_word' id='word_1_72' title='bbox 1878 1733 2141 1812; x_wconf 80' lang='lat' dir='ltr'><strong>salutat.</strong></span> 
     </span>
    </p>

    <p class='ocr_par' dir='ltr' id='par_1_12' title="bbox 318 1851 1934 1954">
     <span class='ocr_line' id='line_1_14' title="bbox 318 1851 1934 1954; baseline 0.001 -29"><span class='ocrx_word' id='word_1_73' title='bbox 318 1852 481 1926; x_wconf 83' lang='lat' dir='ltr'><strong>Inde</strong></span> <span class='ocrx_word' id='word_1_74' title='bbox 517 1881 638 1954; x_wconf 88' lang='lat' dir='ltr'><strong>per</strong></span> <span class='ocrx_word' id='word_1_75' title='bbox 670 1851 931 1951; x_wconf 74' lang='lat' dir='ltr'><strong>injectis</strong></span> <span class='ocrx_word' id='word_1_76' title='bbox 966 1852 1347 1953; x_wconf 81' lang='lat' dir='ltr'><strong>adopertam</strong></span> <span class='ocrx_word' id='word_1_77' title='bbox 1383 1851 1665 1927; x_wconf 88' lang='lat' dir='ltr'><strong>floribus</strong></span> <span class='ocrx_word' id='word_1_78' title='bbox 1700 1852 1934 1949; x_wconf 80' lang='lat' dir='ltr'><strong>ingens</strong></span> 
     </span>
    </p>

    <p class='ocr_par' dir='ltr' id='par_1_13' title="bbox 321 1966 2484 2070">
     <span class='ocr_line' id='line_1_15' title="bbox 321 1966 2484 2070; baseline 0.003 -31"><span class='ocrx_word' id='word_1_79' title='bbox 321 1967 547 2068; x_wconf 86' lang='lat' dir='ltr'><strong>Serpit</strong></span> <span class='ocrx_word' id='word_1_80' title='bbox 579 1967 899 2053; x_wconf 86' lang='lat' dir='ltr'><strong>humum,</strong></span> <span class='ocrx_word' id='word_1_81' title='bbox 933 1966 1272 2069; x_wconf 84' lang='lat' dir='ltr'><strong>flectitque</strong></span> <span class='ocrx_word' id='word_1_82' title='bbox 1306 1967 1495 2044; x_wconf 90' lang='lat' dir='ltr'><strong>sinus</strong></span> <span class='ocrx_word' id='word_1_83' title='bbox 1515 2024 1534 2055; x_wconf 86' lang='lat'>‚</span> <span class='ocrx_word' id='word_1_84' title='bbox 1568 1969 1986 2070; x_wconf 86' lang='lat' dir='ltr'><strong>mediamque</strong></span> <span class='ocrx_word' id='word_1_85' title='bbox 2019 1997 2140 2070; x_wconf 81' lang='lat' dir='ltr'><strong>per</strong></span> <span class='ocrx_word' id='word_1_86' title='bbox 2170 1968 2439 2046; x_wconf 78' lang='lat' dir='ltr'><strong>urbem·</strong></span> <span class='ocrx_word' id='word_1_87' title='bbox 2483 1997 2484 2004; x_wconf 53' lang='lat'>¹</span> 
     </span>
    </p>
   </div>
   <div class='ocr_carea' id='block_1_7' title="bbox 319 2083 1893 2186">
    <p class='ocr_par' dir='ltr' id='par_1_14' title="bbox 319 2083 1893 2186">
     <span class='ocr_line' id='line_1_16' title="bbox 319 2083 1893 2186; baseline 0 -29"><span class='ocrx_word' id='word_1_88' title='bbox 319 2083 571 2158; x_wconf 87' lang='lat' dir='ltr'><strong>Tendit</strong></span> <span class='ocrx_word' id='word_1_89' title='bbox 605 2083 741 2157; x_wconf 85' lang='lat' dir='ltr'><strong>ad</strong></span> <span class='ocrx_word' id='word_1_90' title='bbox 723 2113 996 2159; x_wconf 73' lang='lat' dir='ltr'><strong>incurvo</strong></span> <span class='ocrx_word' id='word_1_91' title='bbox 1032 2084 1330 2158; x_wconf 82' lang='lat' dir='ltr'><strong>munitos</strong></span> <span class='ocrx_word' id='word_1_92' title='bbox 1366 2113 1603 2180; x_wconf 81' lang='lat' dir='ltr'><strong>aggere</strong></span> <span class='ocrx_word' id='word_1_93' title='bbox 1634 2101 1893 2186; x_wconf 77' lang='lat' dir='ltr'><strong>portus,</strong></span> 
     </span>
    </p>
   </div>
   <div class='ocr_carea' id='block_1_8' title="bbox 2368 2109 2471 2178">
    <p class='ocr_par' dir='ltr' id='par_1_15' title="bbox 2368 2109 2471 2178">
     <span class='ocr_line' id='line_1_17' title="bbox 2368 2109 2471 2178; baseline 0 -21"><span class='ocrx_word' id='word_1_94' title='bbox 2368 2109 2471 2178; x_wconf 80' lang='lat'><strong>690</strong></span> 
     </span>
    </p>
   </div>
   <div class='ocr_carea' id='block_1_9' title="bbox 323 2199 2203 2653">
    <p class='ocr_par' dir='ltr' id='par_1_16' title="bbox 323 2199 2203 2414">
     <span class='ocr_line' id='line_1_18' title="bbox 323 2199 2203 2302; baseline -0.002 -25"><span class='ocrx_word' id='word_1_95' title='bbox 323 2202 603 2277; x_wconf 84' lang='lat' dir='ltr'><strong>Restitit</strong></span> <span class='ocrx_word' id='word_1_96' title='bbox 630 2201 781 2289; x_wconf 79' lang='lat' dir='ltr'><strong>hic3</strong></span> <span class='ocrx_word' id='word_1_97' title='bbox 817 2227 1186 2302; x_wconf 84' lang='lat' dir='ltr'><strong>agmenque</strong></span> <span class='ocrx_word' id='word_1_98' title='bbox 1215 2228 1443 2286; x_wconf 87' lang='lat' dir='ltr'><strong>suum,</strong></span> <span class='ocrx_word' id='word_1_99' title='bbox 1483 2199 1827 2300; x_wconf 84' lang='lat' dir='ltr'><strong>turbaeque</strong></span> <span class='ocrx_word' id='word_1_100' title='bbox 1861 2200 2203 2300; x_wconf 82' lang='lat' dir='ltr'><strong>sequentis</strong></span> 
     </span>
     <span class='ocr_line' id='line_1_19' title="bbox 324 2311 1781 2414; baseline -0.003 -24"><span class='ocrx_word' id='word_1_101' title='bbox 324 2315 643 2390; x_wconf 83' lang='lat' dir='ltr'><strong>Officium</strong></span> <span class='ocrx_word' id='word_1_102' title='bbox 674 2312 938 2414; x_wconf 90' lang='lat' dir='ltr'><strong>placido</strong></span> <span class='ocrx_word' id='word_1_103' title='bbox 967 2314 1148 2387; x_wconf 82' lang='lat' dir='ltr'><strong>visus</strong></span> <span class='ocrx_word' id='word_1_104' title='bbox 1183 2311 1514 2387; x_wconf 84' lang='lat' dir='ltr'><strong>dimittere</strong></span> <span class='ocrx_word' id='word_1_105' title='bbox 1548 2311 1737 2386; x_wconf 83' lang='lat' dir='ltr'><strong>vultu</strong></span> <span class='ocrx_word' id='word_1_106' title='bbox 1758 2370 1781 2402; x_wconf 86' lang='lat'>‚</span> 
     </span>
    </p>

    <p class='ocr_par' dir='ltr' id='par_1_17' title="bbox 323 2427 1981 2653">
     <span class='ocr_line' id='line_1_20' title="bbox 326 2427 1981 2530; baseline -0.001 -25"><span class='ocrx_word' id='word_1_107' title='bbox 326 2432 593 2530; x_wconf 85' lang='lat' dir='ltr'><strong>Corpus</strong></span> <span class='ocrx_word' id='word_1_108' title='bbox 618 2429 696 2502; x_wconf 84' lang='lat' dir='ltr'><strong>in</strong></span> <span class='ocrx_word' id='word_1_109' title='bbox 723 2428 1025 2502; x_wconf 86' lang='lat' dir='ltr'><strong>Ausonia</strong></span> <span class='ocrx_word' id='word_1_110' title='bbox 1054 2429 1288 2529; x_wconf 91' lang='lat' dir='ltr'><strong>posuit</strong></span> <span class='ocrx_word' id='word_1_111' title='bbox 1320 2446 1460 2502; x_wconf 91' lang='lat' dir='ltr'><strong>rate</strong></span> <span class='ocrx_word' id='word_1_112' title='bbox 1488 2457 1505 2501; x_wconf 73' lang='grc' dir='ltr'>ς</span> <span class='ocrx_word' id='word_1_113' title='bbox 1541 2427 1840 2502; x_wconf 81' lang='lat' dir='ltr'><strong>numinis</strong></span> <span class='ocrx_word' id='word_1_114' title='bbox 1868 2427 1981 2504; x_wconf 81' lang='lat' dir='ltr'><strong>illa</strong></span> 
     </span>
     <span class='ocr_line' id='line_1_21' title="bbox 323 2543 1944 2653; baseline -0.001 -32"><span class='ocrx_word' id='word_1_115' title='bbox 323 2546 550 2621; x_wconf 84' lang='lat' dir='ltr'><strong>Sensit</strong></span> <span class='ocrx_word' id='word_1_116' title='bbox 581 2574 789 2634; x_wconf 88' lang='lat' dir='ltr'><strong>onus;</strong></span> <span class='ocrx_word' id='word_1_117' title='bbox 824 2574 1183 2647; x_wconf 88' lang='lat' dir='ltr'><strong>pressaque</strong></span> <span class='ocrx_word' id='word_1_118' title='bbox 1218 2543 1347 2653; x_wconf 79' lang='lat' dir='ltr'><strong>Dei</strong></span> <span class='ocrx_word' id='word_1_119' title='bbox 1377 2543 1691 2647; x_wconf 84' lang='lat' dir='ltr'><strong>gravitate</strong></span> <span class='ocrx_word' id='word_1_120' title='bbox 1724 2544 1944 2620; x_wconf 85' lang='lat' dir='ltr'><strong>carina</strong></span> 
     </span>
    </p>
   </div>
   <div class='ocr_carea' id='block_1_10' title="bbox 325 2662 1881 2765">
    <p class='ocr_par' dir='ltr' id='par_1_18' title="bbox 325 2662 1881 2765">
     <span class='ocr_line' id='line_1_22' title="bbox 325 2662 1881 2765; baseline -0.002 -24"><span class='ocrx_word' id='word_1_121' title='bbox 325 2665 637 2741; x_wconf 78' lang='lat' dir='ltr'><strong>AEneadae</strong></span> <span class='ocrx_word' id='word_1_122' title='bbox 670 2663 963 2760; x_wconf 83' lang='lat' dir='ltr'><strong>gaudent</strong></span> <span class='ocrx_word' id='word_1_123' title='bbox 982 2721 1001 2753; x_wconf 88' lang='lat'><strong>,</strong></span> <span class='ocrx_word' id='word_1_124' title='bbox 1038 2691 1337 2765; x_wconf 84' lang='lat' dir='ltr'><strong>caesoque</strong></span> <span class='ocrx_word' id='word_1_125' title='bbox 1365 2662 1434 2736; x_wconf 91' lang='lat' dir='ltr'><strong>in</strong></span> <span class='ocrx_word' id='word_1_126' title='bbox 1462 2663 1659 2738; x_wconf 89' lang='lat' dir='ltr'><strong>litore</strong></span> <span class='ocrx_word' id='word_1_127' title='bbox 1690 2681 1881 2738; x_wconf 88' lang='lat' dir='ltr'><strong>tauro</strong></span> 
     </span>
    </p>
   </div>
   <div class='ocr_carea' id='block_1_11' title="bbox 2365 2688 2468 2761">
    <p class='ocr_par' dir='ltr' id='par_1_19' title="bbox 2365 2688 2468 2761">
     <span class='ocr_line' id='line_1_23' title="bbox 2365 2688 2468 2761; baseline 0 -20"><span class='ocrx_word' id='word_1_128' title='bbox 2365 2688 2468 2761; x_wconf 76' lang='lat'><strong>695</strong></span> 
     </span>
    </p>
   </div>
   <div class='ocr_carea' id='block_1_12' title="bbox 323 2776 1839 2855">
    <p class='ocr_par' dir='ltr' id='par_1_20' title="bbox 323 2776 1839 2855">
     <span class='ocr_line' id='line_1_24' title="bbox 323 2776 1839 2855; baseline -0.003 -2"><span class='ocrx_word' id='word_1_129' title='bbox 323 2781 530 2855; x_wconf 87' lang='lat' dir='ltr'><strong>Torta</strong></span> <span class='ocrx_word' id='word_1_130' title='bbox 562 2796 887 2855; x_wconf 84' lang='lat' dir='ltr'><strong>coronatae</strong></span> <span class='ocrx_word' id='word_1_131' title='bbox 919 2776 1193 2853; x_wconf 84' lang='lat' dir='ltr'><strong>solvunt</strong></span> <span class='ocrx_word' id='word_1_132' title='bbox 1223 2776 1585 2853; x_wconf 83' lang='lat' dir='ltr'><strong>retinacula</strong></span> <span class='ocrx_word' id='word_1_133' title='bbox 1621 2778 1792 2851; x_wconf 85' lang='lat' dir='ltr'><strong>navi.</strong></span> <span class='ocrx_word' id='word_1_134' title='bbox 1829 2825 1839 2835; x_wconf 91' lang='lat'><strong>·</strong></span> 
     </span>
    </p>
   </div>
   <div class='ocr_carea' id='block_1_13' title="bbox 313 2978 1362 4299">
    <p class='ocr_par' dir='ltr' id='par_1_21' title="bbox 313 2978 1356 3514">
     <span class='ocr_line' id='line_1_25' title="bbox 313 2978 1350 3052; baseline 0.001 -19"><span class='ocrx_word' id='word_1_135' title='bbox 313 2980 505 3052; x_wconf 67' lang='lat' dir='ltr'><strong>favete.</strong></span> <span class='ocrx_word' id='word_1_136' title='bbox 520 2979 720 3034; x_wconf 86' lang='lat' dir='ltr'><strong>Animo</strong></span> <span class='ocrx_word' id='word_1_137' title='bbox 738 2978 802 3032; x_wconf 84' lang='lat' dir='ltr'><strong>ad</strong></span> <span class='ocrx_word' id='word_1_138' title='bbox 818 2998 961 3034; x_wconf 85' lang='lat' dir='ltr'><strong>sacra</strong></span> <span class='ocrx_word' id='word_1_139' title='bbox 978 2988 1202 3044; x_wconf 84' lang='lat' dir='ltr'><strong>attento,</strong></span> <span class='ocrx_word' id='word_1_140' title='bbox 1222 2996 1350 3048; x_wconf 63' lang='grc' dir='ltr'><strong>με·</strong></span> 
     </span>
     <span class='ocr_line' id='line_1_26' title="bbox 328 3057 1351 3126; baseline 0.002 -15"><span class='ocrx_word' id='word_1_141' title='bbox 328 3068 461 3111; x_wconf 80' lang='lat' dir='ltr'><strong>state</strong></span> <span class='ocrx_word' id='word_1_142' title='bbox 484 3057 640 3112; x_wconf 83' lang='lat' dir='ltr'><strong>sacris</strong></span> <span class='ocrx_word' id='word_1_143' title='bbox 660 3057 926 3111; x_wconf 81' lang='lat' dir='ltr'><strong>silentium</strong></span> <span class='ocrx_word' id='word_1_144' title='bbox 947 3095 963 3123; x_wconf 86' lang='lat'><strong>,</strong></span> <span class='ocrx_word' id='word_1_145' title='bbox 985 3057 1068 3126; x_wconf 84' lang='lat' dir='ltr'><strong>pia</strong></span> <span class='ocrx_word' id='word_1_146' title='bbox 1088 3068 1205 3109; x_wconf 85' lang='lat' dir='ltr'><strong>vota</strong></span> <span class='ocrx_word' id='word_1_147' title='bbox 1220 3076 1351 3113; x_wconf 84' lang='lat' dir='ltr'><strong>con-</strong></span> 
     </span>
     <span class='ocr_line' id='line_1_27' title="bbox 330 3134 1352 3205; baseline -0.003 -15"><span class='ocrx_word' id='word_1_148' title='bbox 330 3135 486 3205; x_wconf 83' lang='lat' dir='ltr'><strong>cipite</strong></span> <span class='ocrx_word' id='word_1_149' title='bbox 503 3175 519 3203; x_wconf 90' lang='lat'>,</span> <span class='ocrx_word' id='word_1_150' title='bbox 550 3135 691 3189; x_wconf 86' lang='lat' dir='ltr'><strong>bona</strong></span> <span class='ocrx_word' id='word_1_151' title='bbox 711 3135 871 3188; x_wconf 80' lang='lat' dir='ltr'><strong>verba</strong></span> <span class='ocrx_word' id='word_1_152' title='bbox 896 3134 1067 3189; x_wconf 86' lang='lat' dir='ltr'><strong>dicite.</strong></span> <span class='ocrx_word' id='word_1_153' title='bbox 1088 3134 1217 3187; x_wconf 85' lang='lat' dir='ltr'><strong>Mox</strong></span> <span class='ocrx_word' id='word_1_154' title='bbox 1235 3173 1251 3200; x_wconf 82' lang='lat'><strong>,</strong></span> <span class='ocrx_word' id='word_1_155' title='bbox 1277 3152 1352 3187; x_wconf 78' lang='lat' dir='ltr'><strong>vs.</strong></span> 
     </span>
     <span class='ocr_line' id='line_1_28' title="bbox 326 3210 1354 3281; baseline -0.003 -13"><span class='ocrx_word' id='word_1_156' title='bbox 326 3216 431 3268; x_wconf 73' lang='lat'><strong>682</strong></span> <span class='ocrx_word' id='word_1_157' title='bbox 451 3253 467 3281; x_wconf 86' lang='lat'>,</span> <span class='ocrx_word' id='word_1_158' title='bbox 487 3224 738 3281; x_wconf 71' lang='lat' dir='ltr'><strong>prm-tam</strong></span> <span class='ocrx_word' id='word_1_159' title='bbox 752 3224 806 3268; x_wconf 81' lang='lat' dir='ltr'><strong>et</strong></span> <span class='ocrx_word' id='word_1_160' title='bbox 820 3222 981 3267; x_wconf 73' lang='lat' dir='ltr'><strong>mente</strong></span> <span class='ocrx_word' id='word_1_161' title='bbox 990 3222 1050 3266; x_wconf 80' lang='lat' dir='ltr'><strong>et</strong></span> <span class='ocrx_word' id='word_1_162' title='bbox 1067 3210 1354 3279; x_wconf 70' lang='lat' dir='ltr'><strong>vocesavo-</strong></span> 
     </span>
     <span class='ocr_line' id='line_1_29' title="bbox 329 3288 1354 3359; baseline -0.005 -13"><span class='ocrx_word' id='word_1_163' title='bbox 329 3311 449 3347; x_wconf 71' lang='lat' dir='ltr'><strong>tem.</strong></span> <span class='ocrx_word' id='word_1_164' title='bbox 472 3289 639 3343; x_wconf 83' lang='lat' dir='ltr'><strong>Ed.—</strong></span> <span class='ocrx_word' id='word_1_165' title='bbox 652 3294 870 3344; x_wconf 73' lang='lat' dir='ltr'><strong>Pulcher</strong></span> <span class='ocrx_word' id='word_1_166' title='bbox 886 3290 1133 3358; x_wconf 75' lang='lat' dir='ltr'><strong>frequens</strong></span> <span class='ocrx_word' id='word_1_167' title='bbox 1148 3288 1354 3359; x_wconf 80' lang='lat' dir='ltr'><strong>epithe-</strong></span> 
     </span>
     <span class='ocr_line' id='line_1_30' title="bbox 332 3367 1356 3435; baseline -0.004 -11"><span class='ocrx_word' id='word_1_168' title='bbox 332 3381 430 3425; x_wconf 79' lang='lat' dir='ltr'><strong>ton</strong></span> <span class='ocrx_word' id='word_1_169' title='bbox 452 3368 694 3422; x_wconf 88' lang='lat' dir='ltr'><strong>Deorum</strong></span> <span class='ocrx_word' id='word_1_170' title='bbox 712 3389 726 3430; x_wconf 74' lang='grc' dir='ltr'>ς</span> <span class='ocrx_word' id='word_1_171' title='bbox 750 3367 877 3420; x_wconf 79' lang='lat' dir='ltr'><strong>AEn.</strong></span> <span class='ocrx_word' id='word_1_172' title='bbox 898 3368 1005 3422; x_wconf 83' lang='lat' dir='ltr'><strong>Vll</strong></span> <span class='ocrx_word' id='word_1_173' title='bbox 1020 3407 1040 3434; x_wconf 81' lang='grc'><strong><em>,</em></strong></span> <span class='ocrx_word' id='word_1_174' title='bbox 1057 3368 1185 3435; x_wconf 80' lang='grc'><strong>656,</strong></span> <span class='ocrx_word' id='word_1_175' title='bbox 1209 3375 1356 3421; x_wconf 73' lang='lat' dir='ltr'><strong>salus</strong></span> 
     </span>
     <span class='ocr_line' id='line_1_31' title="bbox 333 3445 1323 3514; baseline -0.007 -11"><span class='ocrx_word' id='word_1_176' title='bbox 333 3450 552 3510; x_wconf 76' lang='lat' dir='ltr'><strong>Hercule</strong></span> <span class='ocrx_word' id='word_1_177' title='bbox 564 3448 777 3514; x_wconf 77' lang='lat' dir='ltr'><strong>pulchro</strong></span> <span class='ocrx_word' id='word_1_178' title='bbox 794 3447 1012 3497; x_wconf 82' lang='lat' dir='ltr'><strong>Pulcher</strong></span> <span class='ocrx_word' id='word_1_179' title='bbox 1023 3445 1077 3498; x_wconf 86' lang='lat' dir='ltr'><em>A</em></span> <span class='ocrx_word' id='word_1_180' title='bbox 1081 3451 1323 3499; x_wconf 72' lang='lat' dir='ltr'><strong>ventimts.</strong></span> 
     </span>
    </p>

    <p class='ocr_par' dir='ltr' id='par_1_22' title="bbox 332 3525 1355 3751">
     <span class='ocr_line' id='line_1_32' title="bbox 419 3525 1354 3595; baseline -0.004 -13"><span class='ocrx_word' id='word_1_181' title='bbox 419 3529 534 3582; x_wconf 84' lang='grc' dir='ltr'><strong>68ι.</strong></span> <span class='ocrx_word' id='word_1_182' title='bbox 566 3525 813 3594; x_wconf 78' lang='lat' dir='ltr'><strong>Referunt</strong></span> <span class='ocrx_word' id='word_1_183' title='bbox 844 3529 1099 3593; x_wconf 69' lang='lat' dir='ltr'><strong>geminata</strong></span> <span class='ocrx_word' id='word_1_184' title='bbox 1127 3565 1142 3586; x_wconf 83' lang='lat'>‚</span> <span class='ocrx_word' id='word_1_185' title='bbox 1188 3544 1354 3595; x_wconf 86' lang='lat' dir='ltr'><strong>repe—</strong></span> 
     </span>
     <span class='ocr_line' id='line_1_33' title="bbox 333 3601 1355 3671; baseline -0.006 -9"><span class='ocrx_word' id='word_1_186' title='bbox 333 3616 472 3663; x_wconf 81' lang='lat' dir='ltr'><strong>tunt.</strong></span> <span class='ocrx_word' id='word_1_187' title='bbox 490 3632 555 3644; x_wconf 91' lang='lat'>—</span> <span class='ocrx_word' id='word_1_188' title='bbox 570 3606 826 3656; x_wconf 73' lang='lat' dir='ltr'><strong>prestant</strong></span> <span class='ocrx_word' id='word_1_189' title='bbox 844 3612 940 3657; x_wconf 81' lang='lat' dir='ltr'><strong>etc.</strong></span> <span class='ocrx_word' id='word_1_190' title='bbox 963 3601 1145 3656; x_wconf 80' lang='lat' dir='ltr'><strong>favent</strong></span> <span class='ocrx_word' id='word_1_191' title='bbox 1165 3601 1355 3671; x_wconf 79' lang='lat' dir='ltr'><strong>linguis</strong></span> 
     </span>
     <span class='ocr_line' id='line_1_34' title="bbox 332 3684 643 3751; baseline -0.016 -12"><span class='ocrx_word' id='word_1_192' title='bbox 332 3684 643 3751; x_wconf 73' lang='lat' dir='ltr'><strong>animisque.</strong></span> 
     </span>
    </p>

    <p class='ocr_par' dir='ltr' id='par_1_23' title="bbox 332 3755 1359 4141">
     <span class='ocr_line' id='line_1_35' title="bbox 396 3755 1356 3828; baseline -0.006 -12"><span class='ocrx_word' id='word_1_193' title='bbox 396 3761 510 3817; x_wconf 85' lang='grc'><strong>686.</strong></span> <span class='ocrx_word' id='word_1_194' title='bbox 552 3762 807 3828; x_wconf 74' lang='lat' dir='ltr'><strong>Antiquos</strong></span> <span class='ocrx_word' id='word_1_195' title='bbox 829 3774 848 3823; x_wconf 65' lang='grc' dir='ltr'><strong><em>ς</em></strong></span> <span class='ocrx_word' id='word_1_196' title='bbox 878 3756 998 3811; x_wconf 79' lang='lat' dir='ltr'><strong>vide</strong></span> <span class='ocrx_word' id='word_1_197' title='bbox 1035 3756 1100 3810; x_wconf 88' lang='lat' dir='ltr'><strong>ad</strong></span> <span class='ocrx_word' id='word_1_198' title='bbox 1138 3756 1165 3809; x_wconf 90' lang='lat'>1</span> <span class='ocrx_word' id='word_1_199' title='bbox 1190 3795 1206 3823; x_wconf 90' lang='lat'>,</span> <span class='ocrx_word' id='word_1_200' title='bbox 1247 3776 1266 3808; x_wconf 89' lang='grc' dir='ltr'><strong>ι</strong></span> <span class='ocrx_word' id='word_1_201' title='bbox 1282 3755 1356 3810; x_wconf 81' lang='grc' dir='ltr'><strong>ι6.</strong></span> 
     </span>
     <span class='ocr_line' id='line_1_36' title="bbox 332 3833 1357 3894; baseline -0.008 0"><span class='ocrx_word' id='word_1_202' title='bbox 332 3834 513 3894; x_wconf 69' lang='lat' dir='ltr'><strong>valer.</strong></span> <span class='ocrx_word' id='word_1_203' title='bbox 542 3838 806 3892; x_wconf 78' lang='lat' dir='ltr'><strong>Maximus</strong></span> <span class='ocrx_word' id='word_1_204' title='bbox 833 3855 846 3890; x_wconf 76' lang='lat' dir='ltr'><strong>t</strong></span> <span class='ocrx_word' id='word_1_205' title='bbox 873 3857 900 3885; x_wconf 72' lang='grc' dir='ltr'><strong>ιι</strong></span> <span class='ocrx_word' id='word_1_206' title='bbox 930 3836 1036 3889; x_wconf 87' lang='lat' dir='ltr'><strong>Per</strong></span> <span class='ocrx_word' id='word_1_207' title='bbox 1060 3835 1202 3889; x_wconf 80' lang='lat' dir='ltr'><strong>urbis</strong></span> <span class='ocrx_word' id='word_1_208' title='bbox 1217 3833 1357 3889; x_wconf 86' lang='lat' dir='ltr'><strong>cele-</strong></span> 
     </span>
     <span class='ocr_line' id='line_1_37' title="bbox 334 3914 1359 3986; baseline 0.001 -19"><span class='ocrx_word' id='word_1_209' title='bbox 334 3940 363 3967; x_wconf 77' lang='lat'><strong>»</strong></span> <span class='ocrx_word' id='word_1_210' title='bbox 392 3916 648 3973; x_wconf 78' lang='lat' dir='ltr'><strong>ber-rimas</strong></span> <span class='ocrx_word' id='word_1_211' title='bbox 669 3926 842 3986; x_wconf 83' lang='lat' dir='ltr'><strong>partes</strong></span> <span class='ocrx_word' id='word_1_212' title='bbox 869 3915 1081 3969; x_wconf 88' lang='lat' dir='ltr'><strong>mitibus</strong></span> <span class='ocrx_word' id='word_1_213' title='bbox 1116 3914 1276 3969; x_wconf 84' lang='lat' dir='ltr'><strong>oculis</strong></span> <span class='ocrx_word' id='word_1_214' title='bbox 1302 3924 1359 3968; x_wconf 84' lang='lat' dir='ltr'><strong>et</strong></span> 
     </span>
     <span class='ocr_line' id='line_1_38' title="bbox 335 3990 1358 4062; baseline -0.002 -14"><span class='ocrx_word' id='word_1_215' title='bbox 335 4017 365 4043; x_wconf 66' lang='grc' dir='ltr'><strong><em>κ</em></strong></span> <span class='ocrx_word' id='word_1_216' title='bbox 390 3994 492 4049; x_wconf 78' lang='lat' dir='ltr'><strong>levi</strong></span> <span class='ocrx_word' id='word_1_217' title='bbox 516 4004 684 4049; x_wconf 76' lang='lat' dir='ltr'><strong>tractu</strong></span> <span class='ocrx_word' id='word_1_218' title='bbox 708 3992 806 4045; x_wconf 79' lang='lat' dir='ltr'><strong>labi</strong></span> <span class='ocrx_word' id='word_1_219' title='bbox 834 3991 988 4062; x_wconf 82' lang='lat' dir='ltr'><strong>ooepit</strong></span> <span class='ocrx_word' id='word_1_220' title='bbox 1006 4033 1019 4047; x_wconf 88' lang='lat'><strong>.</strong></span> <span class='ocrx_word' id='word_1_221' title='bbox 1039 4033 1053 4046; x_wconf 90' lang='lat'><strong>.</strong></span> <span class='ocrx_word' id='word_1_222' title='bbox 1071 3991 1164 4045; x_wconf 77' lang='lat' dir='ltr'><strong>,ad</strong></span> <span class='ocrx_word' id='word_1_223' title='bbox 1189 3990 1358 4046; x_wconf 72' lang='lat' dir='ltr'><strong>trire—</strong></span> 
     </span>
     <span class='ocr_line' id='line_1_39' title="bbox 338 4070 1184 4141; baseline -0.005 -15"><span class='ocrx_word' id='word_1_224' title='bbox 338 4094 369 4122; x_wconf 77' lang='lat'><strong>»</strong></span> <span class='ocrx_word' id='word_1_225' title='bbox 397 4092 543 4126; x_wconf 85' lang='lat' dir='ltr'><strong>mem</strong></span> <span class='ocrx_word' id='word_1_226' title='bbox 563 4073 863 4126; x_wconf 83' lang='lat' dir='ltr'><strong>Romanam</strong></span> <span class='ocrx_word' id='word_1_227' title='bbox 888 4070 1133 4141; x_wconf 81' lang='lat' dir='ltr'><strong>perrexit.</strong></span> <span class='ocrx_word' id='word_1_228' title='bbox 1156 4092 1184 4117; x_wconf 74' lang='grc' dir='ltr'><strong>ιο</strong></span> 
     </span>
    </p>

    <p class='ocr_par' dir='ltr' id='par_1_24' title="bbox 336 4146 1362 4299">
     <span class='ocr_line' id='line_1_40' title="bbox 402 4146 1359 4224; baseline -0.006 -19"><span class='ocrx_word' id='word_1_229' title='bbox 402 4150 469 4224; x_wconf 79' lang='grc'><strong>69</strong></span> <span class='ocrx_word' id='word_1_230' title='bbox 477 4170 497 4204; x_wconf 85' lang='lat'>1</span> <span class='ocrx_word' id='word_1_231' title='bbox 505 4189 517 4201; x_wconf 90' lang='lat'><strong>.</strong></span> <span class='ocrx_word' id='word_1_232' title='bbox 545 4152 720 4203; x_wconf 68' lang='lat' dir='ltr'><strong>Turba</strong></span> <span class='ocrx_word' id='word_1_233' title='bbox 734 4153 985 4219; x_wconf 50' lang='lat' dir='ltr'><strong>sequentes</strong></span> <span class='ocrx_word' id='word_1_234' title='bbox 998 4146 1232 4218; x_wconf 71' lang='lat' dir='ltr'><strong>officiunt,</strong></span> <span class='ocrx_word' id='word_1_235' title='bbox 1250 4154 1359 4200; x_wconf 88' lang='lat' dir='ltr'><strong>tur·</strong></span> 
     </span>
     <span class='ocr_line' id='line_1_41' title="bbox 336 4227 1362 4299; baseline -0.002 -18"><span class='ocrx_word' id='word_1_236' title='bbox 336 4227 462 4282; x_wconf 80' lang='lat' dir='ltr'><strong>bam</strong></span> <span class='ocrx_word' id='word_1_237' title='bbox 478 4228 639 4284; x_wconf 71' lang='lat' dir='ltr'><strong>officii</strong></span> <span class='ocrx_word' id='word_1_238' title='bbox 665 4248 816 4283; x_wconf 84' lang='lat' dir='ltr'><strong>causa</strong></span> <span class='ocrx_word' id='word_1_239' title='bbox 838 4229 1009 4299; x_wconf 85' lang='lat' dir='ltr'><strong>ipsum</strong></span> <span class='ocrx_word' id='word_1_240' title='bbox 1035 4245 1362 4297; x_wconf 80' lang='lat' dir='ltr'><strong>prosequen-</strong></span> 
     </span>
    </p>
   </div>
   <div class='ocr_carea' id='block_1_14' title="bbox 340 4302 1383 4393">
    <p class='ocr_par' dir='ltr' id='par_1_25' title="bbox 340 4302 1383 4393">
     <span class='ocr_line' id='line_1_42' title="bbox 340 4302 1383 4393; baseline -0.005 -28"><span class='ocrx_word' id='word_1_241' title='bbox 340 4319 469 4365; x_wconf 78' lang='lat' dir='ltr'><strong>tem.</strong></span> <span class='ocrx_word' id='word_1_242' title='bbox 497 4308 732 4393; x_wconf 62' lang='lat' dir='ltr'><strong>Office&#39;eqn</strong></span> <span class='ocrx_word' id='word_1_243' title='bbox 754 4308 976 4374; x_wconf 74' lang='lat' dir='ltr'><strong>verbum</strong></span> <span class='ocrx_word' id='word_1_244' title='bbox 996 4303 1272 4377; x_wconf 80' lang='lat' dir='ltr'><strong>proprium</strong></span> <span class='ocrx_word' id='word_1_245' title='bbox 1291 4302 1383 4387; x_wconf 59' lang='lat' dir='ltr'><strong>de</strong></span> 
     </span>
    </p>
   </div>
   <div class='ocr_carea' id='block_1_15' title="bbox 588 4410 734 4485">
    <p class='ocr_par' dir='ltr' id='par_1_26' title="bbox 588 4410 734 4485">
     <span class='ocr_line' id='line_1_43' title="bbox 588 4410 734 4485; baseline 0 -4"><span class='ocrx_word' id='word_1_246' title='bbox 588 4410 734 4485; x_wconf 89' lang='lat' dir='ltr'><strong>IV.</strong></span> 
     </span>
    </p>
   </div>
   <div class='ocr_carea' id='block_1_16' title="bbox 1446 2976 2478 3360">
    <p class='ocr_par' dir='ltr' id='par_1_27' title="bbox 1446 2976 2478 3360">
     <span class='ocr_line' id='line_1_44' title="bbox 1446 2976 2474 3050; baseline 0.003 -20"><span class='ocrx_word' id='word_1_247' title='bbox 1446 2976 1672 3043; x_wconf 85' lang='lat' dir='ltr'><strong>honore,</strong></span> <span class='ocrx_word' id='word_1_248' title='bbox 1688 2977 1778 3047; x_wconf 91' lang='lat' dir='ltr'><strong>qui</strong></span> <span class='ocrx_word' id='word_1_249' title='bbox 1798 2976 1948 3032; x_wconf 88' lang='lat' dir='ltr'><strong>alicui</strong></span> <span class='ocrx_word' id='word_1_250' title='bbox 1967 2976 2192 3032; x_wconf 82' lang='lat' dir='ltr'><strong>habetur</strong></span> <span class='ocrx_word' id='word_1_251' title='bbox 2205 2979 2474 3050; x_wconf 83' lang='lat' dir='ltr'><strong>sectando,</strong></span> 
     </span>
     <span class='ocr_line' id='line_1_45' title="bbox 1449 3054 2477 3122; baseline 0.006 -14"><span class='ocrx_word' id='word_1_252' title='bbox 1449 3054 1784 3122; x_wconf 85' lang='lat' dir='ltr'><strong>deducendo,</strong></span> <span class='ocrx_word' id='word_1_253' title='bbox 1802 3066 1897 3110; x_wconf 83' lang='lat' dir='ltr'><strong>etc.</strong></span> <span class='ocrx_word' id='word_1_254' title='bbox 1912 3059 2160 3112; x_wconf 71' lang='lat' dir='ltr'><strong>-Posuie</strong></span> <span class='ocrx_word' id='word_1_255' title='bbox 2175 3057 2477 3114; x_wconf 81' lang='lat' dir='ltr'><strong>rate.Valer.</strong></span> 
     </span>
     <span class='ocr_line' id='line_1_46' title="bbox 1448 3131 2478 3205; baseline 0.005 -21"><span class='ocrx_word' id='word_1_256' title='bbox 1448 3131 1592 3185; x_wconf 77' lang='lat' dir='ltr'><strong>Max.</strong></span> <span class='ocrx_word' id='word_1_257' title='bbox 1606 3154 1634 3180; x_wconf 73' lang='grc' dir='ltr'><strong>α</strong></span> <span class='ocrx_word' id='word_1_258' title='bbox 1653 3132 1734 3185; x_wconf 89' lang='lat' dir='ltr'><strong>Eo</strong></span> <span class='ocrx_word' id='word_1_259' title='bbox 1746 3133 2053 3188; x_wconf 72' lang='lat' dir='ltr'><strong>conscendit</strong></span> <span class='ocrx_word' id='word_1_260' title='bbox 2064 3134 2152 3187; x_wconf 87' lang='lat' dir='ltr'><strong>ubi</strong></span> <span class='ocrx_word' id='word_1_261' title='bbox 2168 3133 2240 3203; x_wconf 88' lang='lat' dir='ltr'><strong>Q.</strong></span> <span class='ocrx_word' id='word_1_262' title='bbox 2254 3132 2478 3205; x_wconf 79' lang='lat' dir='ltr'><strong>Ogulnii</strong></span> 
     </span>
     <span class='ocr_line' id='line_1_47' title="bbox 1452 3209 2476 3283; baseline 0.004 -20"><span class='ocrx_word' id='word_1_263' title='bbox 1452 3231 1479 3257; x_wconf 70' lang='grc' dir='ltr'><strong>»ο</strong></span> <span class='ocrx_word' id='word_1_264' title='bbox 1504 3209 1662 3280; x_wconf 75' lang='lat' dir='ltr'><strong>legati</strong></span> <span class='ocrx_word' id='word_1_265' title='bbox 1696 3211 2092 3266; x_wconf 84' lang='lat' dir='ltr'><strong>tabernaculum</strong></span> <span class='ocrx_word' id='word_1_266' title='bbox 2124 3221 2236 3267; x_wconf 86' lang='lat' dir='ltr'><strong>erat</strong></span> <span class='ocrx_word' id='word_1_267' title='bbox 2258 3250 2274 3280; x_wconf 83' lang='lat'><strong>,</strong></span> <span class='ocrx_word' id='word_1_268' title='bbox 2312 3213 2476 3283; x_wconf 77' lang='lat' dir='ltr'><strong>inque</strong></span> 
     </span>
     <span class='ocr_line' id='line_1_48' title="bbox 1451 3289 2474 3360; baseline 0.009 -23"><span class='ocrx_word' id='word_1_269' title='bbox 1451 3312 1479 3337; x_wconf 71' lang='grc' dir='ltr'><strong>ιο</strong></span> <span class='ocrx_word' id='word_1_270' title='bbox 1505 3289 1848 3359; x_wconf 84' lang='lat' dir='ltr'><strong>multiplicem</strong></span> <span class='ocrx_word' id='word_1_271' title='bbox 1865 3290 2048 3344; x_wconf 82' lang='lat' dir='ltr'><strong>orbem</strong></span> <span class='ocrx_word' id='word_1_272' title='bbox 2063 3329 2080 3356; x_wconf 87' lang='lat'>‚</span> <span class='ocrx_word' id='word_1_273' title='bbox 2095 3309 2191 3360; x_wconf 84' lang='lat' dir='ltr'><strong>per</strong></span> <span class='ocrx_word' id='word_1_274' title='bbox 2206 3309 2474 3346; x_wconf 87' lang='lat' dir='ltr'><strong>summam</strong></span> 
     </span>
    </p>
   </div>
   <div class='ocr_carea' id='block_1_17' title="bbox 1440 3368 2263 3439">
    <p class='ocr_par' dir='ltr' id='par_1_28' title="bbox 1440 3368 2263 3439">
     <span class='ocr_line' id='line_1_49' title="bbox 1440 3368 2263 3439; baseline 0.001 -22"><span class='ocrx_word' id='word_1_275' title='bbox 1440 3390 1482 3435; x_wconf 38' lang='grc' dir='ltr'><strong>,υ</strong></span> <span class='ocrx_word' id='word_1_276' title='bbox 1505 3368 1768 3439; x_wconf 76' lang='lat' dir='ltr'><strong>quietem,</strong></span> <span class='ocrx_word' id='word_1_277' title='bbox 1795 3379 1872 3423; x_wconf 84' lang='lat' dir='ltr'><strong>est</strong></span> <span class='ocrx_word' id='word_1_278' title='bbox 1890 3368 2216 3423; x_wconf 82' lang='lat' dir='ltr'><strong>convolutus.</strong></span> <span class='ocrx_word' id='word_1_279' title='bbox 2235 3389 2263 3418; x_wconf 72' lang='lat' dir='ltr'><strong>s</strong></span> 
     </span>
    </p>
   </div>
   <div class='ocr_carea' id='block_1_18' title="bbox 1448 3446 2488 4387">
    <p class='ocr_par' dir='ltr' id='par_1_29' title="bbox 1448 3446 2481 3829">
     <span class='ocr_line' id='line_1_50' title="bbox 1516 3446 2475 3521; baseline 0.005 -20"><span class='ocrx_word' id='word_1_280' title='bbox 1516 3450 1632 3521; x_wconf 72' lang='grc'><strong>694.</strong></span> <span class='ocrx_word' id='word_1_281' title='bbox 1645 3452 1925 3517; x_wconf 79' lang='lat' dir='ltr'><strong>Pressaque</strong></span> <span class='ocrx_word' id='word_1_282' title='bbox 1940 3450 2158 3501; x_wconf 81' lang='lat' dir='ltr'><strong>Dee&#39;etc.</strong></span> <span class='ocrx_word' id='word_1_283' title='bbox 2177 3446 2339 3517; x_wconf 76' lang='lat' dir='ltr'><strong>Conf-</strong></span> <span class='ocrx_word' id='word_1_284' title='bbox 2361 3451 2475 3520; x_wconf 86' lang='lat'>111,</span> 
     </span>
     <span class='ocr_line' id='line_1_51' title="bbox 1450 3522 2480 3594; baseline 0.003 -15"><span class='ocrx_word' id='word_1_285' title='bbox 1450 3526 1567 3579; x_wconf 77' lang='lat'><strong>621.</strong></span> <span class='ocrx_word' id='word_1_286' title='bbox 1588 3523 1809 3580; x_wconf 82' lang='lat' dir='ltr'><strong>Dorvill.</strong></span> <span class='ocrx_word' id='word_1_287' title='bbox 1842 3523 1898 3575; x_wconf 87' lang='lat' dir='ltr'><strong>in</strong></span> <span class='ocrx_word' id='word_1_288' title='bbox 1927 3522 2106 3578; x_wconf 88' lang='lat' dir='ltr'><strong>codice</strong></span> <span class='ocrx_word' id='word_1_289' title='bbox 2140 3525 2359 3594; x_wconf 87' lang='lat' dir='ltr'><strong>antiquo</strong></span> <span class='ocrx_word' id='word_1_290' title='bbox 2390 3548 2480 3582; x_wconf 86' lang='lat' dir='ltr'><strong>re-</strong></span> 
     </span>
     <span class='ocr_line' id='line_1_52' title="bbox 1448 3601 2479 3671; baseline 0.005 -17"><span class='ocrx_word' id='word_1_291' title='bbox 1448 3603 1589 3671; x_wconf 81' lang='lat' dir='ltr'><strong>perit</strong></span> <span class='ocrx_word' id='word_1_292' title='bbox 1624 3607 1803 3655; x_wconf 80' lang='lat' dir='ltr'><strong>can‘na</strong></span> <span class='ocrx_word' id='word_1_293' title='bbox 1838 3611 1932 3654; x_wconf 77' lang='lat' dir='ltr'><strong>est.</strong></span> <span class='ocrx_word' id='word_1_294' title='bbox 1969 3601 2116 3655; x_wconf 88' lang='lat' dir='ltr'><strong>Hinc</strong></span> <span class='ocrx_word' id='word_1_295' title='bbox 2150 3601 2293 3656; x_wconf 86' lang='lat' dir='ltr'><strong>idem</strong></span> <span class='ocrx_word' id='word_1_296' title='bbox 2330 3605 2479 3659; x_wconf 85' lang='lat' dir='ltr'><strong>malit</strong></span> 
     </span>
     <span class='ocr_line' id='line_1_53' title="bbox 1452 3677 2481 3748; baseline 0.006 -18"><span class='ocrx_word' id='word_1_297' title='bbox 1452 3677 1627 3748; x_wconf 82' lang='lat' dir='ltr'><strong>legere</strong></span> <span class='ocrx_word' id='word_1_298' title='bbox 1644 3686 1908 3745; x_wconf 77' lang='lat' dir='ltr'><strong>:etpressa</strong></span> <span class='ocrx_word' id='word_1_299' title='bbox 1922 3680 2289 3747; x_wconf 62' lang='lat' dir='ltr'><strong>Deae&#39;graeaeitate</strong></span> <span class='ocrx_word' id='word_1_300' title='bbox 2300 3688 2481 3736; x_wconf 73' lang='lat' dir='ltr'><strong>carim</strong></span> 
     </span>
     <span class='ocr_line' id='line_1_54' title="bbox 1451 3756 2303 3829; baseline 0.004 -23"><span class='ocrx_word' id='word_1_301' title='bbox 1451 3762 1544 3811; x_wconf 79' lang='lat' dir='ltr'><strong>est.</strong></span> <span class='ocrx_word' id='word_1_302' title='bbox 1566 3756 1810 3808; x_wconf 80' lang='lat' dir='ltr'><strong>AEaeadae</strong></span> <span class='ocrx_word' id='word_1_303' title='bbox 1833 3764 1933 3808; x_wconf 82' lang='lat' dir='ltr'><strong>etc.</strong></span> <span class='ocrx_word' id='word_1_304' title='bbox 2296 3818 2303 3829; x_wconf 31' lang='lat'><strong>⁹</strong></span> 
     </span>
    </p>

    <p class='ocr_par' dir='ltr' id='par_1_30' title="bbox 1454 3831 2488 4387">
     <span class='ocr_line' id='line_1_55' title="bbox 1519 3831 2479 3895; baseline 0.002 -10"><span class='ocrx_word' id='word_1_305' title='bbox 1519 3831 1635 3885; x_wconf 86' lang='grc'><strong>665.</strong></span> <span class='ocrx_word' id='word_1_306' title='bbox 1662 3834 1803 3886; x_wconf 79' lang='lat' dir='ltr'><strong>Caeso</strong></span> <span class='ocrx_word' id='word_1_307' title='bbox 1819 3842 1987 3895; x_wconf 81' lang='lat' dir='ltr'><strong>taum,</strong></span> <span class='ocrx_word' id='word_1_308' title='bbox 2016 3852 2079 3886; x_wconf 81' lang='lat' dir='ltr'><strong>ex</strong></span> <span class='ocrx_word' id='word_1_309' title='bbox 2099 3851 2248 3888; x_wconf 87' lang='lat' dir='ltr'><strong>more</strong></span> <span class='ocrx_word' id='word_1_310' title='bbox 2264 3834 2479 3888; x_wconf 82' lang='lat' dir='ltr'><strong>solven-</strong></span> 
     </span>
     <span class='ocr_line' id='line_1_56' title="bbox 1454 3909 2480 3980; baseline 0.002 -16"><span class='ocrx_word' id='word_1_311' title='bbox 1454 3909 1589 3964; x_wconf 78' lang='lat' dir='ltr'><strong>tium</strong></span> <span class='ocrx_word' id='word_1_312' title='bbox 1615 3909 2112 3980; x_wconf 83' lang='lat' dir='ltr'><strong>appellentiumque.</strong></span> <span class='ocrx_word' id='word_1_313' title='bbox 2129 3938 2197 3952; x_wconf 90' lang='lat'><strong>—-</strong></span> <span class='ocrx_word' id='word_1_314' title='bbox 2221 3913 2480 3966; x_wconf 79' lang='lat' dir='ltr'><strong>Coronatae</strong></span> 
     </span>
     <span class='ocr_line' id='line_1_57' title="bbox 1455 3988 2478 4060; baseline 0.006 -19"><span class='ocrx_word' id='word_1_315' title='bbox 1455 3990 1523 4043; x_wconf 88' lang='lat' dir='ltr'><strong>ob</strong></span> <span class='ocrx_word' id='word_1_316' title='bbox 1554 3988 1837 4044; x_wconf 71' lang='lat' dir='ltr'><strong>discessum</strong></span> <span class='ocrx_word' id='word_1_317' title='bbox 1868 4001 2106 4060; x_wconf 85' lang='lat' dir='ltr'><strong>optatum</strong></span> <span class='ocrx_word' id='word_1_318' title='bbox 2128 4031 2145 4057; x_wconf 84' lang='lat'><strong>,</strong></span> <span class='ocrx_word' id='word_1_319' title='bbox 2169 4001 2230 4044; x_wconf 89' lang='lat' dir='ltr'><strong>ut</strong></span> <span class='ocrx_word' id='word_1_320' title='bbox 2264 3992 2385 4045; x_wconf 87' lang='lat' dir='ltr'><strong>alibi</strong></span> <span class='ocrx_word' id='word_1_321' title='bbox 2410 3994 2478 4047; x_wconf 87' lang='lat' dir='ltr'><strong>ob</strong></span> 
     </span>
     <span class='ocr_line' id='line_1_58' title="bbox 1454 4066 2478 4135; baseline 0.007 -16"><span class='ocrx_word' id='word_1_322' title='bbox 1454 4066 1688 4121; x_wconf 82' lang='lat' dir='ltr'><strong>reditum</strong></span> <span class='ocrx_word' id='word_1_323' title='bbox 1710 4067 1910 4121; x_wconf 82' lang='lat' dir='ltr'><strong>salvum</strong></span> <span class='ocrx_word' id='word_1_324' title='bbox 1926 4107 1942 4135; x_wconf 90' lang='lat'>,</span> <span class='ocrx_word' id='word_1_325' title='bbox 1971 4068 2245 4124; x_wconf 77' lang='lat' dir='ltr'><strong>hostemve</strong></span> <span class='ocrx_word' id='word_1_326' title='bbox 2263 4070 2478 4127; x_wconf 78' lang='lat' dir='ltr'><strong>victum.</strong></span> 
     </span>
     <span class='ocr_line' id='line_1_59' title="bbox 1454 4146 2484 4216; baseline 0.006 -19"><span class='ocrx_word' id='word_1_327' title='bbox 1454 4171 1524 4188; x_wconf 89' lang='lat'><strong>-—</strong></span> <span class='ocrx_word' id='word_1_328' title='bbox 1544 4148 1850 4200; x_wconf 78' lang='lat' dir='ltr'><strong>Retinacula</strong></span> <span class='ocrx_word' id='word_1_329' title='bbox 1874 4154 2007 4204; x_wconf 66' lang='lat' dir='ltr'><strong>navi.</strong></span> <span class='ocrx_word' id='word_1_330' title='bbox 2028 4146 2206 4216; x_wconf 75' lang='lat' dir='ltr'><strong>Vulgo</strong></span> <span class='ocrx_word' id='word_1_331' title='bbox 2228 4146 2484 4203; x_wconf 82' lang='lat' dir='ltr'><strong>edebatur</strong></span> 
     </span>
     <span class='ocr_line' id='line_1_60' title="bbox 1454 4225 2488 4296; baseline 0.006 -19"><span class='ocrx_word' id='word_1_332' title='bbox 1454 4231 1738 4280; x_wconf 79' lang='lat' dir='ltr'><strong>retinacula</strong></span> <span class='ocrx_word' id='word_1_333' title='bbox 1768 4231 1958 4294; x_wconf 68' lang='lat' dir='ltr'><strong>puppis·</strong></span> <span class='ocrx_word' id='word_1_334' title='bbox 1975 4265 1992 4290; x_wconf 86' lang='lat'><strong>,</strong></span> <span class='ocrx_word' id='word_1_335' title='bbox 2046 4225 2190 4296; x_wconf 86' lang='lat' dir='ltr'><strong>quod</strong></span> <span class='ocrx_word' id='word_1_336' title='bbox 2219 4229 2488 4283; x_wconf 79' lang='lat' dir='ltr'><strong>revocavit</strong></span> 
     </span>
     <span class='ocr_line' id='line_1_61' title="bbox 1460 4304 2488 4387; baseline 0.001 -28"><span class='ocrx_word' id='word_1_337' title='bbox 1460 4304 1904 4363; x_wconf 61' lang='lat' dir='ltr'><strong>Mihcherliehius</strong></span> <span class='ocrx_word' id='word_1_338' title='bbox 1920 4326 1938 4376; x_wconf 72' lang='lat'>3</span> <span class='ocrx_word' id='word_1_339' title='bbox 1963 4305 2066 4360; x_wconf 84' lang='lat' dir='ltr'><strong>hoc</strong></span> <span class='ocrx_word' id='word_1_340' title='bbox 2080 4307 2303 4361; x_wconf 67' lang='lat' dir='ltr'><strong>mutavit</strong></span> <span class='ocrx_word' id='word_1_341' title='bbox 2319 4307 2488 4387; x_wconf 59' lang='lat' dir='ltr'><strong>fleia-</strong></span> 
     </span>
    </p>
   </div>
   <div class='ocr_carea' id='block_1_19' title="bbox 2125 4409 2208 4475">
    <p class='ocr_par' dir='ltr' id='par_1_31' title="bbox 2125 4409 2208 4475">
     <span class='ocr_line' id='line_1_62' title="bbox 2125 4409 2208 4475; baseline -0.024 0"><span class='ocrx_word' id='word_1_342' title='bbox 2125 4409 2208 4475; x_wconf 82' lang='lat'><strong>35</strong></span> 
     </span>
    </p>
   </div>
  </div>
 </body>
</html>
