3185 5138
647 518 778 583 288

1209 511 1291 578 P.
1348 513 1703 583 OVIDII
1751 512 2213 586 NASONIS

652 687 685 716 »ι
725 647 1049 725 Herculea
1079 649 1408 726 Trachine
1439 650 1632 750 jube,
1669 651 1797 726 sub
1825 652 2112 749 imagine
2142 654 2322 751 regis

646 802 683 833 »
724 764 1109 865 Halcyonen
1140 765 1412 856 adeant,
1449 766 1930 868 simulacraque
1964 769 2281 865 naufraga
2315 769 2592 865 fingant.

646 914 683 949 ι»
718 884 1008 981 Imperat
1036 879 1168 954 hoc
1203 883 1413 955 Juno.
1455 916 1491 947 υ
1530 883 1899 984 Postquam
1938 884 2246 960 mandata
2280 886 2542 987 peregit

637 998 802 1084 Iria,
839 995 1017 1083 abit;
1049 1025 1262 1099 neque
1299 997 1473 1071 enim
1506 998 1787 1073 ulterius
1826 998 2107 1076 tolerare
2144 1004 2411 1103 vaporis

2673 1025 2779 1081 630

638 1114 794 1187 Vim
828 1131 1126 1215 poterat3
1162 1113 1431 1215 labique
1463 1132 1540 1189 ut
1573 1116 1899 1189 Somnum
1933 1117 2143 1191 sensit
2177 1119 2244 1191 in
2282 1138 2503 1210 artus,

637 1226 934 1326 Effugit,
969 1249 1036 1304 et
1070 1248 1318 1307 remeat
1349 1258 1471 1331 per
1506 1260 1675 1332 quos
1710 1232 1914 1306 modo
1952 1252 2219 1309 venerat
2253 1263 2465 1310 arcus.

734 1347 830 1420 At
862 1365 1050 1448 pater
1082 1376 1118 1421 e
1153 1348 1408 1449 populo
1442 1366 1754 1423 natorum
1786 1349 1969 1424 mille
2003 1379 2279 1425 suorum

637 1463 905 1536 Excitat
935 1463 1251 1538 artificem
1273 1521 1292 1553 ,
1328 1464 1913 1567 simulatoremque
1946 1466 2173 1562 figurae
2194 1524 2214 1556 ‚

637 1579 968 1679 Morphea
998 1609 1014 1652 ε
1048 1609 1187 1654 non
1220 1579 1339 1654 illo
1371 1582 1597 1681 jussos
1630 1580 1943 1657 solertius
1976 1582 2143 1657 alter

2674 1602 2775 1655 635

638 1697 972 1797 Exprimit
1004 1697 1332 1786 incessus,
1371 1697 1761 1797 vultumque
1787 1725 2161 1798 sonumque
2196 1696 2554 1798 loquendi;

639 1812 890 1910 Adjicit
923 1830 992 1888 et
1021 1832 1237 1887 vestes
1258 1870 1277 1902 ,
1316 1832 1382 1888 et
1414 1814 1922 1888 consuetissima
1957 1814 2196 1916 cuique

637 1930 893 2019 Verba;
931 1931 1049 2006 sed
1082 1930 1191 2005 hic
1225 1929 1405 2005 solos
1438 1930 1751 2006 homines
1781 1930 2080 2005 imitatur
2114 1960 2132 2006 τ
2170 1948 2238 2006 at
2270 1929 2436 2005 alter

636 2047 748 2120 Fit
777 2045 911 2120 sera
930 2101 949 2134 ,
981 2046 1060 2119 fit
1090 2045 1378 2120 volucris
1401 2102 1421 2134 ‚
1457 2045 1535 2119 fit
1566 2045 1773 2141 longo
1807 2074 2086 2147 corpore
2118 2073 2407 2147 serpens.

639 2162 837 2235 Hunc
866 2160 1090 2236 Icelon
1121 2161 1361 2262 Superi
1385 2217 1404 2249 ‚
1442 2161 1723 2234 mortale
1758 2159 2147 2236 Phobetora
2177 2159 2417 2258 vulgus

2673 2184 2773 2251 640

641 2278 958 2352 Nominat
991 2307 1008 2351 ε
1042 2294 1143 2351 est
1174 2276 1368 2352 etiam
1405 2277 1674 2352 diversae
1705 2279 1940 2353 tertius
1975 2277 2135 2353 artis

712 2486 826 2554 527.
873 2486 1125 2537 Herculea
1177 2483 1440 2535 Trachine.
1478 2482 1658 2551 Vulgo

638 2566 938 2618 Herculeam
976 2563 1247 2615 Trachina.
1281 2560 1472 2614 Monet
1503 2559 1658 2614 Bur-

639 2661 866 2696 mannus
911 2639 1151 2693 accidisse
1193 2637 1333 2692 hanc
1368 2657 1483 2691 rem
1531 2649 1657 2691 ante

643 2719 885 2775 Herculis
900 2717 1104 2770 obitum
1119 2756 1134 2783 ,
1155 2735 1185 2769 a
1202 2735 1309 2784 quo
1324 2715 1555 2770 Trachin
1571 2714 1657 2768 de·

639 2818 789 2853 mum
801 2800 1053 2852 Herculea
1063 2795 1200 2849 dicta
1211 2796 1292 2850 sit.
1305 2796 1487 2865 ltaque
1502 2795 1659 2849 licen·

639 2878 709 2930 tia
735 2885 1010 2946 poetarum
1034 2892 1142 2926 esse
1179 2874 1431 2927 Nostrum
1465 2893 1617 2927 usum
1638 2913 1654 2942 ,

638 2955 727 3023 qui
751 2953 979 3022 epitheta
1003 2952 1165 3005 etiam
1191 2952 1473 3022 imponunt
1488 2972 1517 3005 a
1535 2974 1661 3023 per-

638 3032 780 3087 sonis
810 3030 887 3085 vel
914 3029 1071 3085 rebus
1094 3030 1392 3099 posterioris
1412 3031 1522 3083 evi.

703 3111 818 3164 630.
868 3112 1079 3176 Vapon‘s
1116 3115 1235 3162 vim.
1262 3108 1435 3180 Vulgo
1469 3110 1494 3180 (
1520 3120 1573 3162 et
1601 3111 1658 3165 in

642 3188 818 3258 Regiis
841 3188 1066 3257 nostris)
1088 3193 1280 3254 sopores
1293 3195 1410 3240 νιόι.
1431 3187 1657 3242 Floren-

639 3268 779 3321 tinus
804 3267 858 3322 S.
887 3266 1057 3319 Marci
1081 3277 1135 3321 et
1157 3266 1417 3335 Spirensis
1432 3286 1661 3334 vaporeas

640 3354 721 3409 vi,
750 3346 891 3402 unde
915 3347 1161 3401 Heinsius
1184 3346 1395 3417 conjicit
1422 3366 1659 3414 vaporans

640 3432 767 3489 mh,
789 3437 848 3480 ut
866 3445 1079 3494 vaporus
1094 3429 1247 3479 ardor
1264 3423 1398 3495 apud
1413 3423 1661 3479 Pruden-

641 3508 801 3561 tium:
821 3507 1016 3577 recepit
1040 3517 1217 3559 tamen
1244 3525 1304 3558 ex
1326 3523 1437 3557 uno
1460 3510 1661 3570 vaporis·

641 3594 758 3641 νήνι.
779 3590 1005 3654 ναροηίτ,
1028 3585 1190 3655 qualis
1201 3584 1333 3639 solet
1346 3603 1456 3638 esse
1471 3584 1526 3635 in
1542 3582 1660 3634 dor·

642 3665 860 3719 mitoriis
885 3704 901 3730 ‚
938 3664 1127 3717 Somni
1161 3663 1215 3715 in
1243 3661 1436 3732 primis.
1463 3660 1660 3714 Statius

643 3742 810 3797 Theb.
842 3743 923 3807 X,
966 3745 1056 3795 108
1078 3780 1093 3806 ,
1125 3741 1180 3793 in
1207 3739 1394 3794 Somni
1420 3737 1660 3807 descrip-

642 3822 781 3875 tione
801 3859 816 3885 ,
849 3839 1048 3885 corpore
1062 3823 1209 3886 pe‘gro
1240 3820 1412 3871 Strata
1442 3821 1614 3870 calent
1635 3857 1650 3878 ,

640 3916 884 3966 supraque
892 3906 1047 3949 lorum
1061 3895 1354 3963 ναίεσκε-[βαι
1364 3899 1546 3948 anhelo
1562 3898 1664 3947 Ore

641 3997 811 4045 vapor.
835 4003 901 4015 —
920 3976 1083 4027 dcam
1100 3991 1346 4026 somnum
1365 4014 1378 4031 .
1409 3983 1467 4026 ut
1485 3972 1658 4038 vlu,

646 4058 740 4109 812
762 4094 776 4119 ,
805 4051 1050 4124 Nympha
1077 4051 1660 4117 samem—perquam..

640 4149 802 4181 arcus,
817 4128 1110 4182 Duodecim
1120 4147 1216 4196 pc!
1229 4146 1355 4195 quas
1426 4145 1663 4180 auras.—

645 4205 798 4274 Regii
821 4207 1024 4260 codices
1036 4227 1130 4273 per
1146 4224 1270 4274 quos
1287 4223 1451 4257 amus.

709 4284 820 4336 633.
844 4286 923 4337 A!
943 4295 1093 4352 paler
1111 4305 1140 4338 e
1153 4288 1341 4352 populo
1368 4293 1464 4338 etc.
1491 4282 1662 4340 Locus

1754 2483 1988 2539 classicus
2005 2483 2071 2537 de
2089 2484 2321 2538 Somniis
2343 2503 2358 2537 :
2373 2487 2594 2551 popalus
2615 2492 2774 2537 nato-

1753 2582 1886 2624 ran,
1920 2573 1981 2616 ut
1998 2563 2078 2617 v1
2096 2604 2111 2629 ‚
2142 2564 2262 2636 198,
2283 2560 2350 2617 de
2371 2561 2767 2632 quatuordecim

1755 2639 1951 2694 Niobes
1973 2639 2176 2702 liberis;
2201 2639 2483 2709 Virgilius,
2504 2639 2697 2710 Georg.
2717 2642 2740 2694 1
2756 2680 2771 2706 ,

1756 2718 1851 2771 382
1876 2757 1893 2785 ,
1927 2723 2176 2771 exercitas
2208 2736 2501 2782 commun·
2533 2719 2734 2772 Plinius
2756 2759 2771 2781 .

1756 2815 1877 2865 pan.
1901 2796 1963 2849 23
1980 2836 1996 2862 ‚
2011 2799 2229 2862 popalus
2250 2802 2651 2861 occursantium·
2688 2797 2776 2849 in-

1753 2873 1834 2928 fra
1853 2874 1961 2927 ΧΠ
1979 2912 1993 2939 ,
2018 2875 2116 2945 499
2129 2914 2145 2940 ,
2161 2879 2379 2942 populas
2397 2894 2689 2941 supernatat
2703 2878 2773 2926 ab

1754 2974 1870 3007 ano.
1887 2980 1953 2992 —
1969 2952 2016 3005 E
2047 2953 2197 3022 plebe
2221 2954 2498 3007 innumera
2519 2954 2772 3006 somnio-

1755 3050 1877 3084 rum
1894 3042 2074 3085 evocat
2096 3031 2355 3101 Morphea
2373 3071 2389 3097 ‚
2416 3031 2503 3100 qui
2525 3030 2768 3100 primipi-

1757 3110 1836 3163 lus
1850 3150 1864 3175 ,
1884 3110 2126 3164 tribunus
2142 3149 2158 3176 ‚
2176 3130 2271 3164 ceu
2288 3110 2390 3162 dux
2405 3109 2733 3162 somniorum
2751 3149 2768 3177 ,

1757 3207 1874 3257 que
1894 3187 2183 3242 humanam
2207 3188 2430 3241 sormam
2448 3205 2769 3256 personam-

1754 3286 1855 3336 que
1869 3267 2122 3321 sustinere
2135 3278 2365 3336 possunt.
2374 3267 2768 3327 Ed-Excitat,

1753 3345 1953 3414 jaoebat
1969 3345 2113 3412 enim
2124 3384 2140 3411 ‚
2159 3365 2290 3398 vers.
2307 3346 2422 3412 514.
2434 3372 2501 3385 —
2512 3345 2771 3414 Arteficent

1754 3422 1812 3476 in
1846 3422 2149 3476 simulandis
2181 3422 2375 3493 figuris.
2390 3451 2465 3470 ⁴—
2492 3424 2537 3475 A
2569 3421 2735 3492 figura
2752 3460 2768 3487 ‚

1753 3499 2771 3648 ‘35555'5{;.²¹::¹1305525235„{⁰?321':·

2458 3617 2473 3643 ,
2760 3616 2772 3628 .

1753 3660 2207 3725 Ed.-E.tpri1nit.
2231 3657 2480 3711 Heinsius
2502 3657 2650 3710 malit
2666 3676 2773 3709 et·-

1744 3742 1949 3804 pn'mat.
1968 3736 2131 3789 Abest
2154 3744 2332 3788 autem
2356 3735 2650 3789 auctoritas.
2671 3735 2774 3788 Ed.

1753 3842 1819 3854 —
1836 3813 1964 3865 Mox
1989 3813 2255 3868 Palatinus
2271 3811 2533 3867 secundus
2558 3823 2611 3865 et
2637 3830 2774 3866 unns

1757 3891 1964 3946 Heinsii
1998 3896 2288 3958 nodumque
2320 3892 2563 3958 loquendi
2575 3929 2588 3950 ‚
2631 3885 2774 3956 quod

1755 3969 2029 4040 impugnat
2052 3971 2407 4023 Burmannus.
2426 3995 2494 4010 --
2511 3966 2664 4036 Regii
2688 3983 2775 4020 co-

1756 4044 1895 4100 dices
1911 4066 2179 4115 sonumque
2202 4049 2464 4115 loqaeaede‘5
2492 4045 2643 4098 bene.

1819 4123 1934 4190 640.
1957 4126 2127 4178 Icelon
2139 4163 2153 4177 .
2172 4163 2183 4175 .
2200 4163 2212 4176 .
2227 4164 2237 4176 .
2251 4126 2544 4176 Phobetora.
2568 4120 2773 4174 Admo-

1756 4202 1886 4256 dum
1903 4204 2103 4257 variant
2123 4203 2269 4257 MSS
2286 4204 2341 4256 in
2361 4202 2439 4256 his
2455 4200 2770 4255 nominibus.

1754 4281 2018 4352 —Regius
2035 4281 2196 4336 codex
2214 4281 2258 4334 A
2280 4284 2487 4348 Παίου,
2508 4288 2561 4336 et
2579 4279 2774 4330 mebe-
