3185 5138
660 521 1697 593 METAMORPHOSEON
1755 525 1953 592 LIB.
2002 527 2192 594 XII.

2370 526 2504 593 313

372 700 410 733 ι»
450 667 814 764 Quasque,
850 662 989 751 ait,
1023 679 1173 737 ante
1209 663 1451 738 habuit
1479 665 1689 752 virm,
1729 663 1967 739 effudit
1999 665 2071 738 in
2105 688 2266 739 unm

375 818 412 850 2>
450 785 622 856 Nam
661 798 836 869 certe
868 780 1115 868 valuit,
1154 780 1257 855 vel
1295 810 1500 881 quum
1529 782 1843 883 Lyrnesia
1872 782 2127 883 primus

376 936 414 969 »
457 899 710 985 Moenia
742 898 1011 997 disjeei;
1047 898 1150 973 vel
1187 929 1392 1000 quum
1427 900 1924 1002 Tenedonque,
1954 928 2209 1002 suoque

378 1054 415 1087 >›
456 1018 811 1093 Eetioneas
844 1015 1111 1118 implevi
1145 1017 1466 1112 sanguine
1490 1017 1757 1091 Thebas
1785 1047 1800 1104 ;

2424 1056 2525 1092 uo*

384 1172 419 1203 »
457 1136 584 1210 Vel
619 1163 826 1235 quum
861 1163 1240 1237 purpureus
1273 1133 1582 1236 populari
1618 1136 1790 1210 coede
1828 1136 2083 1237 Caycus

384 1291 420 1322 ι»
460 1254 722 1342 Fluxit,
753 1280 1058 1355 opusque
1088 1282 1246 1329 meae
1276 1255 1386 1328 bis
1414 1255 1625 1328 sensit
1656 1252 1993 1355 Telephus
2029 1255 2252 1329 bastae.

385 1409 421 1440 »
457 1373 589 1447 Hic
626 1400 894 1473 quoque
932 1389 1036 1444 tot
1070 1372 1290 1460 caesis,
1332 1401 1618 1474 quorum
1654 1401 1774 1473 per
1812 1371 1971 1446 litus
2003 1401 2266 1447 acervos

382 1522 420 1555 »
461 1491 555 1561 Et
584 1486 707 1561 feci
727 1542 747 1575 ,
786 1505 851 1560 et
882 1487 1074 1562 video
1096 1543 1115 1574 ‚
1148 1486 1357 1561 valuit
1388 1516 1529 1562 mea
1565 1488 1792 1562 dextra
1812 1545 1830 1576 ,
1868 1487 2189 1588 valetque.
2218 1521 2254 1553 »

379 1607 571 1683 Dixit
603 1636 617 1678 :
649 1624 753 1693 et,
791 1622 942 1680 ante
977 1606 1140 1680 actis
1173 1604 1377 1680 veluti
1412 1605 1578 1680 male
1614 1606 1942 1694 crederet,
1971 1607 2228 1680 hastam

2429 1627 2520 1679 115

381 1721 575 1796 Misit
605 1721 675 1794 in
706 1721 1048 1796 adversum
1083 1723 1282 1824 Lycia
1316 1722 1396 1796 de
1424 1721 1623 1824 plebe
1652 1723 1991 1797 Menoeten
2011 1777 2030 1809 ‚

380 1893 498 1956 328,
521 1891 626 1960 ipse
648 1890 900 1960 gloriatur
914 1930 928 1957 ,
946 1910 999 1944 se
1018 1890 1295 1945 duodecim
1313 1911 1405 1944 ur-

379 1972 471 2026 bes
492 1972 633 2025 inter
654 1969 1008 2041 navigandum
1028 2010 1042 2037 ‚
1077 1981 1131 2024 et
1155 1969 1405 2025 undecim

382 2051 439 2104 in
461 2052 769 2105 continente
794 2049 1052 2104 excidisse.
1079 2049 1188 2103 Sed
1204 2049 1297 2103 has
1314 2070 1404 2103 ur·

383 2130 474 2183 bes
500 2129 664 2182 serius
696 2128 1025 2197 expugnavit.
1050 2155 1117 2168 —
1150 2130 1406 2199 lyrnesus

387 2218 477 2261 aut
487 2210 773 2278 Lymessus
786 2247 799 2266 ‚
821 2216 876 2259 et
901 2208 1080 2258 Thebe
1093 2225 1184 2259 seu
1215 2208 1402 2266 Thebe,

384 2286 541 2338 urbes
552 2285 740 2357 Mysiae
755 2324 769 2350 ,
796 2303 912 2353 quae
925 2283 1071 2352 regio
1084 2293 1258 2352 postea
1275 2284 1412 2336 AEo-

386 2361 448 2414 lis
469 2360 604 2415 dicta
628 2371 704 2414 est
735 2382 749 2423 ;
792 2360 910 2413 vide
941 2359 1413 2413 Burmannum.—

385 2440 673 2492 Eetioneas.
687 2438 885 2508 Regius
900 2447 1080 2489 noster
1092 2435 1253 2489 codex
1267 2436 1313 2488 A
1327 2437 1411 2488 So·

386 2523 470 2572 lus
486 2521 768 2573 Echionias
788 2520 995 2586 implevi
1012 2519 1258 2584 sanguine
1278 2516 1413 2566 The-

389 2600 513 2659 bas‚·
535 2595 695 2650 codex
714 2597 758 2649 B
780 2597 1069 2649 St'the‘oneas
1083 2635 1096 2654 ‚
1121 2593 1246 2645 etin
1271 2609 1413 2644 mar-

388 2676 508 2745 gine
546 2676 634 2727 vel
663 2676 985 2736 Echionias5
1024 2670 1089 2724 ad
1122 2670 1233 2723 haec
1269 2668 1410 2721 haud

391 2751 525 2804 male
544 2749 876 2804 retulerimus
888 2769 950 2802 ea
966 2767 1081 2819 quc
1097 2747 1283 2801 dixerit
1299 2747 1413 2800 Re-

392 2829 534 2898 gius:
558 2852 584 2874 «
611 2827 877 2897 Corrupte
902 2827 1115 2896 quidem
1132 2826 1204 2879 sic
1223 2825 1414 2895 legitur

394 2929 422 2953 ι·
448 2906 474 2977 (
501 2908 648 2960 Solus
681 2909 959 2960 Echionias
983 2908 1003 2972 )
1040 2904 1190 2974 culpa
1225 2922 1415 2957 eorum

397 3007 424 3031 ν
449 2986 538 3055 qui
564 2986 659 3039 sibi
696 2985 875 3037 omnia
913 2983 1227 3053 permittunt
1263 2983 1317 3035 in
1353 2982 1415 3035 iis

398 3084 424 3107 ὀ
451 3061 802 3128 invertendis,
829 3080 947 3130 quae
967 3061 1020 3114 in
1044 3061 1219 3130 priscis
1235 3078 1417 3113 exem-

399 3161 425 3185 »
451 3140 677 3210 plaribus
693 3140 947 3208 descripta
965 3156 1074 3191 non
1093 3139 1412 3208 percipiunt:

402 3239 430 3264 ι·
455 3237 621 3286 quum
639 3219 784 3274 enim
806 3236 1059 3287 quasnam
1076 3216 1299 3271 Ovidius
1313 3219 1418 3269 Ee-

403 3318 430 3342 »
453 3303 650 3350 ethaeas
680 3299 879 3350 Thebas
900 3308 1109 3351 vocaret
1132 3297 1307 3349 miuus
1327 3296 1419 3348 in-

404 3394 433 3420 »
460 3373 753 3443 telligerent
767 3374 1008 3428 homines
1024 3374 1250 3443 imperiti
1270 3385 1323 3428 et
1339 3385 1419 3427 te·-

404 3472 433 3497 »
456 3451 666 3503 merarii
685 3489 701 3516 ,
738 3471 846 3504 non
866 3452 1036 3505 solum
1060 3455 1331 3506 Eetioneas
1363 3452 1418 3503 in

406 3549 435 3575 »ι
459 3530 740 3582 Echionias
762 3529 1096 3583 inverterunt
1112 3569 1128 3595 ,
1152 3530 1241 3582 sed
1264 3540 1316 3582 et
1331 3548 1421 3583 so-

405 3627 432 3651 »
457 3609 540 3658 lus
565 3605 847 3659 commodo
874 3625 971 3659 suo
1000 3605 1420 3675 adscripserunt,

405 3703 435 3730 ιο
460 3683 763 3752 ignorantes
798 3687 1081 3737 Echionia
1129 3687 1326 3736 Thebas
1363 3685 1420 3738 in

405 3781 435 3808 ν
459 3760 661 3814 Boeotia
677 3781 787 3826 esse
805 3801 819 3828 ‚
844 3781 961 3830 quae
976 3781 1074 3831 pro
1086 3759 1421 3815 Graeciscon-

406 3861 434 3886 υ
462 3850 542 3893 tra
568 3841 829 3911 Trojanos
851 3852 1142 3907 steterunt3
1173 3861 1300 3912 quas
1326 3862 1423 3896 au-

406 3940 435 3966 »
461 3929 569 3972 tem
593 3940 647 3974 se
671 3921 830 3989 iactat
859 3939 1174 3991 expugnasse
1199 3921 1425 3976 Achilles

409 4018 436 4042 ν
460 3996 516 4049 in
539 3994 722 4052 Cilicia
740 4037 755 4066 ,
778 4000 1170 4053 suntEete'omeae
1189 3997 1338 4051 dictae
1359 3997 1425 4050 ab

407 4094 436 4120 ³»
462 4077 704 4138 Eetion,
755 4087 902 4146 patre
937 4074 1335 4130 Andromaches
1371 4084 1426 4128 et

411 4175 437 4198 ι»
464 4173 615 4223 rege,
643 4156 727 4209 cui
752 4156 936 4210 Thebe
963 4155 1168 4225 paruit;
1194 4152 1337 4207 hunc
1360 4153 1425 4207 ab

413 4251 440 4277 ¹·
465 4232 669 4286 Achille
709 4233 1046 4287 intersectum
1076 4272 1090 4299 ,
1134 4233 1427 4301 urbemque

415 4330 443 4356 ²·
464 4309 832 4381 depopulatam
849 4312 984 4387 apud
1004 4311 1429 4368 HomerumAn·

1505 1911 1532 1936 >v
1560 1889 1842 1943 dromarhe
1859 1888 1967 1959 ipsa
1983 1889 2350 1959 conqueritur3
2379 1887 2523 1952 ΗΑ,

1505 1990 1532 2016 »
1557 1970 1683 2036 364;
1702 1971 1745 2021 Ζ
1759 2009 1775 2035 ,
1795 1969 1909 2041 395.
1925 1991 1952 2015 n
1970 1968 2190 2038 Legitur
2206 1969 2361 2022 etiam
2378 1969 2527 2020 Ete’o-

1500 2064 1658 2113 neas3
1681 2044 1771 2098 sed
1797 2045 1934 2098 male
1952 2085 1970 2110 ‚
1993 2045 2264 2099 Homerus
2285 2045 2429 2098 enim
2451 2043 2528 2095 lo-

1500 2123 1572 2176 cis
1590 2121 1737 2176 dictis
1760 2122 1916 2175 habet
1938 2131 2121 2177 Heriem.
2138 2125 2238 2175 Ed.
2254 2149 2320 2163 -
2337 2121 2526 2189 Quum

1505 2198 1745 2264 dtis-jerem
1757 2197 1965 2267 proprie
1980 2197 2046 2250 sit
2064 2198 2134 2251 ita
2150 2197 2418 2250 destruere
2438 2238 2451 2263 ‚
2471 2208 2528 2249 ut

1505 2274 1762 2347 fragmina
1783 2295 1954 2346 sparsa
1980 2276 2184 2344 iaceant
2202 2316 2216 2342 ‚
2253 2275 2319 2328 de
2354 2276 2530 2328 excisis

1505 2354 1794 2419 moenibus,
1815 2352 2056 2420 urbibus,
2084 2354 2283 2407 arcibus
2306 2353 2526 2406 adhibe-

1506 2443 1621 2495 tur;
1648 2432 1751 2484 vid.
1773 2431 2023 2485 Heinsius
2038 2443 2091 2485 et
2102 2432 2530 2484 Burmannus.—

1506 2515 1754 2580 Populati
1788 2515 1921 2565 cede
1944 2551 1958 2574 ‚
1999 2510 2139 2565 cede
2177 2511 2526 2582 popularium.

1507 2590 1677 2644 Fluvii
1702 2591 1845 2644 enim
1860 2594 2133 2658 populares
2159 2589 2420 2643 habentur
2443 2611 2530 2645 ar-

1507 2671 1742 2724 eolarum
1765 2692 1777 2732 ;
1813 2670 1928 2724 vide
1959 2671 2037 2725 lx
2056 2711 2070 2736 ‚
2102 2689 2181 2722 20.
2204 2698 2272 2710 —
2297 2672 2495 2741 Caycus
2512 2714 2527 2733 ,

1509 2745 1697 2817 Mysiae
1738 2746 1927 2800 fluvius
1962 2769 1976 2811 ;
2022 2747 2089 2800 ad
2139 2766 2263 2800 eum
2309 2747 2531 2802 fluvium

1510 2822 1738 2877 Achilles
1764 2824 1908 2877 hasta
1936 2845 2026 2878 sua
2053 2825 2345 2879 vulneravit
2378 2829 2534 2880 Tele-

1498 2905 1658 2970 phum
1676 2942 1691 2964 ,
1731 2902 1975 2955 Herculis
2012 2914 2067 2973 et
2108 2904 2283 2972 Auges
2324 2904 2491 2958 silium
2516 2944 2531 2973 ,

1511 2998 1676 3048 quum
1691 2979 1903 3034 Graecos
1918 2980 2195 3049 prohibere
2214 2981 2362 3036 litore
2381 2983 2535 3036 aude-

1512 3068 1609 3110 ret.
1636 3056 1764 3125 Quo
1789 3077 1850 3109 ex
1881 3059 2098 3111 vulnere
2120 3079 2285 3128 quum
2316 3061 2535 3113 summis

1512 3135 1782 3189 doloribus
1807 3137 2130 3190 cruciaretur
2146 3178 2160 3204 ,
2188 3149 2241 3190 et
2265 3138 2535 3191 oraculum

1512 3214 1559 3266 ei
1585 3214 1936 3283 respondisset
1958 3254 1972 3281 ‚
2012 3218 2032 3269 ὅ
2052 3219 2228 3291 τρώσας
2250 3222 2299 3270 σι’
2321 3218 2501 3270 ἰάσεται
2518 3255 2534 3281 ,

1516 3292 1743 3346 Achilles
1766 3292 2002 3363 robigine
2027 3292 2185 3346 hastae
2206 3293 2386 3346 derasa
2410 3311 2533 3345 eum

1512 3371 1729 3425 sanavit.
1752 3373 1927 3442 Atque
1951 3372 2021 3425 ita
2044 3372 2121 3425 bis
2139 3378 2323 3434 sensit,
2353 3391 2539 3440 exper-

1517 3460 1601 3504 tus
1623 3462 1699 3505 est
1730 3472 1882 3518 opus,
1919 3453 2025 3504 vim
2055 3463 2107 3504 et
2148 3451 2447 3504 vulnificam
2484 3462 2538 3505 et

1513 3529 1794 3583 salutarem
1831 3530 1976 3583 istius
2017 3530 2176 3583 hastae
2196 3552 2209 3590 ;
2260 3530 2503 3602 Hyginus
2521 3570 2536 3597 ‚

1515 3607 1615 3662 sab.
1648 3627 1732 3660 101
1759 3628 1770 3668 3
1801 3606 2030 3674 Plinius,
2054 3609 2232 3673 XXV,
2267 3628 2338 3680 ¹9·

1589 3705 1609 3737 1
1624 3684 1696 3737 13.
1724 3687 1826 3737 Per
1845 3688 1969 3736 litus
1982 3725 1995 3744 ‚
2017 3683 2274 3754 dispersos
2294 3685 2347 3737 in
2368 3684 2536 3737 litore.

1517 3765 1832 3823 —Haslam,
1853 3762 2189 3816 Florentinus
2218 3775 2269 3817 et
2295 3763 2542 3816 Francos.

1516 3843 1680 3894 haste
1692 3881 1704 3901 ,
1725 3840 1865 3893 unde
1881 3840 2131 3894 Heinsius
2139 3841 2259 3910 conj
2267 3839 2352 3893 icit
2363 3850 2415 3892 et
2426 3851 2545 3891 aule

1518 3930 1648 3974 acle
1672 3925 1833 3973 velam·
1848 3924 1980 3973 male
2007 3923 2226 3973 credere!
2247 3922 2408 3972 haste
2427 3958 2439 3978 ,
2484 3927 2545 3970 ut

1519 4019 1668 4066 agere
1670 3997 1900 4064 fulmina
1913 4039 1925 4059 ,
1959 4002 2061 4052 tela
2083 3997 2402 4067 etc.—Regii
2421 4014 2544 4049 nos-

1522 4077 1591 4129 tri
1615 4076 1743 4130 nihil
1766 4087 1990 4129 mutant.
2015 4103 2082 4117 —-
2104 4079 2257 4129 Metu?
2274 4080 2329 4128 iu
2354 4079 2543 4129 aduer—

1523 4172 1635 4207 sum
1656 4164 1752 4207 etc.
1781 4153 1998 4207 Centies
2014 4194 2029 4221 ,
2058 4154 2181 4207 etin
2200 4153 2297 4207 hac
2314 4153 2421 4222 ipsa
2441 4152 2544 4224 sab.

1523 4234 1710 4303 sapius
1734 4233 2004 4302 homines,
2036 4244 2089 4287 et
2118 4235 2393 4300 membra,
2431 4252 2548 4302 quae

1526 4312 1657 4366 alter
1680 4313 1828 4383 petiit
1852 4313 1964 4368 telis
1978 4352 1995 4380 ,
2032 4316 2240 4369 adversi
2256 4323 2311 4366 et
2332 4316 2548 4366 adversa
