3185 5138
645 550 1690 620 METAMORPHOSEON
1737 553 1937 621 LIB.
1989 555 2202 625 XIV.

2359 556 2481 649 49¹

353 686 643 763 Pulchra
679 690 864 764 subit
891 690 1088 765 facies
1112 747 1131 780 ‚
1166 709 1233 765 et
1268 690 1727 794 pulvinaribus
1761 692 1911 767 altis

356 803 678 898 Dignior,
717 821 782 877 et
816 805 1031 907 qualis
1068 807 1348 882 trabeati
1383 807 1597 880 forma
1635 807 1928 903 Quirini.

454 920 689 995 Flebat
721 940 800 996 ut
830 925 1143 998 amissum
1179 926 1459 1023 conjux,
1494 953 1702 1024 quum
1735 926 1913 1022 regia
1940 926 2123 999 Juno

354 1037 489 1110 Irin
528 1038 610 1111 ad
646 1038 1002 1113 Hersiliam
1038 1040 1431 1114 descendere
1464 1039 1674 1116 limite
1704 1070 1905 1115 curvo

2387 1064 2491 1116 830

355 1155 646 1254 Imperat
668 1210 687 1240 ‚
723 1173 791 1228 et
820 1183 1036 1229 vacuae
1067 1183 1188 1229 sua
1219 1155 1312 1230 sic
1344 1157 1655 1230 mandata
1691 1155 1972 1232 referre:

362 1303 396 1334 «
438 1272 503 1344 Ο
537 1287 605 1344 et
631 1269 713 1341 de
745 1270 968 1358 Latia,
1002 1299 1043 1343 o
1079 1290 1146 1345 et
1185 1271 1265 1345 de
1302 1289 1496 1368 gente
1529 1272 1778 1347 Sabina

360 1419 397 1452 »
438 1385 891 1486 Praecipuum,
925 1406 1257 1476 matrona,
1298 1388 1536 1474 decus;
1576 1388 1963 1483 dignissima
1995 1389 2160 1461 tanti

362 1536 398 1569 >v
437 1504 614 1576 Ante
646 1501 848 1577 fuisse
882 1502 1045 1592 viri,
1082 1504 1325 1603 conjux
1355 1532 1536 1578 nunc
1565 1533 1707 1578 esse
1744 1504 2048 1600 Quirini,

357 1652 394 1684 2>
434 1619 606 1692 Siste
644 1637 799 1693 tuos
834 1619 1070 1694 fletus:
1104 1637 1205 1707 et,
1236 1621 1292 1694 si
1328 1620 1453 1693 tibi
1484 1649 1641 1694 cura
1673 1620 1940 1694 videndi

2387 1643 2493 1698 835

356 1769 393 1802 >›
436 1736 759 1834 Conjugis
787 1755 923 1825 est,
960 1737 1126 1810 duce
1157 1766 1261 1811 me
1291 1736 1515 1811 lucum
1546 1753 1697 1838 pete
1717 1793 1736 1825 ‚
1772 1734 1941 1811 colle
1974 1737 2263 1834 Quirino

358 1885 392 1915 »
433 1852 574 1948 Qui
606 1852 807 1941 viret,
849 1871 918 1926 ct
950 1851 1271 1953 templum
1306 1854 1598 1928 Romani
1629 1854 1804 1950 regis
1840 1853 2216 1930 obumbrat.
2251 1887 2291 1921 »

351 1966 584 2055 Paret,
623 1986 690 2042 et
718 1969 788 2042 in
820 1986 1056 2043 terram
1092 1969 1314 2069 pictos
1344 1968 1612 2070 delapsa
1644 1998 1765 2071 per
1794 2000 2023 2059 arma,

351 2082 705 2157 Hersiliam
735 2084 935 2184 jussis
969 2084 1322 2186 compellat
1347 2086 1628 2159 vocibus
1662 2087 1810 2160 Iris.

348 2196 472 2272 Illa
502 2200 870 2298 verecundo
905 2200 1012 2272 vix
1049 2198 1293 2274 tollens
1319 2199 1575 2275 lumina
1598 2200 1826 2289 vultu,

350 2384 378 2417 e
397 2365 641 2420 Lucretio
659 2403 675 2430 ,
704 2367 784 2419 Vl
803 2404 819 2431 ‚
850 2385 937 2435 ¹77
958 2368 1229 2418 :plumbea
1251 2385 1367 2419 vero

353 2446 524 2496 Glaas
540 2449 692 2495 ctiam
713 2446 864 2510 longo
878 2461 1023 2494 cursu
1042 2446 1287 2496 volvenda
1306 2447 1364 2494 Ιί-

345 2525 539 2588 quescit
554 2537 574 2585 ‚·
606 2521 678 2574 ita
696 2531 752 2575 et
774 2519 1025 2589 Virgilius
1042 2559 1058 2587 ,
1100 2520 1226 2574 AEn.
1253 2523 1330 2576 IX
1347 2560 1361 2587 ‚

348 2600 445 2651 588
461 2638 477 2665 ,
503 2609 555 2652 et
571 2599 769 2653 Statius
787 2639 802 2665 ‚
821 2596 991 2652 Theb.
1012 2600 1062 2652 X
1083 2640 1097 2666 ‚
1126 2604 1234 2654 528.
1253 2601 1364 2654 Fal-

345 2696 465 2729 sum
490 2688 667 2731 tamen
695 2688 799 2744 est,
828 2681 1042 2746 glandes
1058 2719 1070 2739 ,
1095 2678 1327 2747 globulos
1347 2719 1362 2745 ‚

346 2757 615 2826 plumbeas
651 2758 706 2813 in
740 2776 896 2811 cursu
931 2763 1268 2822 latabescere,
1308 2760 1363 2813 id

347 2846 425 2889 est
450 2835 752 2906 liquescere.
796 2838 1016 2907 Argent.
1050 2837 1140 2890 dat
1171 2844 1363 2892 incam-

343 2920 557 2970 descere.

408 2997 521 3064 827.
544 2996 901 3049 pulvinaribus
923 3001 1049 3051 altis
1072 3039 1085 3059 ‚
1121 2997 1328 3069 dignior
1344 3039 1359 3066 ,

344 3073 434 3142 qui
468 3075 716 3129 conviviis
760 3076 1002 3130 Deorum
1044 3078 1318 3132 interesset
1346 3100 1360 3142 ς

343 3152 481 3219 quod
526 3155 736 3220 signum
780 3154 1061 3211 divinitatis
1090 3178 1102 3218 ς
1138 3157 1258 3211 vide
1298 3157 1363 3211 ad

344 3227 426 3283 Vl
444 3267 458 3293 ‚
490 3231 596 3297 173.
619 3235 943 3291 pulvinaria.
978 3232 1094 3288 lecti
1120 3233 1363 3288 Deorum

343 3307 398 3359 in
429 3309 624 3377 templo
649 3312 799 3380 positi
822 3334 835 3375 ;
875 3313 998 3366 hinc
1021 3324 1074 3367 et
1100 3313 1217 3368 lecti
1249 3334 1361 3369 εε-

343 3384 495 3438 lestes
515 3407 527 3439 ε
546 3387 747 3440 Rodius
771 3401 953 3443 contra
961 3396 1251 3456 pulvinaria
1274 3394 1359 3445 in-

344 3474 662 3533 terpretatur
677 3467 1004 3520 sacellum.—
1016 3470 1363 3535 Trabeatisor·

341 3561 427 3593 ma
450 3543 511 3607 Q.
531 3543 660 3595 Haec
684 3542 854 3595 lucem
873 3544 1131 3612 accipiunt
1147 3565 1208 3597 ex
1224 3545 1361 3600 Fast.

345 3618 420 3683 ΙΙ,
434 3619 533 3671 503
545 3639 631 3689 sq:
656 3621 934 3672 pulchere!
945 3624 1161 3674 humano
1177 3623 1355 3689 major,

338 3701 604 3766 trabeaque
618 3700 841 3760 decorus,
865 3701 1113 3752 Romulus
1131 3706 1185 3753 ia
1199 3704 1364 3754 media

341 3783 481 3830 eiras
499 3782 680 3831 adesse
700 3785 803 3833 via.
824 3779 1029 3849 Nempe
1055 3785 1228 3834 trabea
1251 3781 1361 3850 pri-

341 3876 554 3911 scorum
590 3877 776 3928 regum
805 3859 1171 3913 Romanorum
1199 3862 1360 3915 habi-

344 3947 459 3999 tus;
481 3937 684 3989 Plinius
698 3975 713 4001 ‚
742 3937 820 3990 lx
839 3977 854 4003 ,
873 3938 939 4010 39
958 3958 971 3991 ι
993 3938 1063 3991 ita
1075 3946 1361 3993 succinctus

343 4017 518 4067 trabea
536 4015 691 4068 Picus
708 4015 845 4085 apud
861 4016 1008 4085 Virg.
1035 4015 1145 4069 Vll
1159 4057 1172 4077 ‚
1207 4018 1312 4070 188.

410 4092 662 4163 829-851.
689 4093 869 4146 Altera
890 4093 1322 4163 metamorphosis
1340 4134 1356 4162 ,

344 4169 587 4224 Hersilia
615 4171 671 4224 in
701 4171 924 4226 Horam.
946 4199 1012 4211 -
1031 4172 1361 4226 Amittisim-

342 4249 545 4318 pliciter
582 4250 831 4305 dicuntur
849 4291 865 4320 ,
898 4262 1167 4319 tamquam
1195 4252 1358 4306 verbo

2382 2223 2487 2291 840

1460 2366 1689 2428 rientem
1718 2366 1836 2420 vide
1857 2366 1924 2419 ad
1942 2366 2172 2420 Plinium
2194 2407 2208 2433 ‚
2244 2368 2352 2434 IV,
2381 2368 2481 2437 Ep.

1462 2463 1509 2498 11
1528 2484 1543 2508 ‚
1572 2465 1591 2498 1
1603 2445 1791 2499 .—Pro
1805 2448 2081 2498 Hersiliam
2098 2445 2272 2515 (quod
2295 2445 2490 2514 legitur

1458 2524 1514 2578 in
1547 2524 1722 2594 Regiis
1746 2523 2048 2593 codicibus)
2071 2525 2312 2579 nonnulli
2338 2529 2482 2580 Her-

1458 2609 1624 2659 silien.
1649 2633 1716 2644 —
1737 2607 1921 2659 limile
1939 2623 2116 2670 curvo5
2141 2605 2356 2674 quidam
2371 2613 2483 2658 tra-

1459 2684 1814 2753 mite—Regii
1840 2685 1993 2737 ambo
2015 2689 2257 2738 lime’Ie.—
2267 2689 2477 2748 Vacua,

1461 2762 1633 2817 vidue
1650 2800 1664 2825 ‚
1694 2763 1835 2833 quod
1859 2784 1919 2816 ex
1936 2764 2367 2834 interpretatione
2387 2765 2483 2818 ba-

1459 2843 1589 2897 bent
1629 2842 1775 2896 MSS
1808 2843 1958 2896 Junii
1982 2882 1996 2909 ,
2036 2843 2232 2912 Sprotii
2261 2854 2315 2897 et
2343 2863 2482 2897 unus

1460 2921 1615 2975 Basil.
1655 2922 1831 2974 Etiam
1873 2943 2040 2975 vacua
2065 2927 2242 2977 domus
2259 2963 2274 2989 ‚
2314 2942 2482 2993 quum

1460 3000 1591 3053 alter
1610 3001 1900 3070 conjugum
1926 3012 2098 3055 morte
2126 3002 2322 3056 ablatus
2343 3023 2356 3066 ;
2390 3002 2484 3055 Li-

1458 3077 1573 3131 vius
1595 3119 1608 3145 ‚
1640 3079 1692 3144 Ι,
1722 3080 1801 3145 46.

1524 3158 1636 3224 834.
1685 3159 1780 3210 Vir
1805 3167 1859 3211 et
1901 3158 2141 3223 Quirinus
2171 3158 2265 3211 sibi
2301 3176 2478 3227 oppo-

1457 3245 1665 3288 nuntur
1690 3235 1812 3303 quia
1838 3234 1937 3287 hoc
1964 3235 2065 3289 Dei
2093 3237 2366 3288 notionem
2395 3236 2482 3288 in·-

1459 3313 1649 3377 votvm
1687 3315 1874 3367 Florus
1896 3353 1910 3379 ,
1950 3316 1974 3369 1
1999 3354 2013 3380 ‚
2056 3335 2074 3365 ι
2096 3353 2109 3380 ,
2143 3318 2402 3380 Quirinum
2424 3321 2481 3369 ia

1457 3394 1581 3445 caelo
1604 3396 2034 3457 vocariplacitam
2063 3393 2195 3444 Diis.
2229 3390 2480 3445 Solebant

1458 3479 1636 3523 autern
1657 3468 1968 3522 consecratis
1988 3487 2123 3520 nova
2149 3468 2366 3521 nomina
2384 3468 2478 3520 da—

1457 3546 1503 3598 ri
1520 3583 1541 3609 ,
1562 3555 1621 3598 ut
1636 3545 1948 3598 Leucotheae
1975 3555 2028 3598 et
2045 3544 2353 3610 Pammeni,
2374 3546 2475 3612 lv,

1460 3627 1572 3690 54¹·
1597 3621 1759 3676 Conf.
1779 3623 2078 3676 Lactantius
2095 3661 2108 3688 ‚
2137 3622 2346 3676 Firm.1
2363 3663 2378 3689 ‚
2400 3644 2477 3679 αι.

1456 3703 1648 3754 —Pro
1679 3705 1810 3754 colle
1842 3702 2051 3766 Quirino
2068 3741 2080 3763 ,
2121 3701 2355 3770 plerique
2384 3705 2405 3769 (
2426 3712 2480 3755 et

1458 3778 1611 3848 Regii
1634 3778 1882 3844 codices)
1919 3781 2048 3831 colle
2082 3779 2318 3845 Quirini5
2360 3779 2478 3832 vide

1456 3857 1761 3911 Bentleium
1803 3854 1869 3908 ad
1904 3857 2091 3909 Horat.
2129 3856 2187 3921 Ι,
2215 3855 2323 3909 Od.
2354 3878 2484 3909 2.—

1464 3937 1718 4001 Templan
1748 3934 1980 3988 Romulo
2014 3933 2240 4002 positum
2266 3933 2321 3986 in
2345 3934 2477 3988 colle

1460 4009 1712 4078 Quirino.
1741 4010 1978 4080 Templis
2001 4021 2055 4063 et
2082 4010 2328 4079 sepulcris
2357 4011 2479 4066 addi

1456 4090 1570 4144 sere
1601 4090 1839 4145 solebant
1875 4096 1993 4144 laci.
2017 4118 2083 4131 —
2103 4093 2276 4144 Pictos
2312 4111 2478 4145 arcas.

1459 4167 1699 4237 Quidam
1730 4174 1904 4222 varim·
1928 4188 2110 4224 arcus.
2153 4169 2294 4239 quod
2326 4170 2475 4226 fluxit

1454 4269 1518 4303 ex
1539 4249 2061 4321 interpretatione.—
2075 4250 2300 4306 Codices
2324 4251 2475 4322 Regii

343 4328 588 4399 proprio,
627 4329 833 4399 cognati
872 4340 927 4384 et
967 4328 1190 4400 proximi
1228 4347 1357 4382 mo-
1443 4336 1633 4396 pez-tos.

1322 4538 1351 4571 V
