3185 5138
655 571 1325 641 METAMORPH
1350 572 1695 641 OSEON
1741 573 1936 641 LIB.
1987 576 2235 641 XIII.

2378 573 2498 641 361

378 718 780 820 Expositum
816 720 1104 792 Lemnos
1138 735 1369 791 nostro
1409 745 1557 790 cum
1590 716 1857 790 crimine
1892 716 2204 805 haberet3

384 835 524 930 Qui
560 862 773 920 nunc,
810 851 888 906 ut
920 852 1290 907 memorant
1312 889 1331 920 ‚
1367 832 1777 907 silvestribus
1811 832 2077 907 abditus
2112 835 2356 922 antris,

382 949 549 1022 Saxa
584 977 808 1021 moves
843 949 1091 1043 gemitu
1113 1004 1130 1036 ‚
1168 947 1660 1046 Laertiadaeque
1694 946 1979 1046 precaris

382 1063 552 1157 Quae
582 1061 821 1135 meruit
854 1093 868 1135 ε
907 1090 1051 1162 quae
1074 1119 1092 1150 ‚
1130 1063 1185 1135 si
1216 1063 1308 1133 Di
1344 1078 1532 1147 sunt,
1571 1089 1706 1133 non
1740 1089 1902 1134 vana
1938 1060 2242 1161 preceris,

382 1179 472 1250 Et
502 1206 676 1249 nunc
713 1176 820 1249 ille
856 1178 1080 1250 eadem
1114 1177 1313 1252 nobis
1348 1179 1605 1275 juratus
1640 1177 1706 1249 in
1747 1205 1960 1264 arma,
2443 1194 2511 1249 50

382 1292 573 1363 Heu!
610 1320 763 1392 pars
799 1321 927 1366 una
970 1292 1208 1365 ducum
1232 1349 1250 1378 ‚
1294 1320 1428 1392 quo
1466 1318 1840 1364 successore
1874 1289 2126 1385 sagittae

386 1404 691 1478 Herculis
725 1422 1038 1492 utuntur,
1075 1407 1319 1480 fractus
1351 1407 1724 1506 morboque
1761 1406 2097 1507 fameque,

379 1520 783 1622 velaturque
807 1578 824 1610 ‚
861 1522 1189 1624 aliturque
1225 1522 1491 1609 avibus3
1529 1520 1965 1623 volucresque
2004 1520 2293 1622 petendo

381 1636 626 1710 Debita
654 1637 962 1736 Trojanis
998 1656 1252 1711 exercet
1286 1637 1535 1738 spicula
1575 1637 1767 1712 fatis:

375 1753 498 1828 Ille
531 1771 743 1827 tamen
778 1755 978 1843 vivit,
1017 1755 1170 1855 quia
1207 1783 1346 1828 non
1381 1752 1718 1828 comitavit
1756 1753 2016 1827 Ulixen.
2446 1771 2514 1825 55

379 1869 617 1945 Mallet
653 1889 721 1945 et
753 1870 977 1946 infelix
1009 1870 1388 1945 Palamedes
1422 1898 1560 1945 esse
1598 1868 1865 1944 relictus
1898 1872 1912 1943 !

378 2063 641 2133 tangitur,
670 2064 790 2131 quia
814 2062 877 2117 ad
906 2063 1117 2118 Graecos
1143 2062 1397 2132 loqueba-

379 2152 467 2194 tur
480 2182 496 2208 ,
518 2143 704 2211 quibus
721 2143 804 2195 illa
821 2153 974 2206 nota;
994 2142 1197 2211 singula
1213 2154 1394 2197 tamen

378 2218 552 2271 valent
574 2219 636 2272 ad
662 2221 1175 2274 commiserationem
1195 2218 1398 2273 sacien-

378 2296 520 2362 dam,
535 2298 889 2367 invidiamque
907 2297 1188 2351 creandam
1204 2298 1395 2370 Ulyssi.

310 2418 314 2424 ι
376 2373 640 2443 Longiore
671 2374 972 2427 narratione
997 2414 1012 2440 ‚
1053 2393 1218 2442 eaque
1250 2373 1396 2426 luctu

376 2451 672 2521 plenissima
689 2451 967 2520 exponitur
983 2471 1011 2503 a
1030 2449 1221 2519 Quint.
1241 2449 1397 2504 Cala-

374 2529 472 2582 bro
484 2566 501 2593 ,
520 2529 597 2582 lx
612 2566 627 2593 ,
644 2529 881 2601 352-395
896 2568 911 2596 ,
930 2529 1019 2582 ubi
1036 2527 1324 2582 Diomedes
1341 2538 1395 2582 et

378 2605 592 2676 Ulysses
610 2608 762 2675 legati
789 2606 851 2660 ad
877 2626 1002 2659 eum
1027 2607 1276 2672 veniunt,
1303 2618 1392 2672 ut,

375 2703 539 2753 quum
560 2684 674 2737 sine
700 2685 813 2751 ejus
836 2685 1029 2754 sagittis
1056 2686 1209 2739 Ilium
1232 2705 1396 2755 expu-

376 2762 523 2833 gnari
548 2780 655 2816 non
682 2781 828 2833 posse
846 2761 900 2814 in
923 2761 1039 2815 satis
1059 2762 1233 2832 esset(
1250 2762 1393 2817 unde

379 2859 503 2893 mox
518 2843 714 2903 debita,
743 2839 1027 2907 destinata,
1056 2841 1396 2908 Trojamksa-

374 2925 468 2982 tis,
497 2920 735 2987 Trojano
757 2918 954 2973 excidio
971 2959 986 2986 ‚
1011 2922 1210 2988 spicula
1232 2917 1256 2987 )
1275 2958 1288 2983 ,
1313 2919 1397 2988 ip·-

375 3016 490 3051 sum
510 3007 844 3052 arcesserent.
874 2998 952 3050 Ex
971 2997 1116 3050 Attio
1131 3037 1145 3064 ,
1173 2997 1262 3066 qui
1280 3006 1396 3067 post

379 3075 695 3146 Sophoclem
718 3116 732 3142 ,
764 3076 913 3145 cujus
944 3073 1164 3129 Philoct.
1199 3085 1392 3142 exstat,

376 3167 430 3210 et
446 3156 757 3228 Euripidem
777 3158 877 3211 hoc
900 3166 1272 3226 argumentum
1290 3168 1397 3207 tra-

376 3246 602 3288 ctaverat
626 3275 641 3301 ‚
681 3235 868 3305 passim
906 3234 1183 3289 versiculos
1219 3232 1397 3286 laudat

380 3311 571 3366 Cicero
589 3352 603 3379 ,
630 3323 682 3365 et
707 3313 1007 3366 Philoctetae
1032 3312 1270 3382 exemplo
1289 3309 1397 3366 uti-

379 3400 466 3442 tur
490 3390 542 3441 in
571 3389 1002 3459 disputationibus
1027 3389 1091 3442 de
1123 3391 1398 3460 perferen-

377 3467 456 3521 dis
479 3466 773 3531 doloribus;
802 3469 918 3521 Fin.
949 3470 1040 3534 11,
1067 3490 1160 3542 293
1193 3469 1271 3537 V,
1304 3488 1394 3534 113

382 3544 538 3598 Tusc.
564 3546 618 3598 ΙΙ
639 3584 655 3610 ,
683 3566 727 3615 7.

447 3626 525 3691 48.
544 3626 748 3676 Gemitu
761 3663 772 3683 ‚
790 3640 910 3675 cum
927 3623 1124 3692 gemitu
1143 3645 1156 3686 ;
1178 3620 1366 3676 Cicero
1380 3663 1395 3689 ‚

382 3705 536 3757 Tusc.
563 3701 613 3755 d.
644 3701 676 3753 l.
703 3724 728 3746 «ι
767 3700 989 3769 Adspice
1020 3700 1394 3752 Philoctetam!

384 3808 410 3830 n
444 3783 547 3838 Cui
586 3782 987 3837 concedendum
1030 3793 1107 3835 est
1151 3783 1399 3851 gementi.

389 3884 414 3908 ι»
444 3863 620 3929 ipsum
640 3861 785 3913 enim
809 3859 1097 3912 Herculem
1119 3857 1318 3911 viderat
1342 3859 1397 3911 in

386 3962 413 3986 »
444 3939 572 3991 OEta
604 3935 965 4006 magnitudine
995 3936 1238 3988 dolorum
1270 3936 1398 4004 eju-

386 4040 411 4064 »
441 4018 652 4071 lantem.
672 4039 698 4062 ν
716 4045 781 4055 -
804 4019 1058 4076 Ρνιτανιζσ,
1084 4015 1400 4084 imprecaris.

381 4099 740 4154 —SiDtsunt.
757 4115 921 4165 quum
931 4094 1119 4149 Disint
1139 4100 1368 4149 :se'nunc
1381 4134 1397 4161 ‚

385 4186 444 4229 ut
471 4193 604 4243 sepe
632 4214 646 4239 ,
682 4173 1006 4227 adfirmantis
1029 4181 1140 4238 est,
1166 4190 1275 4224 non
1304 4191 1401 4225 au-

384 4264 494 4308 tem
517 4253 816 4307 dubitantis.
849 4251 1103 4306 Nonnulli
1135 4250 1333 4304 habent
1352 4254 1408 4303 si

386 4336 448 4386 dl
460 4338 595 4400 sinn·
625 4332 839 4404 quidam
855 4333 981 4386 sid!
993 4334 1126 4386 dent.
1149 4329 1400 4387 Heinsius

1493 2062 1810 2118 emendabat
1822 2083 1932 2131 que
1942 2063 2005 2114 ὀί
2011 2102 2023 2122 ,
2039 2064 2229 2115 addent
2235 2103 2247 2123 ,
2265 2081 2364 2114 non
2375 2081 2514 2114 vana

1482 2148 1735 2209 precetelr5
1753 2152 1845 2195 aut
1858 2160 1965 2209 que
1978 2181 1990 2201 ,
2011 2144 2072 2194 de·
2087 2142 2208 2193 dent
2221 2180 2232 2200 ‚
2245 2160 2277 2191 o
2289 2159 2389 2191 non
2404 2160 2450 2190 v.
2458 2159 2515 2206 p.

1492 2248 1558 2260 —
1571 2220 1766 2288 Regius
1781 2218 1945 2272 codex
1963 2218 2010 2270 A
2028 2238 2134 2286 que
2151 2221 2412 2283 s1‘d1‘sin!;
2429 2236 2511 2270 co·

1485 2296 1584 2350 dex
1612 2297 1655 2348 B
1674 2316 1781 2363 qua·
1795 2299 1920 2349 sid!
1930 2297 2086 2359 ἄστη,-
2114 2294 2510 2348 emendationes

1488 2373 1697 2427 Heinsii
1722 2393 1831 2426 non
1857 2374 2078 2443 placent.
2096 2376 2194 2425 Ed.

1553 2458 1633 2507 50.
1659 2456 1853 2506 Eadem
1866 2456 2013 2505 nobis
2028 2493 2042 2515 ,
2071 2472 2233 2522 graeca
2249 2454 2476 2524 syntaxis
2490 2492 2504 2518 ,

1487 2534 1631 2586 ταυτᾶ
1666 2536 1802 2599 ἧμῒν,
1839 2533 2010 2585 eadem
2035 2531 2090 2585 in
2110 2550 2225 2600 quae
2242 2550 2367 2592 nos;
2393 2529 2507 2585 Cic.

1487 2609 1674 2662 Famil.
1692 2610 1788 2678 *lx
1807 2648 1822 2675 ,
1852 2609 1884 2661 6
1904 2650 1921 2676 ,
1957 2612 2097 2678 quod
2115 2629 2215 2661 non
2239 2614 2368 2662 idem
2402 2613 2511 2661 illis

1484 2693 1866 2741 ceasmksemus.
1901 2714 1961 2725 —
1990 2690 2108 2739 Una
2147 2685 2510 2741 redundanter

1488 2763 1741 2818 additum.
1756 2793 1821 2805 —-
1839 2768 2053 2818 Fructus
2068 2769 2236 2819 morbo
2236 2767 2475 2835 firmeque
2487 2785 2507 2832 ‚·

1490 2842 1681 2910 Quint.
1702 2842 1928 2896 Calaber
1942 2883 1956 2909 ‚
1978 2844 2072 2913 367
2096 2864 2274 2913 sqq.—
2285 2847 2504 2907 Velolur,

1491 2919 1781 2974 Philocteta
1801 2920 1937 2990 apud
1965 2922 2203 2974 Attium:
2228 2945 2253 2968 n
2282 2921 2508 2992 Configo

1491 3018 1518 3043 ²·
1544 2995 1720 3051 tardus
1732 2998 1926 3052 celeres
1938 3039 1952 3064 ‚
1968 3011 2110 3053 stans
2122 3000 2353 3055 volatiles
2369 3042 2384 3068 ,
2400 3003 2506 3055 Pro

1491 3096 1517 3122 υ
1544 3086 1684 3128 veste
1703 3077 1890 3145 pennis
1909 3078 2146 3130 membra
2169 3078 2317 3131 textis
2332 3098 2428 3131 con
2439 3089 2505 3132 te-

1491 3177 1518 3202 »
1541 3174 1668 3225 gens
1687 3177 1700 3218 ;
1728 3176 1755 3201 »
1771 3155 1953 3209 confer
1969 3156 2041 3225 Q.
2054 3155 2359 3221 Calabrum,
2375 3159 2472 3210 358
2487 3197 2500 3221 ,

1488 3242 1543 3285 et
1556 3229 1794 3285 Cic.Fin.
1816 3235 1885 3298 V,
1909 3254 1926 3285 ι
1940 3234 2235 3294 t.—-Ali!ur.
2260 3233 2502 3302 Sophocl.

1487 3330 1560 3363 vs.
1586 3311 1681 3362 288
1703 3314 2030 3364 s—Etercet
2045 3314 2263 3378 spicula,
2285 3321 2343 3362 ut
2366 3309 2502 3380 apud

1492 3389 1700 3441 Attium
1739 3408 1751 3441 :
1790 3411 1817 3434 κ
1861 3389 2255 3458 ingemiscimus
2278 3430 2292 3455 ‚
2338 3388 2503 3458 Quod

1491 3487 1518 3512 κ
1550 3467 1662 3519 haec
1684 3466 1971 3535 pennigero
1990 3506 2007 3532 ,
2030 3485 2139 3519 non
2165 3468 2423 3536 armigero
2447 3467 2500 3519 in

1493 3566 1520 3591 »ο
1548 3564 1766 3614 corpore
1784 3584 1800 3610 ,
1825 3545 2182 3598 Exerceamur
2205 3544 2319 3598 tela.
2344 3567 2370 3592 ιι
2392 3548 2505 3599 De-

1490 3626 1600 3674 bita
1618 3625 1847 3689 spu-alm
1873 3619 1990 3674 vide
2011 3641 2165 3690 supra
2190 3622 2251 3673 ad
2276 3642 2406 3676 vers.
2426 3626 2504 3690 45.

1490 3727 1556 3738 -
1574 3701 1843 3751 Comitum?
1870 3698 2118 3751 Heinsius
2142 3717 2172 3750 e
2197 3699 2513 3752 Florentino

1495 3776 1549 3829 S.
1579 3776 1746 3828 Marc.
1782 3785 1835 3827 et
1872 3795 1982 3829 uno
2013 3775 2246 3830 Gronov.
2274 3777 2504 3847 recepit,

1494 3853 1616 3921 quia
1651 3853 1841 3907 Noster
1876 3852 1974 3906 hoc
2004 3855 2170 3907 activo
2202 3855 2508 3923 frequenter

1494 3935 1676 3985 utitur.
1702 3933 1876 4001 Vulgo
1900 3934 1920 3998 (
1940 3943 1994 3985 et
2017 3933 2070 3985 in
2094 3934 2207 3987 cod.
2235 3935 2401 4004 Regio
2425 3934 2506 3998 B)

1492 4010 1680 4080 legitur
1692 4017 1987 4078 condatum·
2010 4012 2199 4080 multi(
2218 4011 2398 4066 etcod.
2421 4009 2506 4079 Α)
2526 4049 2529 4056 «

1494 4093 1775 4140 comitatus.

1563 4166 1641 4218 56.
1666 4167 1852 4218 Malle!
1867 4177 1919 4219 et
1944 4169 2241 4221 Palamedes
2266 4178 2363 4222 etc.
2386 4168 2423 4221 J
2425 4189 2509 4222 am

1496 4246 1803 4302 Philoctetae
1825 4249 2124 4319 exemplum
2146 4249 2288 4304 luctu
2313 4250 2508 4320 plenis-

1495 4331 1723 4399 simum,
1758 4341 1813 4385 et
1848 4331 1914 4385 ad
1943 4330 2192 4386 invidiam
2214 4332 2388 4404 Ulyssi
2422 4331 2511 4384 sa—
