3185 5138
951 440 1759 510 ARGUMENTUM.
2294 442 2425 541 567

188 581 191 582 ⁷
274 586 591 659 Extremo
630 606 742 655 rex
778 597 881 656 est
915 580 1178 681 sapiens
1210 581 1429 655 Numa
1463 579 2011 684 Pythagorasque

350 691 623 766 *Codice
644 746 663 778 ‚
701 690 951 791 quique
986 688 1119 763 fuit
1153 689 1431 764 Virbius
1464 688 1918 791 HippolytuS,
2041 767 2044 768 γ

277 802 449 876 Cum
488 799 797 899 Cipoque
829 799 1045 892 Tages
1074 814 1275 871 vates.
1316 799 1502 871 Deus
1538 797 1691 871 inde
1724 795 2005 872 salutem
2332 820 2429 874 115

375 906 518 980 Sub
555 922 861 1006 serpente
896 903 1111 978 latens
1146 903 1435 980 reddidit
1469 923 1549 979 ut
1577 904 1814 995 Latio,

275 1016 535 1110 Magno
563 1029 664 1087 est
698 1013 767 1085 in
799 1011 1078 1113 populis
1112 1011 1521 1113 Epidaurius
1552 1013 1804 1113 hospes
1834 1013 2109 1089 honore.

375 1121 485 1194 Fit
514 1119 728 1219 majus
762 1149 779 1192 ε
816 1121 1003 1194 Deus
1035 1137 1137 1194 est
1167 1120 1397 1193 Julius
1430 1119 1599 1193 urbe
1635 1148 1752 1194 sua

280 1228 533 1315 Caesar,
568 1244 640 1300 at
667 1227 740 1300 in
772 1226 931 1300 caelo
968 1227 1153 1301 sidus
1187 1228 1426 1314 micat;
1468 1228 1673 1328 inque
1707 1226 1932 1303 relicta

374 1337 729 1431 Augustus
763 1352 937 1410 terra
970 1352 1226 1436 sceptra
1257 1352 1533 1436 paterna
1567 1353 1766 1411 tenet.
2339 1375 2432 1415 120

275 1535 415 1609 Tot
441 1560 548 1607 res
581 1549 715 1606 tam
746 1531 959 1605 varias
990 1528 1210 1605 vinclo
1247 1531 1667 1631 conjunxerit
1697 1560 1835 1605 uno

373 1643 473 1714 Ut
504 1639 822 1736 Pelignus
859 1636 1042 1728 olor,
1083 1639 1358 1739 quaeris,
1395 1638 1651 1712 amice?
1681 1636 1881 1733 legas.

277 1750 414 1823 Ista
446 1747 571 1820 viri
606 1746 705 1821 vis
737 1774 975 1847 arsque
1010 1775 1027 1820 ε
1066 1745 1376 1820 cadavera
1407 1745 1572 1818 nolo
1604 1762 1839 1845 poetas
1861 1800 1881 1833 ‚

387 1855 868 1930 Grammaticus
899 1871 1123 1955 partes
1158 1882 1305 1954 quae
1339 1870 1515 1927 secet
1545 1852 1617 1924 in
1650 1852 1941 1954 vapidas.

283 1966 423 2053 Tu,
457 1962 640 2038 dedit
673 1980 753 2037 ut
785 1990 963 2051 sese,
1008 1979 1225 2036 totum
1256 1960 1520 2060 accipe;
1557 1986 1680 2031 nee
1710 1956 1879 2033 male
1912 1956 2159 2032 rimans
2338 1981 2432 2038 ηε

375 2075 458 2147 ln
488 2074 756 2146 Nasone
787 2070 955 2143 mihi
990 2069 1269 2170 quaerito
1306 2065 1685 2161 Virgilium.

285 2180 440 2254 Non
471 2206 602 2252 una
640 2194 741 2251 est
771 2176 968 2250 facies
998 2178 1268 2249 Naturae
1297 2203 1315 2248 ε
1348 2190 1601 2262 mutat,
1638 2189 1708 2247 et
1735 2172 1937 2248 audet

386 2282 705 2386 Quidque
724 2338 743 2373 ,
779 2309 900 2357 nec
936 2281 1009 2354 in
1041 2280 1239 2357 solita
1272 2280 1552 2355 vertitur
1584 2308 1801 2383 usque
1831 2280 1954 2354 via.
