3185 5138
705 533 1757 603 METAMORPHOSEON
1805 535 1998 602 LIB.
2060 538 2152 605 X.

2385 542 2508 633 187

345 711 394 749 .»
441 675 762 776 Quasque
798 675 1082 761 creavit,
1116 675 1240 748 init
1273 674 1562 776 pecudes
1584 731 1604 762 ,
1635 701 1831 775 caper
1864 704 1879 747 ε
1917 675 2233 777 ipsaque,
2270 678 2458 778 cujus

361 826 395 856 >²
437 792 701 866 Semine
737 811 1060 893 concepta
1093 810 1233 881 est,
1268 821 1347 865 ex
1379 791 1495 865 illo
1531 791 1830 892 concipit
1860 790 2012 864 ales,

361 944 397 976 »
440 908 727 998 FeliceS,
766 909 1015 1010 quibus
1050 908 1175 982 ista
1209 907 1452 982 licent!
1489 907 1781 982 humana
1815 907 2137 1004 malignas

366 1061 400 1094 »
446 1028 623 1101 Cura
658 1026 842 1101 dedit
875 1025 1093 1121 legeS,
1132 1042 1201 1100 et
1236 1025 1420 1127 quod
1456 1028 1712 1098 Natura
1744 1024 2063 1113 remittit,

2412 1048 2512 1101 330

363 1178 400 1209 »
443 1142 677 1217 Invida
707 1143 859 1242 jura
887 1161 1138 1239 negant
1166 1173 1181 1216 :
1213 1161 1442 1239 gentes
1474 1161 1694 1216 tamen
1731 1171 1872 1216 esse
1904 1142 2245 1231 seruntur,

364 1296 401 1328 »
445 1264 525 1335 In
560 1261 809 1362 quibus
845 1279 912 1335 et
945 1279 1106 1334 nato
1144 1261 1478 1358 genetrix,
1518 1277 1586 1335 et
1616 1278 1771 1334 nata
1805 1260 2064 1362 parenti

363 1412 401 1443 »
441 1377 805 1473 Jungitur,
844 1396 913 1452 et
944 1378 1158 1478 pietas
1191 1378 1524 1474 geminato
1562 1379 1798 1452 crescit
1825 1406 2067 1452 amore.
2148 1466 2159 1473 „

365 1532 401 1564 »
445 1500 561 1571 Me
593 1498 898 1570 miseram
921 1553 940 1584 ,
981 1496 1166 1598 quod
1199 1524 1336 1569 non
1372 1495 1554 1570 nasci
1591 1494 1759 1568 mihi
1786 1494 2071 1590 contigit
2101 1494 2238 1569 illic
2261 1551 2281 1582 ‚

318 1663 324 1669 ι
366 1649 404 1682 »
446 1619 874 1717 Fortunaque
910 1614 1042 1688 lo·ci
1078 1613 1324 1688 laedor!
1363 1611 1525 1715 quid
1564 1612 1636 1685 in
1673 1612 1799 1685 ista
1829 1612 2187 1686 revolvor?
2414 1632 2512 1683 333

367 1767 403 1799 »
441 1734 610 1833 Spes
645 1732 1051 1820 interdictae,
1091 1731 1407 1806 discedite
1438 1760 1453 1803 ε
1490 1730 1736 1826 dignus
1773 1729 1978 1815 amari

367 1884 404 1915 »
445 1848 606 1937 Ille,
645 1849 758 1923 sed
796 1866 872 1922 ut
899 1865 1128 1948 pater,
1167 1865 1312 1923 est:
1350 1876 1507 1943 ergo
1541 1848 1601 1921 si
1628 1845 1763 1921 filia
1796 1848 2025 1943 magni

373 1998 407 2031 υ
452 1967 609 2039 Non
647 1993 854 2039 essem
891 1965 1187 2065 Cinyrae,
1221 1965 1482 2066 Cinyrae
1515 1965 1956 2038 concumbere
1993 1992 2282 2065 possem.

373 2134 551 2185 The'crs
570 2132 753 2186 berab!
778 2134 936 2187 Hanc
959 2132 1246 2202 germanici
1262 2152 1389 2185 car—

367 2211 525 2264 minis
555 2211 666 2264 vim
696 2211 769 2264 sic
803 2211 1163 2280 interpretor.
1190 2233 1216 2256 κ
1245 2212 1391 2280 Ergo

367 2364 571 2435 dejecta
594 2386 657 2419 ex
684 2366 929 2420 humanae
952 2366 1272 2419 conditionis
1292 2367 1394 2418 sas-

370 2443 497 2513 tigio
517 2444 571 2496 in
598 2444 888 2498 bestiarum
920 2444 1162 2498 infimam
1191 2454 1391 2497 sortem

369 2521 534 2576 cadis!
558 2545 584 2567 »
606 2526 708 2577 Ed.
723 2522 896 2578 —Sed
909 2534 1035 2577 nota
1047 2524 1101 2576 in
1116 2542 1212 2592 sqq
1226 2523 1395 2576 varie-

370 2611 533 2654 tatem
557 2602 808 2655 orationis
824 2642 838 2669 ,
858 2622 960 2671 qua
980 2602 1289 2659 concubitus
1307 2621 1395 2654 ex-

370 2680 618 2748 primitur
648 2700 661 2734 :
690 2685 832 2734 mello
858 2684 1054 2740 delectu
1074 2721 1088 2745 ,
1124 2680 1240 2733 sine
1278 2679 1396 2733 dis-

372 2757 613 2811 crimine.

437 2841 549 2894 328.
572 2841 783 2893 Samiae.
800 2839 928 2893 Sixii
945 2839 1145 2905 Codex,
1154 2844 1390 2907 germine,

372 2927 432 2970 ut
442 2918 630 2984 libe,
641 2919 980 2990 aSa—Regii
993 2918 1180 2985 nostri,
1193 2925 1396 2972 semine.

436 2999 550 3069 3²9-
566 3001 811 3051 Humana
825 3018 946 3051 cura
963 3040 976 3060 ,
1003 3019 1101 3069 pro
1121 2998 1365 3053 homines
1377 3038 1394 3067 ,

374 3076 466 3145 qui
485 3096 668 3130 curam
686 3086 880 3146 gerunt
901 3097 1081 3131 rerum
1098 3117 1114 3144 ,
1141 3089 1199 3132 ut
1227 3079 1281 3146 1,
1299 3081 1364 3146 48
1380 3118 1396 3145 ,

375 3174 498 3207 cum
516 3157 635 3209 Dei.
650 3183 719 3194 —
732 3158 1001 3222 Malegnas
1014 3195 1030 3222 ,
1047 3155 1264 3222 invidas,
1281 3175 1398 3225 quae

374 3231 618 3286 invident
640 3233 947 3287 hominibus
969 3233 1242 3288 Venerem
1266 3254 1400 3289 con-

374 3315 929 3366 cessam.—Bemittere
940 3353 954 3374 ,
976 3312 1268 3368 concedere
1283 3354 1298 3381 ,
1316 3333 1401 3367 ve-

377 3389 523 3442 niam
544 3389 686 3443 dare.
710 3419 776 3430 —
806 3393 994 3444 Gentes
1020 3401 1128 3443 tam
1160 3393 1399 3446 efferatas

377 3480 433 3523 et
453 3469 715 3523 immanes
727 3488 965 3538 unquam
983 3470 1136 3523 fuisse
1152 3469 1399 3523 credibile

378 3569 490 3603 non
508 3560 601 3604 est.
616 3551 897 3620 Ingeniose
914 3560 1093 3602 tamen
1114 3550 1264 3607 illum
1280 3568 1403 3602 mo-

378 3646 494 3680 rem
526 3627 869 3681 commendat
890 3667 906 3693 ,
939 3632 1112 3695 pietas
1147 3631 1402 3694 gemmato

373 3714 559 3762 crescit
573 3729 757 3761 amore.
775 3736 842 3747 —
863 3709 1124 3761 Potuisset
1139 3707 1321 3775 etiam,
1342 3717 1404 3760 ut

374 3808 533 3857 supra
559 3789 740 3861 Byblis
757 3828 773 3856 ,
795 3789 1040 3842 Deorum
1067 3789 1402 3842 auctoritates

377 3867 1043 3937 commemorare.Jupiter
1058 3868 1205 3920 enim
1219 3877 1272 3920 et
1287 3886 1405 3919 ma·-

380 3944 450 3998 tri
473 3954 716 4013 stuprum
740 3948 937 3999 inferre
972 3946 1137 3998 voluit
1159 3984 1175 4012 ,
1202 3956 1257 3997 et
1279 3963 1403 3998 cum

377 4022 487 4075 filia
500 4023 808 4087 concubuit;
834 4024 925 4078 sed
941 4031 1083 4078 recte
1101 4025 1210 4077 illas
1229 4024 1406 4076 omisit

381 4102 579 4155 Noster
601 4099 656 4153 in
685 4099 881 4171 flagitio
900 4142 916 4170 ,
942 4104 1092 4172 cujus
1114 4102 1405 4156 soeditatem

379 4178 533 4233 omni
556 4177 720 4231 modo
743 4193 1024 4236 aversatur.
1051 4211 1118 4223 --
1139 4179 1407 4250 Equidem

378 4267 554 4325 gentes
573 4267 682 4310 tam
702 4259 941 4316 efferatas
960 4301 976 4327 ,
996 4272 1055 4315 ut
1069 4261 1140 4314 ait
1157 4280 1200 4314 c.
1216 4280 1263 4313 v.
1285 4262 1409 4313 Gie-

384 4341 491 4407 (e‘g,
538 4355 775 4409 unquam
801 4340 1050 4399 exstitisse
1074 4358 1187 4395 non
1212 4337 1410 4396 crede-
1449 4385 1456 4392 .

1487 2151 1605 2184 rem
1627 2171 1641 2198 ,
1667 2131 1769 2184 nisi
1795 2130 2120 2200 Trogloditae
2142 2171 2157 2195 ‚
2196 2129 2473 2199 AEthiopes
2498 2171 2512 2196 ,

1488 2213 1772 2265 brutorum
1801 2230 1954 2263 more
1979 2211 2216 2264 viventes
2241 2248 2255 2275 ,
2289 2211 2517 2279 promis-

1490 2309 1586 2343 cua
1621 2289 1865 2358 conjugia
1897 2290 2040 2341 inter
2076 2309 2129 2342 se
2169 2287 2470 2342 habuissent
2499 2311 2514 2351 ;

1490 2365 1590 2419 nisi
1612 2366 1719 2435 ipse
1744 2366 1907 2419 Attila
1925 2406 1939 2431 ‚
1968 2366 2052 2419 ille
2082 2366 2414 2419 Hunnorum
2440 2377 2515 2437 ty-

1491 2463 1870 2509 rannus,suam
1886 2443 2048 2496 filiam
2063 2444 2158 2496 sibi
2174 2443 2517 2497 matrimonio

1491 2526 1743 2596 junxisset
1775 2526 1915 2579 inter
1944 2523 2310 2595 plaudentium
2333 2543 2517 2596 popu-

1491 2607 1667 2659 lorum
1692 2604 1877 2674 gaudia
1903 2615 1957 2657 et
1982 2604 2396 2658 acclamationes.
2412 2607 2517 2657 Ed.

1559 2685 1673 2737 335.
1691 2686 1911 2736 Fortuna
1933 2687 2043 2736 Ioci
2058 2686 2225 2745 ledor,
2241 2684 2516 2738 fortunam

1492 2762 1663 2816 habeo
1680 2762 1952 2816 adversam
1972 2800 1987 2827 ,
2016 2760 2155 2830 quod
2181 2772 2304 2814 nata
2321 2781 2441 2815 sum
2457 2763 2513 2814 in

1493 2842 1554 2895 iis
1575 2842 1718 2908 locis,
1738 2841 1827 2894 ubi
1846 2852 1954 2895 tam
1971 2842 2213 2910 maligna
2229 2841 2381 2911 leges.
2400 2844 2519 2895 For·

1492 2930 1617 2975 tuna
1634 2921 1915 2974 loce'etiam
1940 2922 2081 2974 inter
2103 2921 2245 2975 Deas
2268 2921 2461 2984 relata3
2491 2922 2515 2975 I

1495 3002 1634 3054 Fast.
1665 3020 1779 3074 ²⁰9·
1822 3000 1897 3052 Ea
1923 3019 2069 3054 casus
2091 3000 2330 3053 locorum
2355 3020 2519 3071 rege-

1494 3080 1582 3133 bat
1603 3119 1616 3145 ,
1640 3079 1794 3148 eique
1815 3080 1920 3132 sata
1933 3097 2024 3131 sua
2041 3117 2056 3144 ,
2085 3098 2315 3147 quorum
2338 3097 2519 3132 causas

1496 3176 1606 3211 non
1633 3156 2026 3226 intelligebant,
2055 3155 2297 3209 homines
2322 3155 2519 3209 adscri-

1493 3235 1691 3288 bebant
1711 3255 1724 3297 3
1747 3253 1906 3304 supra
1930 3233 2009 3287 lv
2026 3272 2039 3299 ‚
2070 3234 2200 3297 565;
2233 3235 2476 3286 Lucanus
2501 3272 2516 3299 ,

1497 3314 1610 3380 IV,
1636 3313 1752 3366 561.
1779 3312 1864 3365 Ad
1889 3331 2007 3366 eam
2038 3313 2199 3383 igitur
2222 3313 2382 3366 etiam
2410 3332 2519 3365 na—

1497 3392 1757 3445 tivitatem
1779 3412 1929 3446 suam
1951 3393 2112 3445 refert
2138 3390 2378 3463 Myrrha.
2404 3395 2521 3444 ιω·-
2558 3439 2559 3442 ,

1496 3475 1637 3525 da’tur
1651 3475 1877 3524 Fortuna
1900 3471 1943 3524 is
1963 3510 1976 3536 ,
2006 3469 2096 3538 qui
2112 3471 2383 3522 fortunam
2410 3468 2520 3521 ha·-

1497 3551 1587 3604 bet
1616 3551 1913 3603 novercam.
1941 3548 2024 3603 IV
2048 3568 2111 3601 ex
2138 3549 2293 3602 Pont.
2318 3564 2378 3599 vr
2398 3586 2413 3613 ,
2436 3547 2518 3618 39.

1564 3629 1680 3681 336.
1703 3630 1905 3695 Dignus
1924 3631 2106 3680 amari.
2124 3626 2241 3678 Art.
2266 3625 2441 3678 Amat.
2464 3627 2518 3692 1,

1501 3709 1598 3761 285
1614 3746 1629 3773 ,
1654 3709 1866 3778 Myrrha
1871 3716 2068 3774 patrem
2082 3747 2095 3767 ,
2119 3709 2322 3759 sednon
2339 3708 2522 3776 utfile'a

1499 3788 1668 3846 debet,
1692 3789 1898 3838 amavit.
1919 3783 2094 3837 Ed.—
2106 3786 2295 3852 Magne·
2308 3787 2525 3854 Cinyra.

1500 3864 1801 3919 Ditissimus
1826 3876 1879 3919 et
1902 3864 2293 3935 potentissimus
2318 3863 2418 3915 suit
2437 3860 2525 3914 Ci-

1501 3963 1675 4016 nyras.
1715 3945 1763 3996 A
1786 3944 1952 3997 Suida
1988 3944 2044 3996 in
2066 3954 2240 4021 Ke'vupoe
2260 3982 2273 4009 ,
2309 3953 2526 3995 vocatur

1502 4025 1768 4088 ζάπλουτος.
1794 4023 1916 4075 Fuit
1938 4022 2097 4075 etiam
2123 4022 2363 4091 proverb.
2378 4026 2526 4075 Κινύ-

1500 4126 1578 4178 ρου
1619 4105 1868 4156 :zava-entre
1868 4124 1941 4177 ρος
1972 4100 2109 4169 apud
2149 4099 2479 4170 Apostolium
2508 4138 2523 4166 ,

1500 4129 1668 4234 Ceut.
1685 4180 1948 4246 ΧΙΧ,4ο;
1967 4178 2183 4232 Pindar.
2204 4181 2359 4233 Nem.
2365 4180 2525 4247 V,111

1505 4275 1571 4309 20
1586 4271 1782 4355 ,Oenoetp
1813 4265 1893 4311 καὶ
1926 4260 2125 4331 Κινύραν
2164 4261 2308 4331 &pret
2349 4261 2487 4311 πλού·
2490 4279 2526 4326 ᾳ

1505 4344 1665 4406 ποντίᾳ
1690 4342 1733 4391 ἵν
1754 4361 1856 4392 ποτε
1876 4339 2061 4411 Κύπρῳ.
2079 4334 2342 4407 Tyrtaeus,
2365 4352 2527 4389 carm·
