3185 5138
723 554 1795 634 METAMORPHOSEON
1853 569 2054 636 LIB.
2115 570 2209 637 X.

2406 596 2520 666 191

370 711 523 783 Nec·
547 706 788 781 modus
822 724 938 781 aut
974 706 1239 808 requies
1262 764 1281 795 ‚
1322 706 1454 781 nisi
1493 736 1674 781 mors
1695 764 1714 795 ‚
1745 709 2079 809 reperitur
2107 710 2351 785 amoris
2381 742 2399 786 ε

372 827 569 900 Mors
605 824 824 926 placet
852 855 869 899 ε
903 824 1221 920 erigitur,
1258 823 1635 927 laqueoque
1667 825 2001 901 innectere
2033 827 2256 905 fauces

373 944 725 1030 Destinat3
764 960 872 1028 et,
911 970 1079 1015 zona
1113 969 1376 1015 summo
1415 942 1496 1015 de
1532 960 1729 1043 poste
1760 944 2088 1033 revincta;

378 1094 414 1124 «
455 1061 623 1133 Care
654 1058 796 1133 vale
833 1060 1111 1161 Cinyra,
1151 1087 1413 1132 causam
1452 1077 1515 1133 te
1550 1060 1849 1158 intellige
1882 1064 2141 1138 mortis.
2186 1096 2222 1130 »

372 1175 567 1249 Dixit
594 1205 610 1248 ε
641 1193 708 1250 et
737 1176 1013 1276 aptabat
1041 1172 1319 1276 pallenti
1353 1174 1617 1249 vincula
1651 1175 1849 1250 collo.

372 1294 726 1366 Murmura
756 1292 1117 1367 verborum
1149 1292 1317 1366 fidas
1358 1291 1640 1366 nutricis
1676 1291 1760 1365 ad
1794 1321 1986 1367 aures

372 1408 758 1482 Pervenisse
794 1408 1058 1496 ferunt,
1096 1409 1304 1483 limen
1334 1408 1657 1482 servantis
1692 1406 1993 1480 alumnae.

370 1525 606 1622 Surgit
636 1509 805 1599 anus
823 1582 842 1613 ‚
876 1545 1255 1628 reseratque
1286 1524 1504 1612 fores;
1543 1523 1919 1626 mortisque
1946 1542 2187 1625 paratae

370 1644 828 1715 Instrumenta
862 1641 1132 1730 videns,
1175 1643 1395 1743 spatio
1433 1640 1806 1715 conclamat
1840 1643 2071 1715 eodem
2094 1700 2113 1731 ‚

2429 1668 2529 1722 385

370 1759 590 1859 Seque
618 1757 818 1845 ferit,
856 1756 1235 1858 scinditque
1272 1757 1497 1847 sinus,
1532 1776 1890 1859 ereptaque
1926 1757 2100 1831 collo

367 1947 392 1983 1
409 1970 424 1997 ,
448 1934 504 1997 [μ
528 1949 540 1984 :
557 1932 717 1983 Iusta
720 1934 845 1997 pari
846 1933 1091 1997 premitur
1108 1933 1273 1985 veluti
1282 1949 1395 1982 cum

359 2012 583 2078 pondere
610 2013 744 2062 Isbra
779 2019 879 2062 etc.
912 2011 1112 2062 Sumere
1149 2016 1401 2061 momenta

361 2088 474 2139 sere
498 2098 558 2140 ut
578 2087 792 2152 Florus,
810 2086 912 2151 lv,
941 2102 1023 2138 xn
1042 2088 1175 2154 ,54‚
1199 2103 1399 2137 sumere

365 2172 591 2235 impetus.
627 2168 801 2237 Supra
825 2167 1065 2240 V11,79
1084 2206 1099 2233 ,
1136 2169 1399 2218 adsumere

364 2250 611 2299 alimenta
631 2266 668 2299 a
689 2249 868 2298 ventes.

435 2326 547 2393 317
564 2326 756 2377 Modus
771 2322 851 2375 vel
880 2322 1001 2375 finis
1017 2361 1033 2388 ,
1052 2332 1111 2374 ut
1127 2322 1316 2374 Horat.
1334 2321 1393 2385 l,

370 2402 479 2457 od.
503 2420 562 2456 vr
582 2443 597 2470 ,
626 2424 651 2472 7
668 2443 683 2469 ‚
709 2408 784 2455 sit
813 2404 991 2455 modus
1026 2406 1170 2453 lasso
1202 2403 1358 2453 maris
1376 2439 1390 2460 ,

369 2482 449 2535 vel
488 2481 819 2543 moderatio;
858 2480 1064 2535 Seneca
1085 2519 1100 2546 ,
1133 2477 1392 2531 Controv.

366 2583 433 2614 20
446 2600 461 2627 ,
487 2563 714 2614 Facilius
723 2565 777 2613 in
790 2561 1117 2628 amorefincm
1132 2562 1367 2625 impetres
1378 2598 1392 2619 ,

365 2658 515 2707 quam
531 2641 749 2691 modum.
766 2637 924 2707 Apud
944 2637 1121 2690 Teren
1130 2645 1165 2688 t.
1185 2637 1324 2689 Eun.
1346 2635 1390 2702 1,

367 2733 417 2782 1,
447 2738 503 2770 ια
517 2756 533 2784 ‚
555 2719 825 2771 Parmeno
845 2726 1002 2786 negat
1017 2755 1032 2782 ,
1053 2734 1291 2784 amorem
1310 2714 1396 2767 ad·

365 2795 577 2849 mittere
600 2796 1115 2848 modum—Amoris.
1142 2792 1394 2847 Heinsius

363 2875 590 2928 malebat
613 2871 1084 2927 amori—Heinsio
1104 2891 1226 2926 cum
1249 2873 1397 2925 Bur-

363 2972 566 3006 manno
581 2953 734 3022 plane
753 2951 1066 3016 adsentirer,
1082 2951 1122 3004 si
1148 2950 1393 3004 codicum

366 3032 646 3084 auctoritas
676 3030 877 3083 adesset
902 3028 1090 3098 aliqua.
1115 3031 1215 3082 Ed.

434 3112 546 3179 378.
562 3111 707 3161 Mors
716 3113 908 3176 placet.
928 3108 1079 3160 Mors
1093 3106 1395 3160 remedium

369 3189 561 3243 amoris
579 3189 856 3252 ultimum,
881 3197 939 3239 ut
964 3186 1122 3239 habet
1139 3186 1395 3256 epigram·

369 3289 456 3321 rna
478 3269 665 3322 incerti
683 3269 943 3329 auctoris
973 3267 1056 3320 lib.
1083 3266 1396 3320 lAnthoto-

370 3349 485 3418 εἶθ,
502 3368 611 3418 cap.
636 3367 738 3416 27.
762 3360 826 3423 Es
810 3373 928 3403 σωτκ
947 3353 1084 3402 παύει
1111 3352 1258 3414 λιμὸς·
1279 3353 1318 3402 ct
1346 3353 1397 3401 δι’

367 3437 436 3496 μὴ
455 3433 627 3503 χρόνος.
656 3418 753 3482 ἐὰν
780 3394 830 3480 dic*
846 3433 969 3494 μηδὶ
986 3437 1132 3480 ταῦτα
1145 3435 1280 3496 τῆνα
1256 3431 1397 3494 σλόγα

368 3510 507 3580 «Gis-y
528 3546 541 3568 ‚
577 3514 806 3582 Θεραπεία
833 3529 906 3560 σοι
932 3509 983 3558 ‘re'
1011 3508 1163 3557 22:132
1185 3510 1395 3580 ἧρτῆσθω

367 3593 401 3652 β
431 3588 554 3652 ὄχος.
575 3584 741 3653 Quod
763 3583 972 3647 Suidas,
989 3592 1048 3634 ut
1065 3592 1119 3636 et
1135 3583 1393 3649 Laertius,

423 3663 575 3716 rateti
593 3663 790 3716 tribuit.
802 3664 1230 3723 Eeb—Destinat,
1250 3682 1396 3715 cons·

366 3744 509 3796 tituit
526 3782 541 3810 ,
570 3753 629 3795 ut
649 3743 928 3812 saepissime
955 3740 1094 3812 apud
1122 3742 1359 3796 Plinium
1376 3781 1391 3809 ,

364 3824 422 3876 in
450 3822 712 3891 Epistolis.

432 3902 548 3954 380.
593 3904 814 3954 Causam
836 3909 889 3954 lc
917 3903 1159 3967 intellige.
1203 3898 1395 3968 Quum

363 3979 596 4051 Myrrha
613 4000 819 4033 causam
836 3982 1022 4034 mortis
1035 3980 1237 4033 nemini
1263 3982 1393 4034 sassa

364 4070 521 4124 esset,
539 4068 707 4127 pater,
723 4061 829 4114 filia
844 4061 1112 4127 exstincta,
1125 4061 1395 4114 illamcau·

362 4158 476 4193 sam
495 4137 787 4207 intelligere
804 4160 915 4194 non
935 4150 1153 4210 poterat.
1175 4142 1396 4194 Praestat

361 4206 526 4289 igitur
548 4217 691 4271 haud
714 4218 871 4273 dubie
900 4223 1057 4276 unius
1083 4220 1312 4275 Medicei
1340 4231 1394 4275 et

365 4298 720 4352 Arundeliani
751 4299 940 4368 lectio,
982 4319 1193 4354 causam
1221 4311 1270 4353 te
1300 4304 1395 4351 in-

366 4381 539 4445 tellige
565 4382 742 4433 πωπω·
765 4396 783 4430 .·
804 4379 935 4434 scito
967 4389 1021 4434 te
1045 4399 1157 4435 esse
1186 4397 1396 4435 causam

1494 1931 1681 1983 mortis
1703 1951 1714 1994 ;
1736 1940 1789 1983 et
1814 1930 2187 2001 anteponenda
2208 1942 2283 1985 est
2302 1931 2525 2003 vulgate

1496 2012 1696 2077 (quam
1720 2010 1855 2061 male
1889 2009 2088 2063 habent
2121 2010 2272 2078 Regii
2309 2012 2473 2064 nostri
2499 2010 2524 2080 )

1493 2105 1796 2155 causamque
1814 2090 2070 2153 intelliga-
2094 2087 2235 2140 illam
2259 2088 2418 2157 igitur
2434 2107 2524 2141 re-

1493 2163 1624 2232 cepi.
1643 2193 1719 2229 —‚
1728 2167 1885 2216 Dixit
1908 2184 1923 2215 :
1942 2176 1995 2217 e!
2014 2170 2242 2232 aptabat.
2271 2166 2524 2219 Heinsius

1493 2241 1711 2308 conjicit
1732 2242 1891 2292 Dixit
1908 2261 1925 2293 ,-
1950 2250 2004 2294 ct
2020 2245 2248 2307 aptabat.
2262 2271 2330 2283 —
2344 2244 2522 2296 Nostri

1498 2318 1651 2386 Regii
1674 2328 1728 2369 e!
1749 2323 1975 2384 aptabat.
1989 2347 2056 2358 —
2071 2323 2320 2383 palleati,
2342 2322 2526 2373 mortis

1492 2397 1829 2465 cogitatione.

1558 2476 1672 2528 382.
1696 2476 1958 2528 Murmura
1976 2481 2234 2530 verborum
2253 2488 2349 2530 etc.
2388 2479 2522 2532 Haec

1491 2565 1547 2609 et
1575 2556 1850 2626 sequentia
1884 2557 2066 2610 confer
2105 2577 2227 2611 cum
2254 2558 2477 2628 Virgilio
2503 2599 2518 2626 ,

1495 2634 1609 2689 Cir.
1630 2636 1726 2688 233
1744 2653 1855 2704 sqq.
1876 2663 1943 2676 -
1960 2639 2113 2688 fii'dcs
2130 2677 2143 2698 ‚
2170 2638 2333 2691 virtus
2348 2639 2520 2707 prima

1488 2716 1776 2768 nutricum.
1798 2743 1866 2755 —
1891 2717 2145 2768 Nutricem
2170 2715 2307 2769 hanc
2338 2717 2520 2770 Anto-

1490 2793 1605 2846 nin.
1630 2792 1881 2847 Liberalis
1900 2834 1914 2857 ‚
1944 2795 2038 2860 24,
2071 2794 2399 2867 Hippolyten
2426 2814 2524 2848 vo-

1492 2884 1590 2927 cat.
1617 2877 1715 2926 Ed.
1739 2902 1806 2914 --
1823 2873 2071 2926 Alumnae.
2104 2875 2356 2928 Heinsius
2378 2894 2522 2928 con-

1492 2954 1605 3023 jicit
1637 2959 1925 3012 alumnum,
1973 2966 2129 3022 atque
2166 2955 2325 3007 etiam
2358 2975 2519 3022 mox,

1493 3053 1648 3086 versu
1673 3036 1770 3100 415
1790 3072 1804 3099 ,
1819 3036 1976 3100 pedes
1999 3037 2249 3086 alumnos.
2273 3062 2341 3074 —
2370 3034 2521 3103 Regii

1493 3112 1659 3164 nostri
1679 3112 1732 3164 in
1754 3123 1980 3180 utroque
1998 3112 2114 3164 loco
2129 3122 2342 3165 servant
2364 3117 2524 3165 alum·

1491 3209 1584 3242 ne.
1600 3218 1669 3229 —
1685 3192 1862 3243 Limen
1874 3196 2123 3243 servante‘s
2138 3195 2380 3250 alumne,
2403 3210 2523 3243 cus-

1494 3266 1651 3320 todioe
1681 3288 1833 3322 causa
1860 3269 2098 3322 cubantis
2129 3269 2272 3337 juxta
2305 3268 2520 3322 cubicu-

1492 3345 1606 3399 lum
1621 3346 1849 3400 alumnae
1872 3366 2094 3399 :screare
2109 3347 2296 3416 passim
2313 3363 2409 3416 pro
2425 3345 2520 3397 ob·-

1492 3442 1702 3477 servare
1729 3464 1743 3490 ,
1779 3424 2062 3478 custodire.

1561 3507 1675 3570 384.
1708 3506 1985 3572 Mortis-quc
2000 3514 2211 3571 pamiae.
2245 3503 2523 3558 Medieeus

1494 3592 1548 3636 et
1576 3593 1807 3651 quatuor
1842 3583 1925 3634 alii
1953 3591 2233 3649 parantem.
2267 3609 2334 3622 -
2369 3582 2520 3652 Regii

1492 3681 1590 3715 nos
1596 3662 1659 3714 tri
1664 3663 2126 3727 parata—Mortis
2133 3671 2343 3728 parate.
2360 3680 2517 3732 quam

1493 3741 1604 3810 ipsa
1632 3738 1729 3793 sibi
1753 3739 1998 3808 parabat,
2022 3749 2111 3790 aut
2139 3739 2201 3791 ad
2229 3759 2387 3807 quam
2413 3742 2522 3792 ins-

1494 3833 1765 3878 trumenta
1786 3832 2058 3892 paraverat
2074 3841 2088 3874 ε
2093 3841 2280 3888 parare
2292 3830 2518 3885 mortem,

1493 3915 1748 3972 utparare
1763 3909 1867 3956 vim
1883 3945 1895 3961 .
1917 3905 2105 3972 sugam
2128 3908 2520 3958 «τω-[Μίτυ-

1493 3993 1678 4038 menta.
1715 3985 1920 4036 Zonarn
1949 3983 2118 4051 laquei
2145 3984 2256 4036 vice
2294 3987 2360 4034 de
2372 3992 2525 4049 poste

1491 4068 1781 4116 reoe'nctam.
1800 4061 1898 4113 Ed.
1914 4089 1981 4101 —
1993 4061 2182 4130 Quum
2197 4060 2520 4114 cunctationi

1492 4139 1638 4194 lorus
1668 4160 1778 4193 non
1806 4151 1940 4193 esset
1962 4181 1976 4206 ,
2003 4141 2182 4193 omnia
2206 4141 2329 4192 facit
2353 4144 2522 4206 spatio

1493 4223 1680 4274 eodem.
1697 4219 1767 4273 Et
1784 4230 1842 4272 ut
1856 4218 2143 4272 multitudo
2159 4238 2340 4271 rerum
2364 4219 2521 4272 simul

1493 4309 1827 4370 peractarum
1861 4299 2059 4353 facilius
2096 4300 2354 4353 sentiatur
2380 4339 2395 4365 ,
2438 4309 2523 4352 ter

1495 4379 1757 4448 repetitur
1775 4398 1886 4451 que.
1911 4407 1980 4420 -
2000 4381 2243 4434 Dilaniet
2257 4419 2271 4442 ,
2303 4379 2521 4447 rumpit.

2435 1086 2535 1139 380
2634 1126 2639 1139 2
