3185 5138
620 556 1663 626 METAMORPHOSEON
1718 559 1917 627 LIB.
1972 562 2210 630 XIII.

2347 561 2483 653 409

351 734 387 765 »
430 698 736 773 Muneris
769 717 1001 773 auctor
1031 728 1224 801 opem
1253 731 1271 774 ε
1309 701 1366 775 si
1398 701 1568 775 miro
1601 701 1875 802 perdere
1904 731 2087 776 more
2386 727 2487 797 67⁰

351 850 387 881 »
428 817 625 889 Ferre
657 833 929 890 vocatur
962 845 1155 918 opem
1185 846 1200 890 t
1231 846 1352 891 nec
1386 846 1513 919 qua
1549 820 1805 893 ratione
1840 818 2117 916 figuram

351 965 388 997 »
428 932 877 1020 Perdiderint,
918 936 1113 1037 potui
1144 935 1309 1009 scire
1330 993 1348 1023 ‚
1385 953 1500 1009 aut
1524 963 1703 1009 nunc
1737 935 1953 1016 dicere
1985 937 2255 1038 possim.

351 1082 387 1113 »ι
429 1049 701 1123 Summa
730 1050 886 1123 mali
918 1070 1081 1126 nota
1116 1070 1251 1139 est;
1290 1080 1542 1153 pennas
1576 1080 1866 1127 sumsere
1887 1110 1906 1141 ‚
1939 1071 2199 1154 tuaeque

349 1200 386 1231 »
427 1164 749 1262 Conjugis
782 1166 849 1237 in
885 1165 1218 1240 volucrem
1240 1224 1259 1255 ‚
1293 1168 1515 1242 niveas
1547 1168 1764 1242 abiere
1790 1167 2151 1245 columbas.
2191 1201 2227 1235 n

439 1279 718 1356 Talibus
749 1299 944 1383 atque
971 1281 1118 1356 aliis
1148 1301 1504 1385 postquam
1537 1285 1830 1358 convivia
1868 1285 2066 1360 dictis
2379 1302 2477 1372 675

343 1395 752 1496 Implerunt‚
792 1425 1017 1473 mensa
1054 1425 1358 1471 somnum
1397 1401 1641 1500 petiere
1675 1419 1969 1476 remota:

346 1514 651 1612 Cumque
686 1512 792 1586 die
823 1531 1141 1609 surgunt,
1176 1513 1553 1616 adeuntque
1595 1516 1859 1592 oracula
1889 1515 2169 1604 Phoehi;

345 1631 487 1726 Qui
522 1649 741 1733 petere
771 1631 1111 1732 antiquam
1145 1648 1418 1705 matrem
1440 1688 1459 1719 ‚
1495 1652 1904 1735 cognataque
1938 1633 2132 1733 jussit

344 1747 573 1821 Litora
604 1777 619 1820 :
650 1748 1080 1849 prosequitur
1114 1775 1268 1836 rex,
1309 1765 1376 1820 et
1407 1747 1520 1820 dat
1550 1777 1795 1822 munus
1831 1748 2065 1837 ituris3

337 1863 646 1938 Anchisae
669 1882 1000 1965 sceptrum
1023 1894 1037 1952 ;
1079 1863 1487 1966 chlamydem
1507 1920 1526 1952 ‚
1554 1866 2063 1966 pharetramque
2088 1863 2350 1965 nepoti,
2377 1885 2479 1937 680

340 1981 605 2055 Cratera
637 1982 904 2069 AEneae;
945 2010 1141 2083 quem
1181 1981 1513 2082 quondam
1548 1982 1819 2057 miserat
1854 1981 1952 2055 illi

340 2101 606 2200 Hospes
639 2099 722 2172 ab
769 2099 1000 2173 Aoniis
1030 2099 1318 2176 Therses
1351 2095 1675 2174 lsmenius
1709 2101 1864 2173 oris.

337 2214 614 2291 Miserat
643 2215 822 2290 hunc
857 2216 954 2289 illi
990 2216 1314 2303 Therses3
1347 2216 1776 2290 fabricaverat
1808 2215 2024 2290 Alcon

402 2384 516 2452 673.
541 2385 743 2436 Summa
756 2387 882 2436 mali
899 2391 1020 2436 nola
1035 2392 1115 2436 es!
1127 2400 1224 2450 pro
1239 2381 1356 2435 vul-

335 2461 443 2530 gari
462 2500 477 2526 ,
495 2459 556 2512 ad
575 2479 839 2513 summam
859 2499 874 2526 ,
904 2478 1022 2512 aves
1037 2457 1182 2512 sactae
1197 2470 1321 2512 sunt
1337 2498 1352 2524 ,

333 2547 392 2590 ut
428 2546 616 2590 notum
644 2547 721 2591 est
749 2555 762 2589 :
791 2555 987 2589 summa
1013 2535 1089 2588 rei
1115 2575 1129 2601 ‚
1167 2534 1221 2588 id
1248 2552 1353 2604 quo

332 2627 441 2675 tota
460 2636 542 2669 res
559 2617 708 2670 redit.
723 2646 789 2657 —
801 2619 863 2669 In
877 2620 1126 2669 volucrem
1141 2657 1154 2677 ‚
1183 2616 1239 2668 in
1257 2635 1354 2668 vo·-

331 2697 499 2749 lucres
516 2735 530 2761 ‚
556 2706 614 2748 ut
634 2698 705 2760 V,
727 2697 824 2768 298
837 2734 850 2761 ,
875 2698 987 2748 ales
1005 2705 1160 2749 erant.

376 2774 490 2843 675.
507 2776 748 2828 Convivia
758 2776 911 2826 dictis
923 2776 1201 2840 implerunt,
1221 2771 1352 2825 mul·

328 2853 392 2905 tis
407 2851 661 2921 variisque
681 2892 696 2918 ‚
723 2862 782 2905 ut
799 2850 893 2918 fit,
918 2850 1351 2905 confabulationi-

327 2931 424 2983 bus
453 2929 704 2984 institutis
737 2928 1034 2984 convivium
1071 2939 1350 2999 transege-

329 3020 472 3062 runt.
495 3037 554 3048 —
568 3012 752 3063 Mensa
774 3019 961 3062 remota
975 3050 986 3070 ,
1006 3007 1125 3061 vide
1141 3006 1203 3060 ad
1231 3009 1307 3062 lx
1330 3048 1346 3075 ‚

329 3109 410 3160 9²·
435 3118 501 3130 —-
531 3092 653 3143 Cum
682 3094 767 3143 die
785 3131 798 3153 ,
844 3089 1031 3144 eodem
1073 3099 1310 3159 tempore
1332 3130 1347 3155 ,

331 3189 435 3238 quo
458 3168 568 3223 dies
591 3170 914 3224 illucescebat
934 3191 947 3233 ;
964 3168 1082 3221 vide
1099 3167 1348 3221 Cortium

330 3247 393 3300 ad
422 3247 628 3302 Sallust.
646 3248 896 3319 Jugurtb.
919 3248 1157 3301 vanl
1182 3287 1197 3313 ,
1221 3269 1267 3300 a.
1283 3277 1349 3288 —

330 3328 538 3378 Adeunt
564 3332 773 3380 oracula
789 3368 802 3389 ,
829 3346 978 3381 more
1003 3347 1190 3381 eorum
1207 3368 1221 3394 ‚
1257 3328 1348 3397 qui

330 3422 491 3457 novas
506 3414 669 3458 terras
687 3416 929 3474 quaerunt
944 3427 957 3469 ;
970 3406 1088 3459 vide
1105 3406 1170 3473 ad
1186 3408 1288 3472 Ill,
1303 3408 1349 3459 8.

329 3511 396 3522 -
419 3482 693 3551 Antiquam
720 3494 948 3545 multene,
979 3493 1174 3536 terram
1204 3484 1348 3538 unde

329 3561 480 3631 prisci
506 3562 675 3630 gentis
699 3561 949 3630 Trojanae
971 3573 1206 3615 auctores
1230 3563 1350 3614 ori-

328 3641 505 3711 ginem
536 3639 796 3693 ducebant
823 3678 837 3704 ‚
877 3658 1071 3709 nempe
1109 3639 1311 3694 ltaliam
1331 3680 1346 3706 ‚

331 3718 472 3772 uude
491 3715 771 3771 Dardanus
795 3727 1041 3779 venerat3
1070 3717 1216 3786 Virg.
1241 3716 1291 3769 d.
1317 3718 1348 3771 i.

333 3817 460 3852 vers.
488 3800 585 3872 94,
612 3820 640 3844 κ
665 3816 781 3867 quae
801 3816 892 3850 vos
915 3816 942 3849 a
965 3797 1127 3867 stirpe
1155 3815 1349 3867 paren-

333 3899 361 3924 »
390 3888 504 3930 tum
543 3876 723 3931 Prima
764 3877 882 3930 tulit
919 3876 1069 3931 tellus
1100 3917 1115 3943 ,
1160 3876 1346 3930 eadem

332 3976 361 4001 ι·
386 3974 477 4008 vos
500 3955 660 4008 ubere
691 3955 812 4010 lato
843 3954 1079 4025 Accipiet
1099 3954 1345 4009 reduces:

332 4056 359 4081 »v
387 4034 660 4104 antiquam
721 4034 974 4104 exquirite
1042 4045 1283 4088 matrem.
1318 4056 1345 4081 ιο

332 4114 478 4166 Hinc
508 4114 703 4168 Noster
734 4132 796 4166 ex
825 4113 1023 4183 ingenii
1054 4114 1134 4167 sui
1166 4114 1345 4166 abun-

323 4191 504 4245 dantia
533 4190 733 4245 addidit
760 4200 978 4259 cognata
999 4195 1167 4244 litora.

391 4271 505 4344 679.
533 4272 859 4345 Pmsequitur
874 4269 1197 4324 discedentes
1212 4310 1225 4337 ,
1244 4269 1347 4325 ho-

325 4352 474 4407 noris
493 4370 644 4407 causa
673 4369 762 4406 eos
786 4351 1066 4407 comitatur
1091 4361 1146 4407 et
1174 4350 1345 4407 dedu-

1450 2383 1534 2436 cit.
1555 2411 1621 2425 —
1638 2383 1890 2448 Sceptrmn
1911 2381 2048 2434 sorte
2071 2400 2192 2434 cum
2209 2381 2467 2450 significa·

1450 2464 1597 2518 tione
1639 2461 1800 2515 futuri
1847 2461 2053 2531 imperii
2082 2502 2095 2522 ‚
2122 2475 2467 2530 ‘quamquam

1447 2551 1713 2611 sceptrum
1734 2540 1956 2594 omnino
1970 2539 2170 2609 insigne
2186 2538 2463 2592 hominum

1446 2618 1651 2673 honore
1690 2629 1778 2671 aut
1814 2637 2006 2689 genere
2046 2618 2465 2686 conspicuorum.

1446 2698 1579 2751 -ln
1601 2697 1907 2750 muneribus
1931 2696 2155 2748 heroum
2175 2705 2337 2749 crater
2353 2695 2468 2765 ple-

1444 2795 1670 2846 rumque
1692 2796 1800 2829 esse
1823 2774 2050 2840 solebat,
2075 2773 2220 2842 isque
2241 2777 2462 2827 celatus.

1448 2854 1798 2908 Additursere
1814 2852 2029 2923 singulis
2042 2851 2166 2905 locis
2179 2891 2192 2918 ,
2211 2852 2324 2920 quis
2338 2871 2461 2904 eum

1445 2932 1820 2998 elaboraverit,
1844 2941 1897 2985 et
1921 2951 2016 3000 per
2039 2949 2166 3000 quas
2188 2948 2374 2982 manus
2396 2929 2461 2982 ad

1444 3012 1788 3066 novissimum
1829 3010 2107 3063 dominum
2133 3007 2461 3079 pervenerit:

1443 3090 1628 3143 confer
1660 3090 1881 3142 Homer.
1926 3087 2032 3142 od.
2081 3097 2156 3153 O,
2199 3090 2294 3139 ns
2326 3103 2420 3155 sqq
2447 3108 2458 3149 ς

1445 3168 1726 3239 Virgilium
1745 3208 1759 3234 ‚
1785 3169 1909 3221 AEn.
1927 3168 1998 3234 V,
2030 3169 2125 3220 535
2144 3187 2237 3236 sqq
2255 3205 2271 3232 ,
2302 3185 2461 3235 quem

1443 3248 1639 3304 Noster
1669 3249 1899 3301 imitatus
1934 3257 2011 3299 est
2035 3264 2048 3297 t
2078 3267 2105 3292 «ι
2135 3246 2299 3315 Ipsius
2337 3246 2465 3296 An·-

1446 3349 1475 3375 »
1501 3327 1655 3381 chisae
1673 3327 1891 3396 longaevi
1913 3325 2011 3378 hoc
2026 3343 2219 3377 mun-us
2230 3322 2459 3387 habebis,

1445 3427 1474 3453 ν
1506 3405 1727 3460 Cratera
1748 3405 2060 3473 impressum
2085 3402 2243 3471 signis
2265 3422 2277 3463 ;
2302 3420 2459 3469 quem

1446 3508 1475 3535 x·
1504 3486 1759 3541 Thracius
1791 3485 1916 3538 olim
1960 3482 2200 3535 Anchisae
2239 3480 2463 3550 genitori

1448 3587 1476 3612 κ
1505 3566 1562 3617 in
1592 3582 1787 3634 magno
1815 3580 2042 3614 munere
2067 3558 2274 3612 Cisseus
2299 3558 2460 3610 Ferre

1448 3664 1480 3690 »
1503 3643 1581 3696 sui
1607 3641 1825 3694 dederat
1848 3648 2258 3691 monumentum
2287 3646 2339 3690 et
2369 3636 2461 3705 pi·—

1447 3744 1475 3770 ιο
1503 3740 1639 3791 gnus
1653 3720 1862 3773 amoris.
1882 3741 1909 3765 ι»
1936 3719 1998 3772 ln
2021 3716 2325 3769 nominibus
2349 3734 2464 3785 que

1443 3801 1527 3857 bic
1542 3800 1881 3870 reperiuntur
1899 3798 2152 3850 librorum
2173 3814 2362 3865 magna
2378 3815 2461 3847 va·

1443 3877 1602 3931 rietas
1635 3898 1647 3931 :
1675 3895 1773 3946 pro
1810 3877 1999 3929 Aoniis
2036 3875 2119 3929 alii
2157 3877 2462 3933 lla-monete,

1442 3959 1694 4022 Hispanis·
1710 3996 1723 4017 ‚
1757 3957 1918 4007 [omitt
1954 3954 2159 4021 (codex
2190 3953 2386 4023 Regius
2413 3950 2461 4004 Α

1444 4037 1653 4099 Aoniis,
1687 4044 1741 4088 et
1764 4035 1809 4087 B
1834 4035 1993 4087 Iom‘e‘s
2014 4037 2065 4100 );
2092 4043 2146 4086 et
2175 4051 2271 4101 pro
2291 4034 2462 4084 Isme-

1441 4119 1558 4166 nius
1595 4112 1621 4183 (
1651 4111 1792 4183 quod
1830 4111 2027 4166 babent
2071 4111 2226 4165 ambo
2260 4109 2462 4164 codices

1442 4190 1686 4262 Regii),
1727 4210 1865 4245 unus
1905 4191 2113 4245 Heinsii
2152 4192 2422 4243 I'menct'us
2446 4231 2457 4251 ,

1441 4271 1750 4327 Graevianus
1785 4272 2060 4334 Imenee'us‚
2098 4267 2241 4323 unde
2276 4268 2461 4322 Hein-

1442 4350 1547 4407 sius
1582 4349 1798 4417 coniicit
1836 4349 2103 4422 Minyet'us.
2147 4375 2213 4388 —
2254 4348 2424 4401 Alcon
2442 4385 2458 4408 ‚
