3185 5138
698 547 1715 618 METAMORPHOSEON
1776 550 1972 617 LIB.
2023 553 2159 618 XI.

2352 553 2478 617 253

357 691 480 766 llla
510 706 715 764 novat
745 688 1028 777 formas;
1064 690 1274 765 donec
1309 720 1426 765 sua
1457 690 1751 765 membra
1788 690 1991 763 teneri

359 806 617 894 Sentit,
656 823 723 880 et
753 805 825 877 in
860 824 1080 906 partes
1111 807 1397 882 diversas
1427 807 1698 880 brachia
1733 804 1935 880 tendi.

359 924 537 996 Tum
558 921 821 994 demum
844 921 1166 1015 ingemuit
1192 951 1207 993 ε
1243 955 1278 988 «
1304 951 1549 1024 neque,
1570 925 1693 1011 ait,
1717 923 1857 996 sine
1877 923 2143 996 nurnine
2170 924 2411 997 vincis:
2449 959 2481 989 »

362 1035 682 1109 Exhibita
717 1052 946 1134 estque
976 1034 1252 1109 Thetis:
1284 1037 1646 1110 confessam
1684 1035 2102 1137 amplectitur
2129 1038 2326 1112 heros
2347 1096 2365 1128 ,

362 1155 454 1226 Et
484 1152 745 1252 potitur
780 1151 953 1225 votis
975 1207 993 1239 ,
1029 1152 1417 1252 ingentique
1451 1151 1683 1254 implet
1716 1151 1994 1226 Achille.

2389 1178 2487 1229 265

462 1269 615 1340 Vll.
654 1266 842 1343 Felix
870 1285 937 1341 et
967 1284 1164 1355 nato;
1200 1266 1355 1342 felix
1390 1286 1457 1342 et
1491 1270 1769 1367 conjuge
1804 1269 2086 1365 Peleus3

359 1388 457 1491 ¹Et
487 1385 629 1473 cui,
667 1384 725 1458 si
760 1384 980 1459 demas
1007 1383 1293 1483 jugulati
1329 1384 1601 1459 crimina
1636 1385 1885 1474 Phoci,

365 1564 682 1618 Petronium
697 1604 712 1629 ,
738 1568 882 1633 74-
896 1563 1092 1633 Regius
1108 1574 1287 1616 noster
1303 1563 1348 1616 A
1363 1603 1379 1630 ‚

365 1647 625 1694 coma-era!
636 1659 655 1705 ‚·
684 1640 865 1693 Codex
882 1641 926 1694 B
940 1680 954 1704 ‚
971 1646 1246 1695 *invaseraa
1272 1641 1384 1694 Re-

367 1720 550 1789 petitio
575 1721 824 1789 frequens
850 1721 1133 1773 verborum
1162 1725 1374 1782 ducite,

366 1803 534 1852 vinclo
579 1809 740 1852 tenere
769 1839 782 1860 ‚
834 1810 928 1853 etc.
972 1799 1026 1852 in
1068 1810 1176 1853 tota
1212 1798 1384 1852 sabula

367 1895 664 1945 sparsorum
706 1895 857 1929 causa
895 1887 971 1930 est
1006 1895 1100 1930 cur
1134 1884 1392 1930 invaserat

370 1964 620 2023 tanquam
639 1954 829 2007 rectius
847 1953 1161 2007 servandum
1180 1973 1385 2009 censea-

371 2052 506 2086 mus.
528 2035 704 2086 Ed.—
723 2037 884 2087 Nove!
900 2033 1119 2101 formas,
1147 2036 1201 2088 in
1225 2055 1387 2089 novas

371 2130 581 2180 semper
603 2111 797 2164 formas
821 2113 1033 2179 transit,
1070 2123 1129 2165 ut
1152 2114 1204 2167 11
1226 2150 1241 2178 ,
1274 2113 1388 2180 648.

372 2189 548 2242 —Pro
565 2194 727 2241 tendi!
742 2209 770 2240 e
790 2190 1025 2258 margine
1040 2189 1242 2262 Gryph.
1265 2189 1388 2242 edit.

374 2279 430 2321 et
466 2286 587 2320 cum
628 2268 838 2321 Mitsch.
881 2268 1002 2321 dedi
1033 2273 1199 2331 tendi,
1248 2268 1389 2337 quod

375 2349 536 2401 etiam
560 2349 782 2402 Heinsio
802 2349 1089 2415 arridebat,
1110 2349 1197 2417 qui
1220 2347 1390 2401 addit:

377 2427 442 2480 In
477 2437 647 2496 partes
677 2425 902 2479 diversas
936 2425 1230 2479 tenduntur
1259 2427 1393 2479 bra—

377 2504 518 2569 chia,
544 2504 755 2573 quando
777 2505 1004 2574 ligantur
1029 2514 1142 2573 post
1168 2515 1392 2573 tergum.

380 2581 611 2651 Ideoque
631 2594 682 2636 et
700 2603 904 2635 aversas
915 2583 1074 2637 malit.
1087 2582 1214 2635 Sine
1229 2601 1394 2635 causa.

379 2659 464 2713 De
502 2660 747 2728 ligatione
785 2671 900 2729 post
935 2671 1142 2730 tergum
1174 2679 1282 2712 non
1319 2670 1396 2713 est

378 2756 554 2790 sermo
567 2776 582 2804 ,
606 2749 812 2790 tantum
830 2738 893 2791 de
912 2737 1147 2791 distentis
1161 2737 1395 2791 brachiis.

380 2817 637 2871 Nonnulli
659 2819 818 2871 etiam
844 2819 1023 2888 legunt
1047 2820 1253 2870 brachia
1275 2825 1397 2869 ten-

382 2898 504 2948 deas
515 2937 533 2966 ⁸,
562 2897 685 2947 Tum
700 2899 889 2948 demum
907 2895 1150 2949 eto—Re
1157 2896 1268 2965 gius
1288 2893 1399 2946 Co-

382 2970 478 3024 dex
506 2972 552 3026 A
570 3013 584 3038 ,
609 2977 818 3038 tollens,·
854 2972 1035 3026 Codex
1061 2973 1107 3025 B
1122 3012 1137 3038 ,
1164 2975 1399 3027 tendens:

379 3050 454 3123 ⁴ita
475 3051 530 3104 in
551 3051 683 3104 libro
712 3054 759 3102 V
781 3091 794 3118 ,
821 3055 947 3123 419,
970 3062 1023 3104 el
1043 3055 1096 3102 ia
1115 3061 1289 3116 partes
1308 3053 1401 3102 di-

385 3151 555 3184 versas
576 3133 782 3183 brachia
804 3136 1011 3183 tendens
1026 3170 1038 3190 ‚
1074 3132 1279 3181 obstita
1304 3127 1404 3179 Ed.

453 3210 563 3275 254.
589 3212 836 3260 Exhe'bita
850 3219 1031 3276 estque.
1051 3207 1184 3260 Tres
1204 3209 1403 3261 exhibi-

388 3293 538 3353 taque
567 3289 753 3339 Tbete‘s.
775 3314 840 3326 --
864 3286 1013 3355 Regii
1039 3285 1202 3338 nostri
1225 3294 1404 3352 estque.

391 3365 703 3415 —Eaebibe‘ta
723 3374 821 3422 est,
857 3375 915 3416 ut
930 3365 1010 3416 Vl
1031 3403 1045 3428 ,
1070 3367 1132 3429 44
1151 3402 1165 3427 ,
1186 3364 1407 3413 Pallada

391 3433 632 3499 exhibuit,
646 3439 876 3508 deposita
888 3441 1106 3493 mentita
1119 3440 1283 3508 figura
1294 3438 1408 3492 Pal·

392 3514 522 3568 ladis
542 3515 767 3568 sormam
790 3537 964 3570 rursus
987 3519 1182 3570 sumsit.
1198 3545 1263 3556 —
1281 3519 1411 3569 Coa-

384 3593 584 3662 fessam
600 3593 787 3645 eodem
803 3593 965 3657 redit;
988 3596 1069 3648 lll
1087 3634 1102 3660 ,
1127 3616 1153 3647 a
1169 3635 1183 3660 ‚
1202 3595 1413 3663 Jupiter

397 3690 454 3724 se
475 3671 737 3739 coafissus
756 3681 877 3723 erat.
899 3698 963 3709 -
978 3674 1158 3738 Iasseas
1176 3672 1411 3724 solemne

399 3753 624 3806 heroum
650 3752 917 3822 epitheton
945 3763 1158 3821 propter
1183 3754 1414 3823 corporis

402 3830 819 3899 magnitudinem
836 3867 851 3894 ,
872 3849 1028 3897 quam
1047 3830 1105 3882 iis
1121 3830 1279 3897 prisca
1293 3841 1415 3883 aetas

399 3909 596 3961 tribuit.
615 3910 755 3960 Hinc
770 3913 944 3975 ingens
961 3910 1145 3958 AEneas
1163 3908 1383 3972 Virgilio
1399 3947 1414 3973 ‚

403 3983 484 4038 Vl
498 4025 513 4052 ‚
540 3987 636 4053 413
658 4007 670 4046 ς
699 3990 873 4052 ιἠμω·
891 3987 1181 4036 Idomeneus
1204 3987 1417 4036 Sthene-

402 4068 542 4117 lusve
556 4065 781 4117 Horatio
803 4103 815 4128 ,
846 4064 944 4127 IV,
966 4060 1071 4115 Od.
1095 4077 1149 4112 tx
1170 4098 1185 4126 ,
1221 4081 1292 4133 ¹9·
1313 4061 1416 4113 Sed

401 4144 502 4198 hoc
525 4144 638 4197 loco
658 4144 831 4195 malim
852 4141 915 4195 ad
936 4142 1193 4209 insignem
1212 4139 1421 4193 sortitu-

1476 1570 1652 1633 ingens
1681 1566 1964 1618 Antiochus
1997 1574 2211 1634 propter
2243 1582 2366 1634 opes
2400 1566 2495 1618 in—

1479 1653 1661 1711 gentes
1682 1664 1694 1706 ;
1734 1662 1889 1711 supra
1927 1642 2065 1695 VIII
2092 1680 2107 1708 ,
2147 1642 2246 1714 309
2273 1682 2289 1706 ,
2328 1648 2505 1709 magni

1478 1731 1674 1773 creator
1682 1723 1923 1775 Achillis.
1936 1722 2205 1787 —Implet.
2231 1720 2307 1772 IX
2326 1760 2341 1786 ‚
2364 1721 2459 1772 280
2480 1761 2494 1783 ,

1479 1803 1717 1866 lmplcrat
1759 1808 1947 1852 uterum
1986 1818 2221 1865 generoso
2267 1803 2498 1865 germiae.

1481 1879 1625 1933 Hinc
1639 1878 1885 1932 mulieres
1899 1876 2121 1947 gravidae
2131 1880 2315 1945 plene,
2339 1887 2398 1929 ut
2409 1877 2459 1929 X
2479 1916 2493 1939 ,

1481 1955 1578 2027 469
1595 1995 1609 2021 ,
1639 1954 1860 2027 Myrrha
1874 1958 2032 2021 plena
2048 1959 2228 2020 patris.
2242 1981 2307 1992 —
2319 1951 2497 2006 Caete·

1481 2055 1601 2089 rum
1629 2034 1864 2088 Clericus
1888 2034 1953 2087 ad
1980 2033 2275 2087 Hesiodum
2294 2033 2496 2101 Theog.

1482 2134 1613 2168 vers.
1637 2116 1763 2180 1004
1777 2152 1792 2178 ‚
1809 2113 2096 2182 suspicatur
2111 2151 2125 2176 ‚
2146 2112 2301 2164 Pelea
2318 2110 2497 2164 Achil-

1486 2192 1589 2246 lem
1613 2211 1675 2244 ex
1698 2211 1748 2243 se
1771 2200 1824 2242 et
1848 2190 2024 2260 ignota
2048 2190 2201 2257 vulgo
2222 2200 2389 2241 matre
2408 2208 2504 2241 na·

1488 2282 1603 2324 tum
1631 2270 1891 2324 sustulisse
1907 2308 1921 2333 ,
1954 2278 2042 2321 aut
2067 2288 2095 2320 e
2119 2268 2242 2320 sano
2268 2269 2499 2337 Neptuni

1486 2345 2315 2413 Nereidumve‚autexipsolitore
2327 2346 2499 2398 maris.

1554 2424 1683 2476 266-
1694 2426 1805 2494 409.
1830 2424 2008 2475 Peleus
2032 2421 2172 2474 exsul
2201 2420 2263 2473 ad
2295 2424 2500 2493 Ceycem

1489 2498 1620 2569 sugit
1635 2538 1648 2564 ‚
1675 2498 1763 2550 ubi
1785 2496 1913 2549 dum
1934 2497 2224 2566 cognoscit,
2241 2499 2505 2550 Dea-dalio-

1488 2598 1598 2631 aem
1623 2576 1922 2630 bellicosum
1940 2616 1954 2641 ‚
1984 2575 2131 2642 cujus
2154 2576 2374 2644 superba
2398 2576 2504 2628 filia

1494 2660 1682 2710 Chione
1693 2657 1888 2727 sagittis
1901 2655 2086 2708 Dianae
2106 2654 2348 2708 transfixa
2360 2667 2472 2709 erat
2490 2696 2505 2722 ‚

1490 2737 1545 2788 in
1572 2734 1871 2804 accipitrem
1893 2752 2104 2786 versum
2127 2753 2235 2786 esse
2250 2773 2264 2799 ,
2289 2733 2508 2787 nuntius

1493 2816 1540 2867 ei
1558 2811 1793 2866 adfertur
1810 2852 1824 2878 ,
1851 2822 2088 2864 armenta
2103 2831 2193 2864 sua
2216 2831 2243 2863 a
2269 2813 2391 2881 lupo
2412 2812 2509 2864 in-

1493 2893 1634 2963 genti
1651 2891 1909 2944 trucidari.
1921 2890 2129 2944 Placata
2140 2890 2509 2960 Nereide‚quae

1493 2969 1714 3022 belluam
1733 2969 1961 3033 miserat,
1975 2967 2126 3036 lupus
2140 2967 2194 3019 in
2206 2987 2383 3020 saxum
2400 2988 2510 3019 mu-

1495 3058 1650 3100 tatur.
1674 3048 1807 3100 Duae
1834 3047 1991 3115 igitur
2016 3047 2197 3099 insunt
2223 3058 2510 3099 metamor-

1496 3126 1696 3194 phoses.
1715 3126 1797 3178 De
1820 3125 1941 3194 lupo
1959 3135 2161 3177 mutato
2184 3123 2318 3177 conf.
2340 3124 2513 3177 Schol.

1497 3203 1861 3276 Lycophronis
1883 3201 1946 3255 ad
1973 3222 2104 3256 vers.
2135 3206 2252 3270 175,
2280 3202 2510 3270 quicum

1498 3281 1693 3334 Nostro
1716 3281 2010 3346 consentit,
2043 3290 2095 3331 et
2127 3280 2321 3331 Annon.
2348 3277 2513 3330 Libe-

1501 3359 1662 3412 ralem
1679 3360 1742 3412 38
1756 3398 1769 3422 ,
1790 3359 1877 3426 qui
1902 3357 2151 3410 dissentit.
2172 3355 2370 3408 Eadem
2391 3375 2515 3407 nar—

1498 3447 1705 3489 raverat
1733 3446 1784 3487 et
1814 3435 2113 3487 Dorotheus
2133 3434 2185 3486 in
2216 3434 2433 3487 Metam.
2458 3444 2516 3485 ut

1503 3535 1564 3567 ex
1588 3513 1848 3567 Plutarch.
1873 3513 2029 3582 paral.
2052 3513 2180 3563 min.
2207 3532 2255 3580 p.
2276 3511 2334 3562 31
2349 3532 2366 3562 1
2385 3550 2400 3576 ,
2422 3530 2517 3579 ap-

1505 3604 1666 3664 paret.
1690 3592 1967 3661 Euripides
1992 3591 2133 3644 Pelei
2162 3589 2393 3643 exsilium
2419 3610 2514 3643 ar·-

1506 3680 1817 3743 gumentum
1862 3667 2045 3721 fabulae
2080 3667 2286 3721 fecerat.
2330 3668 2415 3721 De
2453 3689 2517 3722 eo

1505 3749 1622 3802 vide
1639 3760 1693 3801 et
1711 3744 2011 3816 Apollodor.
2030 3746 2113 3798 111
2133 3785 2146 3810 ,
2171 3762 2275 3797 κω
2293 3785 2307 3810 ,
2341 3767 2361 3798 ι
2379 3766 2453 3814 sq.

1575 3827 1684 3895 267.
1693 3828 2146 3892 Jugulate'crimina
2158 3827 2331 3876 Phoci.
2350 3825 2524 3876 Aron-

1508 3905 1777 3971 delianus,
1816 3904 2161 3972 Langerman.
2197 3923 2331 3956 unus
2364 3904 2521 3957 Basi-

1509 3984 1695 4036 leensis
1708 3987 1918 4034 cn'me‘aa
1917 3979 2268 4047 status—Re
2275 3981 2340 4049 gii
2359 3981 2523 4033 nostri

1511 4065 1681 4115 Phoci.
1698 4089 1763 4101 -
1778 4058 1993 4113 Caedem
2016 4061 2147 4111 hanc
2165 4059 2254 4111 diu
2277 4069 2396 4111 ante
2416 4079 2523 4112 esse

1509 4136 1699 4192 factam
1718 4177 1732 4204 ,
1759 4155 1915 4207 quam
1935 4135 2161 4188 Thetida
2180 4135 2422 4202 duceret,
2440 4155 2529 4188 su-

401 4224 583 4277 dinem
615 4223 808 4276 referre
831 4262 844 4288 ‚
885 4241 985 4290 qua
1019 4219 1209 4273 enituit
1243 4218 1424 4271 Achil·
1512 4236 1608 4285 pra
1642 4217 1749 4285 jam
1782 4215 1845 4268 ad
1874 4235 2005 4267 vers.
2044 4235 2173 4286 229,
2210 4215 2530 4266 monuimus.

401 4303 488 4357 les.
511 4302 597 4356 Sic
619 4301 901 4368 Horatius,
925 4299 1042 4367 111,
1063 4297 1168 4353 od.
1192 4297 1268 4351 vl
1290 4337 1304 4366 ,
1325 4298 1387 4350 35
1403 4336 1418 4364 ,

1514 4295 1775 4350 Telamon
1791 4307 1843 4350 et
1861 4298 2041 4349 Peleus
2066 4295 2228 4350 AEaco
2248 4295 2357 4349 nati
2383 4304 2535 4348 erant
