3185 5138
569 568 1592 638 METAMORPHOSEON
1658 569 1855 636 LIB.
1917 571 2161 638 XIII.

2306 569 2434 655 413

299 708 756 796 Ambraciam,
790 708 1092 808 versique
1125 707 1353 782 vident
1380 707 1507 781 sub
1542 707 1827 803 imagine
1861 736 2091 781 saxum

300 824 592 913 Judicis,
626 824 902 897 Actiaco
938 852 1084 924 quae
1118 852 1293 897 nunc
1328 824 1414 897 ab
1448 822 1760 924 Apolline
1794 842 1953 898 nota
1988 842 2124 913 est,

2347 847 2445 917 '7¹5

300 941 744 1043 Vocalemque
782 969 902 1015 sua
943 958 1182 1015 terram
1214 940 1575 1015 Dodonida
1613 969 1858 1042 quercu
1880 998 1899 1029 ‚

301 1056 767 1156 Chaoniosque
801 1059 1020 1140 sinuS,
1048 1055 1170 1127 ubi
1204 1054 1342 1128 nati
1377 1083 1528 1150 rege
1566 1054 1872 1130 Molosso

302 1174 499 1248 Irrita
531 1173 847 1273 subjectis
885 1173 1108 1269 fugere
1144 1172 1449 1247 incendia
1483 1173 1735 1273 pennis.

401 1292 713 1365 Proxima
747 1291 1093 1364 Phaeacum
1131 1289 1433 1366 felicibus
1471 1291 1691 1364 obsita
1731 1291 1948 1391 pomis

299 1413 482 1484 Rura
516 1425 799 1510 petunt:
828 1408 1075 1509 Epiros
1111 1408 1196 1480 ab
1232 1408 1337 1481 his
1362 1464 1378 1494 ,
1418 1426 1818 1509 regnataque
1853 1409 1987 1481 vati

297 1527 669 1602 Buthrotos
709 1524 1040 1626 Phrygio,
1082 1525 1520 1627 simulataque
1554 1525 1758 1626 Troja
1792 1544 2117 1602 tenentur.

298 1646 464 1721 Inde
497 1647 876 1720 futurorum
909 1643 1107 1733 certi,
1149 1671 1294 1744 quae
1328 1659 1567 1717 cuncta
1601 1640 1783 1716 fideli

302 1846 546 1918 Apolline
577 1846 633 1901 in
656 1866 838 1900 satum
866 1866 1042 1900 versus
1071 1858 1177 1912 est;
1207 1846 1327 1900 An·-

301 1937 412 1981 ton.
447 1927 558 1980 Lib.
592 1947 702 1997 cap.
742 1929 787 1992 4.
832 1926 912 1980 lbi
944 1926 1103 1980 etiam
1145 1927 1322 1980 nobile

304 2003 556 2072 templum
571 2005 832 2070 Apolle'm's
847 2006 1088 2064 Actiaci:
1111 2003 1320 2070 Strabo,

302 2083 390 2136 lib.
411 2082 462 2134 X
482 2121 496 2147 ,
522 2101 571 2150 p.
591 2085 704 2148 451.
726 2110 793 2122 —
810 2082 1112 2150 Apollinem
1139 2083 1325 2136 Actia-

304 2180 416 2213 cum
433 2158 630 2212 dictum
649 2170 777 2230 puto
795 2180 858 2212 ex
874 2179 938 2213 eo
955 2201 970 2227 ,
995 2159 1139 2229 quod
1154 2161 1206 2213 in
1227 2180 1328 2213 na-

304 2236 402 2289 vali
425 2236 605 2306 praelio
634 2276 650 2301 ,
695 2254 801 2304 quo
842 2236 1019 2290 divicit
1058 2238 1325 2306 Augustus

304 2314 606 2368 Antonium
645 2323 699 2367 et
735 2312 1072 2384 Cleopatram
1102 2354 1116 2377 ,
1168 2315 1325 2365 auxi-

305 2393 433 2445 lium
477 2392 713 2462 Augusto
753 2390 924 2445 tulisse
970 2391 1281 2445 credebatur
1308 2413 1322 2454 ς

305 2482 357 2524 et
382 2488 558 2524 meam
581 2469 902 2522 sententiam
919 2470 1145 2539 probant
1167 2469 1325 2522 verba

303 2568 436 2602 nunc
453 2552 520 2601 ab
538 2548 780 2615 Apolline
800 2556 921 2601 nola
945 2557 1035 2600 est.
1062 2545 1160 2601 Ed.

375 2645 400 2693 7
412 2648 429 2679 ι
437 2627 485 2678 6.
517 2628 571 2677 V
562 2629 848 2692 ocalemque
859 2665 871 2677 .
886 2664 897 2674 .
913 2665 924 2676 .
937 2627 1215 2677 Dodonida
1226 2636 1325 2679 etc.

303 2705 461 2758 Nunc
501 2702 635 2756 male
675 2702 867 2757 deserit
901 2702 1090 2757 ducem
1128 2722 1323 2758 suum:

284 2782 440 2853 'apud
461 2782 772 2852 Virgilium,
798 2801 929 2835 vers.
955 2802 1044 2855 ²9¹
1074 2802 1136 2853 sq
1155 2823 1168 2850 ,
1198 2782 1329 2836 reli-

302 2870 386 2915 cto
401 2860 684 2914 Ambracio
701 2860 819 2913 sinu
834 2900 850 2927 ,
866 2861 1327 2930 praetervehuntur

305 2940 591 2991 Pha-nciam
616 2958 655 2991 s.
683 2935 974 3010 Corcyram
993 2977 1009 3004 ,
1032 2948 1148 2991 tum
1176 2938 1326 2991 litora

307 3016 455 3086 Epiri
499 3016 683 3086 legun-t
705 3057 719 3084 ,
762 3029 976 3086 portum
1024 3016 1326 3070 Chaonium

306 3096 505 3149 intrant
532 3106 585 3148 et
607 3095 932 3149 Buthrotum
962 3094 1191 3157 adeunt3
1233 3094 1326 3149 sed

311 3174 449 3244 apud
496 3176 752 3229 Nostrum
811 3175 953 3244 prius
999 3174 1327 3244 conspiciunt

308 3256 593 3315 Rodanum,
607 3254 749 3324 quod
761 3254 874 3307 fieri
890 3273 999 3309 non
1013 3255 1208 3324 potuitz
1223 3254 1328 3308 Do-

307 3330 450 3382 dona
474 3332 617 3383 enim
648 3331 701 3383 in
733 3332 1147 3400 septemtrionali
1179 3331 1327 3402 Epiri

308 3417 455 3476 parte
488 3408 584 3460 sita
616 3408 729 3460 suit.
764 3409 1075 3462 Secundum
1106 3410 1327 3483 Dionys.

317 3485 481 3539 Halic.
504 3485 558 3551 l,
592 3489 649 3539 51
673 3525 687 3551 ,
716 3486 913 3541 AEneas
933 3526 946 3551 ,
971 3488 1148 3541 relicta
1170 3489 1326 3542 classe

313 3562 450 3633 apud
483 3563 805 3618 Buthrotum
828 3602 842 3629 ,
887 3584 1009 3617 cnm
1045 3565 1329 3620 lectissimis

313 3641 471 3710 viris,
507 3639 739 3693 duorum
767 3641 976 3694 dierum
1010 3642 1196 3695 itinere
1233 3663 1329 3713 per

315 3732 508 3773 terram
534 3717 804 3785 consecto,
837 3714 1117 3772 Dodonarn
1146 3740 1332 3791 perve-

317 3802 396 3854 nit
414 3841 428 3868 ,
443 3799 590 3853 Jovis
604 3798 872 3853 oraculum
888 3800 1232 3853 consulturus.
1252 3801 1330 3853 Ea

320 3879 444 3932 olim
483 3897 512 3930 a
548 3880 838 3931 Chaonibus
882 3877 1110 3931 habitata
1152 3888 1332 3947 postea

321 3957 562 4008 Molosstlr
580 3955 780 4022 paruit;
805 3954 1107 4009 Eustathius
1129 3956 1194 4008 ad
1221 3957 1332 4009 Ho-

321 4051 527 4085 merum
545 4071 561 4098 ,
594 4030 699 4086 Od.
725 4038 764 4086 Ξ
783 4072 798 4099 ,
823 4053 872 4102 p.
898 4035 1011 4100 544.
1048 4033 1127 4086 lbi
1155 4034 1332 4087 nobile

320 4122 626 4183 quercetum
645 4151 661 4178 ,
682 4113 832 4181 cujus
849 4131 1068 4182 quercus
1085 4131 1210 4165 voce
1235 4111 1335 4165 hu-

318 4209 476 4243 mana
498 4188 683 4243 locutae
695 4208 804 4243 esse
820 4199 978 4258 atque
993 4189 1201 4241 oracula
1218 4186 1336 4242 edi-

317 4268 450 4322 disse
476 4267 761 4322 traduntur
779 4307 794 4333 ,
824 4266 965 4320 unde
991 4274 1260 4343 προσήγοροι
1280 4275 1336 4319 et

317 4358 540 4413 μανι-ικαὶ
557 4353 682 4423 δμὼς
701 4348 851 4402 dictae
875 4348 1335 4401 sunt—Molosso-

1419 1867 1527 1899 rum
1550 1864 1640 1898 rex
1663 1844 1952 1899 Munichus
1974 1854 2080 1898 tres
2104 1843 2286 1900 habuit
2312 1846 2445 1903 filios

1421 1933 1475 1977 et
1493 1942 1655 1976 unam
1670 1922 1832 1976 filiam
1851 1962 1865 1988 ,
1887 1923 2008 1992 qui,
2027 1942 2193 1991 quum
2214 1924 2444 1979 latrones

1420 2001 1601 2070 ignem
1623 2001 1921 2068 injecissent
1947 1999 2190 2055 domibus
2213 2041 2228 2067 ,
2257 2021 2285 2054 a
2307 2003 2444 2055 Jove

1423 2079 1478 2132 in
1506 2097 1624 2132 aves
1647 2080 1834 2132 mutati
1860 2090 1982 2132 sunt
2005 2100 2017 2141 ;
2054 2078 2254 2132 Anton.
2284 2080 2444 2133 Libe-

1422 2155 1542 2208 ralis
1561 2196 1575 2222 ,
1601 2175 1710 2225 cap.
1735 2157 2029 2221 14.—-Irr1'ta
2055 2174 2150 2223 pro
2170 2161 2326 2222 impia
2349 2155 2446 2207 de-

1423 2233 1501 2286 dit
1517 2232 1581 2286 de
1599 2252 1695 2286 suo
1716 2232 1966 2285 Heinsius
1981 2270 1995 2297 ,
2014 2233 2102 2300 qui
2122 2233 2267 2286 malit
2283 2234 2444 2287 etiam

1415 2314 1670 2364 subvectis·
1675 2316 1857 2378 pennis
1868 2330 1883 2361 ,·
1899 2309 2338 2365 Mitscherlichius
2355 2321 2445 2365 e’m·

1411 2393 1504 2455 μία
1516 2387 1982 2442 revocavit—Hoc.
1998 2399 2319 2456 postremum
2336 2411 2445 2443 am—

1419 2467 1489 2520 bo
1507 2466 1711 2521 codices
1735 2467 1884 2535 Regii
1910 2466 2121 2520 habent.

1492 2565 1517 2614 7
1528 2563 1603 2617 ¹9·
1620 2548 1875 2598 Felt'ce‘bus
1892 2548 2061 2599 obsita
2064 2553 2248 2614 pomis.
2265 2549 2445 2621 Respi-

1419 2623 1489 2677 cit
1505 2622 1567 2675 ad
1586 2623 1793 2676 Alcinoi
1821 2622 1999 2677 hortos
2015 2663 2028 2690 ,
2056 2627 2143 2693 qui
2160 2646 2256 2695 per
2272 2639 2444 2683 totum

1422 2718 1624 2752 annum
1660 2699 1997 2754 abundabant
2028 2704 2200 2756 omnis
2239 2708 2445 2774 generis

1419 2778 1673 2833 fructibus
1692 2801 1706 2833 ι
1725 2780 1944 2833 Homer.
1963 2779 2069 2834 Od.
2087 2792 2123 2836 fl
2138 2821 2152 2848 ,
2184 2803 2204 2837 1
2219 2804 2275 2836 ιιι
2291 2806 2365 2856 sq.
2378 2815 2448 2828 —-

1421 2860 1721 2919 Buthrotos,
1748 2869 1840 2911 aut
1859 2858 2182 2913 Buthrotum
2198 2901 2212 2926 ,
2233 2862 2295 2915 ad
2316 2884 2445 2933 por-

1422 2944 1538 2989 tum
1565 2936 1837 2989 Pelodem.
1876 2937 1981 2990 Hic
2017 2940 2268 3008 regnabat
2300 2953 2449 2997 vates

1424 3018 1695 3086 Phrygius.
1739 3016 1977 3070 Helenus
1995 3058 2009 3084 ,
2047 3020 2247 3083 Priami
2276 3022 2410 3077 filius
2428 3065 2444 3092 ,

1425 3094 1526 3164 (cs.
1545 3115 1616 3147 vs.
1643 3094 1781 3163 320)
1808 3098 1897 3166 qui
1924 3099 2114 3170 Pyrrhi
2143 3111 2197 3153 et
2220 3106 2444 3173 conjuge

1424 3184 1476 3226 et
1511 3192 1678 3242 regno
1715 3177 1908 3243 potitus
1938 3216 1952 3242 ,
1993 3178 2224 3246 pristinae
2265 3186 2446 3250 patriae

1425 3253 1646 3305 nomina
1661 3252 1726 3305 ad
1744 3273 1904 3307 novas
1920 3256 2068 3309 sedes
2086 3260 2445 3327 transtulerat,

1426 3347 1576 3382 more
1615 3349 1801 3382 eorum
1823 3369 1838 3396 ,
1882 3332 1971 3399 qui
2008 3332 2236 3387 colonias
2265 3334 2449 3388 dedu-

1423 3406 1611 3459 cebant
1637 3407 1692 3458 in
1720 3406 1840 3460 alias
1862 3426 1977 3460 oras
2004 3427 2016 3461 ε
2050 3408 2173 3461 hinc
2202 3416 2447 3466 simulata

1433 3486 1592 3549 Troja
1604 3525 1617 3547 ,
1643 3483 1928 3538 adsimilata
1944 3486 2103 3553 priori
2120 3487 2311 3557 Trojae.
2331 3492 2376 3539 V
2382 3492 2449 3543 ir-

1426 3560 1574 3629 gilius
1592 3599 1608 3626 ,
1635 3580 1707 3613 vs.
1734 3564 1833 3631 349
1856 3581 1869 3613 ι
1891 3583 1918 3607 «ι
1948 3562 2214 3630 Procedo,
2249 3576 2301 3617 et
2326 3586 2451 3635 par-

1431 3662 1458 3686 »
1486 3659 1603 3692 vam
1631 3640 1851 3708 Troiam
1875 3640 2218 3711 simulataque
2245 3648 2448 3715 magnis

1430 3738 1459 3764 >v
1488 3718 1745 3785 Pergama
1762 3756 1777 3782 ,
1802 3728 1856 3770 et
1880 3729 2117 3771 arentem
2134 3721 2333 3776 Xanthi
2356 3744 2451 3777 co-

1430 3817 1459 3840 »
1487 3796 1738 3863 gnomine
1757 3796 1930 3848 rivum
1948 3796 2192 3866 Agnosco
2211 3819 2223 3860 ;
2244 3822 2269 3846 ι»
2300 3813 2352 3855 et
2378 3824 2451 3857 vs.

1429 3873 1524 3926 302
1521 3872 1704 3939 salsus
1713 3874 1894 3925 &mois
1905 3873 2093 3926 eodem
2107 3894 2277 3928 sensu.
2291 3878 2451 3947 Apud

1429 3949 1651 4021 Dionys.
1670 3950 1721 4002 d.
1738 3950 1772 4005 l.
1788 3951 1986 4004 AEneas
2006 3971 2129 4004 cum
2147 3955 2296 4007 sociis
2321 3957 2450 4009 Do-

1431 4027 1627 4081 donam
1658 4030 1917 4098 profectus
1934 4070 1949 4095 ,
1976 4031 2030 4082 in
2059 4033 2326 4087 Helenum
2352 4038 2448 4089 in—

1429 4109 1554 4163 cidit
1574 4132 1586 4172 ;
1630 4110 1722 4163 sed
1762 4110 2009 4180 Virgilius
2027 4151 2041 4177 ,
2082 4113 2221 4167 unde
2261 4116 2453 4171 Noster

1431 4188 1658 4256 pendet,
1678 4187 1742 4240 ad
1761 4189 2084 4243 Buthrotum
2104 4191 2251 4246 illum
2265 4214 2454 4250 occur-

1431 4284 1549 4321 sum
1578 4267 1853 4321 transtulit.

1503 4365 1612 4413 7²²·
1646 4348 1775 4399 lade
1790 4346 2075 4415 futurorum
2104 4357 2264 4407 certi:
2286 4373 2452 4422 quum
