3185 5138
625 524 1691 593 METAMORPHOSEON
1737 528 1928 597 LIB.
1974 532 2208 598 VIII.
2442 536 2480 599 5

348 660 738 758 Fulgentem
777 661 1080 764 clypeum
1103 719 1121 749 ‚
1160 649 1461 764 clypeum
1496 665 1809 739 sumsisse
1840 667 2115 742 decebat
2148 700 2163 742 ε

350 780 663 852 Torserat
694 777 997 852 adductis
1031 777 1293 852 hastilia
1328 777 1506 853 lenta
1537 778 1840 871 lacertis;

351 892 697 967 Laudabat
726 892 914 987 virgo
948 892 1242 991 junctam
1275 924 1425 968 cum
1460 895 1714 970 viribus
1747 916 1972 974 artem.

350 1008 675 1108 Imposito
710 1008 976 1109 patulos
1013 1008 1261 1083 calamo
1297 1011 1667 1087 sinuaverat
1698 1042 1929 1103 arcus;
2423 1039 2490 1090 30

352 1124 463 1197 Sic
496 1125 821 1201 Phoebum
859 1127 1097 1201 sumtis
1131 1127 1397 1225 jurabat
1432 1144 1604 1201 stare
1638 1129 1917 1224 sagittis.

353 1242 583 1338 Quum
613 1269 767 1315 vero
805 1241 1033 1316 faciem
1072 1241 1295 1333 demto
1328 1244 1693 1318 nudaverat
1725 1273 1847 1319 aere
1869 1302 1889 1333 ‚

352 1357 867 1457 Purpureusque
904 1355 1039 1431 albi
1072 1358 1296 1432 stratis
1330 1358 1618 1455 insignia
1652 1360 1850 1460 pictis

349 1481 564 1576 Terga
598 1480 939 1581 premebat
973 1481 1127 1581 equi
1149 1537 1166 1569 ‚
1205 1482 1712 1582 spumantiaque
1749 1511 1865 1558 ora
1899 1483 2208 1579 regebat3

348 1602 480 1673 Vix
512 1630 631 1675 sua
653 1658 671 1691 ,
705 1601 812 1675 vix
846 1631 1018 1677 sanae
1051 1603 1237 1698 virgo
1270 1603 1495 1678 Niseia
1531 1632 1807 1705 compos
2417 1629 2481 1681 35

350 1727 600 1800 Mentis
636 1744 774 1802 erat
803 1758 819 1799 ε
848 1727 1001 1801 felix
1034 1726 1358 1825 jaculum,
1398 1729 1580 1829 quod
1620 1747 1914 1826 tangeret
1944 1729 2090 1820 ille,

351 1848 648 1949 Quaeque
681 1877 881 1923 manu
918 1866 1242 1949 premeret
1261 1905 1281 1936 ‚
1318 1849 1533 1925 felicia
1565 1850 1750 1928 frena
1782 1851 2077 1926 vocabat.

348 1974 647 2072 Impetus
683 1989 785 2046 est
816 1971 954 2062 illi,
992 1970 1186 2046 liceat
1216 1972 1419 2047 modo
1444 2031 1463 2064 ,
1498 1975 1666 2049 serre
1697 2003 1819 2075 per
1848 2003 2081 2072 agmen

354 2175 576 2230 Constat
588 2195 712 2230 sane
736 2196 799 2230 ex
816 2178 1058 2231 Homero
1078 2190 1132 2232 et
1147 2180 1369 2250 Virgilio

349 2257 509 2310 etiam
526 2276 651 2309 auro
668 2268 945 2310 exornatos
963 2257 1235 2311 interdum
1248 2259 1366 2313 suis-

347 2356 401 2389 se
432 2336 672 2407 clypeos;
709 2335 801 2389 sed
829 2355 927 2406 ego
951 2337 1114 2391 MSS.
1138 2340 1369 2392 auctori-

348 2424 513 2467 tatem
538 2414 687 2482 sequi
709 2414 885 2467 malui.
909 2415 1087 2485 Atque
1116 2418 1272 2469 etiam
1296 2435 1368 2469 aes

348 2493 403 2545 in
439 2493 776 2564 splendorem
818 2494 1000 2547 datum
1039 2495 1158 2549 satis
1197 2497 1368 2565 potuit

346 2573 691 2641 spectantium
709 2572 885 2626 oculos
908 2573 1064 2626 ferire
1089 2584 1245 2641 atque
1270 2574 1366 2627 de-

347 2669 438 2704 cus
458 2651 649 2705 addere
666 2651 855 2704 Minoi.
876 2651 1059 2705 Codex
1077 2652 1272 2722 Regius
1292 2655 1356 2714 A,

345 2749 483 2782 aro.
511 2756 577 2768 —
600 2732 856 2790 Decebat,
893 2748 1017 2782 cum
1054 2729 1243 2784 decore
1274 2751 1366 2784 su-

346 2807 523 2860 mebat
541 2845 556 2872 ,
582 2817 671 2859 aut
684 2846 699 2873 ,
721 2806 932 2879 clypeus
952 2816 1191 2876 sumptus
1206 2808 1254 2860 ei
1271 2807 1366 2861 de-

345 2903 435 2937 cus
453 2883 695 2937 addebat.
721 2884 1000 2953 Euripides
1027 2885 1212 2937 Phoen.
1241 2906 1323 2954 ¹7¹
1347 2924 1362 2951 ‚

353 2969 411 3022 ὡς
427 2967 631 3017 ὅπλοισιν
654 2968 915 3038 χρυσέοισιν
936 2966 1369 3040 ‘heptade—Ad·-

349 3043 514 3094 ἐπειὴ
543 3044 749 3095 lacertis
785 3041 952 3111 pingit
989 3052 1164 3094 actum
1208 3044 1367 3109 jacu-

349 3119 517 3174 lantis.
564 3120 827 3189 Expressit
867 3130 1046 3173 autem
1085 3120 1332 3191 Virgilius
1349 3161 1364 3188 ‚

350 3198 561 3253 AEneid.
578 3200 657 3255 xl
674 3239 690 3266 ,
716 3201 804 3253 551
823 3239 839 3266 ‚
857 3203 1078 3253 adducto
1095 3210 1368 3255 contat-lm

349 3281 532 3332 hume
551 3283 741 3333 lacerto
767 3281 1011 3332 lusnn’tte't.
1048 3278 1193 3332 Infra
1207 3318 1221 3345 ,
1251 3281 1328 3333 lx
1348 3321 1363 3347 ‚

353 3361 412 3409 52
431 3396 448 3422 ,
468 3366 595 3410 sunt
609 3359 821 3408 brachia
838 3358 1075 3409 adducta.
1102 3356 1189 3410 Sic
1213 3367 1266 3410 et
1287 3377 1371 3411 m·-

350 3437 470 3488 daci
486 3434 724 3488 adbiberi
745 3473 760 3499 ,
794 3445 978 3487 monet
1012 3435 1368 3488 Burmannus.

350 3514 637 3564 -Leaetmn
658 3512 893 3566 solemne
918 3511 1179 3565 hastilium
1192 3551 1206 3577 ,
1224 3512 1367 3581 pilo-

354 3609 471 3641 rum
501 3628 519 3656 ,
568 3588 870 3661 thyrsorum
916 3588 1187 3658 epitheton
1228 3589 1366 3660 apud

352 3677 540 3734 poetas.
568 3693 635 3706 -
662 3669 859 3720 Juneta
889 3685 1000 3719 cum
1036 3670 1228 3720 w're’bus
1262 3678 1372 3721 arte

352 3764 480 3815 opus
505 3755 619 3799 erat
650 3746 704 3798 in
739 3744 999 3813 ejusmodi
1031 3747 1367 3801 exercitatio-

352 3825 530 3891 nibus,
558 3825 607 3877 X
624 3863 640 3890 ,
668 3825 775 3876 181.

412 3905 495 3957 ³0.
515 3906 757 3971 Imposito
773 3908 984 3971 patulos·
1003 3907 1218 3957 calamo.
1247 3902 1368 3956 Co-

352 3980 450 4034 dex
475 3981 521 4034 A
544 4021 561 4046 ,
603 3986 854 4048 impositae
884 3985 1103 4035 calam&
1129 3985 1369 4049 patulos,-

355 4056 536 4110 Codex
556 4058 602 4111 B
623 4098 639 4124 ,
668 4065 904 4126 thpose'to
938 4062 1139 4113 calano
1159 4062 1338 4124 patulo
1352 4099 1367 4123 ‚

351 4145 404 4188 et
423 4134 656 4189 secunda
680 4155 844 4190 manu
864 4135 1267 4208 superscribitur
1282 4141 1371 4189 in-

344 4218 532 4281 pose’tth
564 4219 793 4268 calante.
829 4215 1111 4284 Vulgatam
1136 4214 1373 4283 prefero.

1465 2182 1829 2236 incurvaverat
1850 2201 1863 2234 ι
1885 2182 2095 2248 confer,
2124 2180 2307 2235 Amor.
2333 2183 2360 2236 1
2380 2221 2396 2248 ,
2422 2199 2443 2235 1
2462 2221 2478 2248 ,

1464 2260 1527 2311 23
1541 2300 1556 2326 ‚
1597 2262 1903 2328 Lanam'tque
1931 2279 2062 2326 genu
2086 2263 2341 2313 saxosum
2349 2260 2481 2325 sor-

1460 2344 1578 2391 titer
1591 2358 1779 2392 arcum.
1797 2339 1897 2392 Ed.
1910 2340 2129 2393 -Staoe
2148 2339 2212 2392 de
2233 2350 2379 2409 gestu
2397 2340 2480 2393 vel

1462 2418 1813 2485 pugnantium
1827 2456 1841 2483 ,
1860 2426 1920 2469 ut
1941 2417 2043 2481 lx,
2060 2418 2124 2469 33
2137 2457 2149 2478 ‚
2175 2416 2256 2468 vel
2273 2418 2479 2486 sagittas

1462 2494 1788 2547 mittentium
1805 2533 1820 2560 ‚
1845 2504 1905 2546 ut
1925 2493 2025 2547 boe
2047 2492 2189 2558 loco,
2215 2492 2355 2547 etsie
2368 2502 2482 2547 sta-

1462 2583 1544 2625 tus
1566 2575 1772 2642 passim.

1528 2653 1610 2704 33.
1629 2654 1909 2718 Puqrutens
1929 2649 2133 2721 gravius
2149 2670 2309 2721 quam
2328 2691 2343 2718 ,
2359 2671 2478 2722 pur·

1461 2749 1626 2800 purea
1650 2740 1790 2783 veste
1821 2749 1835 2783 :
1880 2730 1994 2783 Art.
2021 2730 2214 2783 Amat.
2256 2733 2312 2797 1,
2351 2735 2478 2798 214,

1468 2811 1695 2875 Quattuor
1701 2813 1758 2861 in
1769 2811 1928 2862 πίναξι·
1946 2827 2126 2862 aureus
2139 2813 2240 2861 ibis
2257 2815 2481 2877 equis.—

1462 2887 1603 2939 Albo
1640 2903 1780 2955 equo
1807 2904 1861 2939 se
1893 2886 2080 2938 Minoa
2112 2887 2165 2938 in
2207 2885 2477 2941 obsidione

1462 2966 1605 3019 urbis
1629 2966 1862 3019 hostibus
1884 2965 2168 3019 notabilem
2200 2965 2399 3020 dedisse
2423 2978 2479 3020 et

1460 3045 1802 3115 conspicuum
1819 3085 1834 3112 ,
1868 3062 1980 3097 non
2003 3043 2170 3098 credit
2196 3045 2475 3098 Burman-

1461 3143 1594 3190 nus,
1636 3126 1727 3193 qui
1755 3143 1871 3177 eam
1897 3125 1965 3177 ob
1992 3143 2199 3178 causam
2228 3125 2479 3179 emendat

1460 3206 1570 3256 alti.
1584 3202 1798 3270 Ergone
1817 3206 1957 3255 altus
1977 3221 2142 3271 equus
2158 3221 2280 3255 eum
2301 3202 2476 3256 minus

1460 3279 1747 3332 notabilem
1776 3278 2074 3333 reddebat?
2113 3280 2224 3333 Nec
2259 3279 2477 3334 dubita-

1462 3366 1590 3409 runt
1615 3356 1697 3409 alii
1726 3356 1914 3422 duces,
1945 3356 2239 3410 Alexander
2257 3396 2272 3423 ,
2313 3359 2477 3410 Han-

1461 3433 1602 3486 nibal
1617 3471 1633 3498 ,
1657 3445 1711 3488 et
1726 3434 1885 3487 annis
1899 3444 1954 3486 et
1971 3434 2119 3501 equis
2138 3451 2193 3486 se
2211 3433 2476 3502 insignire.

1463 3513 1730 3567 Amabant
1765 3524 1943 3566 autem
1983 3511 2293 3581 plerumque
2332 3516 2479 3567 albos

1461 3609 1659 3660 equor,
1689 3601 1744 3643 et
1773 3590 1825 3642 in
1852 3589 2047 3641 alboin
2072 3588 2252 3657 primis
2276 3588 2478 3645 lucebat

1461 3686 1710 3738 purpura.
1720 3694 1787 3707 -
1797 3667 1979 3718 Stratis
1981 3669 2152 3732 paris.
2170 3665 2412 3722 Groevian
2418 3688 2478 3723 us

1462 3766 1559 3818 pro
1579 3747 1780 3800 diversa
1796 3745 2015 3799 lectione
2033 3746 2124 3800 dat
2133 3751 2480 3816 phaleraezrpzz-

1460 3830 1553 3888 trit,
1599 3822 1740 3894 quod
1782 3822 2044 3877 arridebat
2083 3824 2305 3878 Heinsio
2331 3862 2346 3889 ,
2387 3824 2477 3877 sed

1461 3914 1604 3957 recte
1630 3903 1867 3971 reficitur
1881 3923 1909 3956 a
1925 3905 2251 3958 Burmanno.
2279 3900 2481 3955 Confer

1462 3999 1583 4034 cum
1609 3978 1845 4033 hocloco
1872 3979 1981 4045 Vl,
2014 3999 2125 4030 222.
2148 4002 2218 4018 -·
2238 3978 2481 4044 Spuman-

1460 4061 1538 4110 tia
1556 4075 1648 4109 ora
1666 4055 1907 4124 generosi
1932 4054 2054 4123 equi
2075 4054 2482 4124 signum.—-Veis·

1463 4152 1573 4186 sua.
1601 4132 1738 4185 Vide
1762 4132 1834 4185 ad
1851 4132 1969 4199 111,
1999 4132 2192 4205 689.—
2210 4136 2359 4187 Feli:
2381 4144 2480 4188 etc.

1466 4213 1707 4268 Ridicula
1728 4252 1743 4279 ‚
1780 4212 2029 4267 solemnis
2063 4223 2244 4270 tamen
2275 4214 2480 4285 perdite

358 4291 846 4347 &emmanuet
856 4310 1034 4357 emm
1068 4291 1343 4348 lunaverat
1356 4330 1376 4361 ,
1466 4291 1759 4347 amantium
1780 4291 2090 4361 predicatio.
