3185 5138
738 571 868 639 362

1279 574 1357 637 P.
1413 572 1785 640 OVIDII
1843 572 2312 642 NASONIS

734 715 1041 799 Viveret,
1079 732 1196 787 aut
1226 732 1398 788 certe
1435 713 1642 789 letum
1677 715 1818 790 siue
1852 716 2123 793 crimine
2155 715 2431 792 haberet
2460 748 2477 790 :

735 830 956 926 Quem
990 828 1156 903 male
1189 829 1471 904 convicti
1506 830 1783 905 nimium
1817 860 2068 905 memor
2100 832 2225 906 iste
2259 832 2506 907 furoris

733 946 1019 1020 Prodere
1055 975 1191 1020 rem
1228 946 1524 1021 Danaam
1557 946 1751 1021 finxit
1780 978 1796 1036 ;

1834 948 2192 1051 fictumque
2224 950 2530 1051 probavit

735 1062 1042 1150 crimem
1076 1080 1144 1136 et
1175 1063 1508 1153 ostendit,
1546 1064 1729 1166 quod
1761 1065 1890 1163 jam
1920 1066 2340 1166 praefoderat,
2379 1096 2631 1142 aurum.
2795 1093 2865 1143 60

732 1183 914 1276 Ergo
949 1198 1065 1254 aut
1100 1179 1331 1254 exsilio
1365 1180 1536 1255 vires
1567 1180 1887 1255 subduxit
1919 1181 2191 1256 Achivis
2211 1240 2230 1271 ‚

731 1298 874 1370 Aut
907 1325 1063 1370 nece
1095 1326 1111 1369 ε
1145 1296 1237 1372 sic
1269 1316 1555 1397 pugnat,
1589 1298 1682 1371 sic
1716 1316 1816 1373 est
1849 1298 2242 1374 metuendus
2272 1299 2519 1373 Ulixes.

734 1413 874 1509 Qui
913 1413 1067 1488 licet
1101 1414 1368 1515 eloquio
1401 1413 1608 1489 fidum
1642 1445 1911 1517 quoque
1938 1419 2222 1490 Nestora
2256 1417 2505 1505 vincat,

735 1528 936 1602 Haud
974 1546 1189 1604 tamen
1226 1530 1495 1620 efficiet,
1535 1531 1863 1607 desertum
1897 1548 1975 1605 ut
1998 1535 2283 1607 Nestora
2314 1533 2558 1607 crimen

734 1647 899 1721 Esse
936 1675 1081 1719 rear
1111 1647 1411 1735 nullum3
1452 1649 1602 1749 qui,
1645 1677 1848 1750 quum
1884 1647 2268 1749 imploraret
2299 1649 2544 1723 Ulixen
2796 1672 2868 1724 65

733 1758 1026 1835 Vulnere
1063 1762 1285 1837 tardus
1319 1764 1512 1864 equi,
1549 1763 1895 1866 fessusque
1929 1765 2254 1840 senilibus
2286 1766 2512 1854 anniS,

732 1926 974 1980 ciendam
1000 1927 1354 1996 aptissimum3
1387 1938 1563 1982 tamen
1589 1929 1752 1997 magis

734 2003 891 2056 etiam
919 2003 1208 2073 lugendum
1244 2005 1579 2058 Palamedem
1605 2024 1753 2075 prae—

734 2080 869 2135 dicat
894 2082 1094 2154 Ulyssis
1119 2082 1283 2152 culpa.
1320 2083 1403 2137 De
1430 2084 1560 2136 tristi
1588 2083 1753 2138 Pala-

733 2154 900 2213 medis
916 2171 1054 2213 sorte
1071 2160 1190 2214 vide
1213 2162 1507 2233 Hyginum,
1522 2162 1622 2215 sab.
1645 2168 1752 2216 105.

733 2238 979 2307 Exposita
1004 2240 1108 2307 jam
1131 2250 1243 2293 erat
1265 2241 1318 2292 in
1348 2240 1601 2295 Carmine
1629 2240 1751 2313 Cy-

733 2318 849 2388 prio
869 2339 882 2379 ;
909 2327 962 2371 et
980 2318 1251 2387 attingitur
1268 2319 1425 2373 etiam
1442 2340 1470 2372 a
1491 2319 1713 2389 Virgilio
1733 2359 1748 2385 ,

735 2396 862 2448 AEn.
884 2397 935 2450 Π
952 2436 968 2463 ,
990 2398 1052 2449 82
1069 2416 1163 2466 sqq
1180 2437 1194 2462 ,
1222 2417 1544 2467 quamquam
1565 2398 1661 2451 alia
1679 2398 1751 2451 ibi

735 2473 842 2526 odii
864 2493 1013 2527 causa
1035 2487 1483 2529 commemoratur
1503 2496 1516 2529 τ
1535 2475 1627 2529 sed
1654 2496 1752 2530 nec

734 2550 891 2620 hujus
917 2552 992 2604 rei
1022 2553 1352 2607 mentionem
1381 2553 1504 2608 fecit
1531 2555 1751 2608 Home—

732 2650 852 2683 rus:
876 2631 1008 2685 adeo
1032 2633 1194 2686 multa
1219 2634 1373 2686 rebus
1389 2634 1637 2702 Troianis
1662 2633 1754 2686 ad-

1852 1930 2082 1999 Epistola
2107 1940 2311 1998 reperta
2330 1969 2344 1995 ,
2372 1948 2535 1999 quum
2556 1929 2864 1984 Palamedes

1848 2008 1913 2061 ad
1939 2010 2397 2077 Agamemnonem
2434 2007 2713 2076 perductus
2748 2028 2865 2061 rem

1847 2096 2096 2156 negaret,
2116 2084 2285 2138 Graeci
2301 2126 2315 2151 ,
2342 2097 2552 2138 auctore
2566 2086 2755 2158 Ulysse
2773 2127 2787 2152 ,
2805 2087 2865 2140 in

1847 2166 2077 2219 tentorio
2101 2166 2453 2234 quaesiverunt
2471 2203 2486 2229 ,
2515 2164 2868 2233 invenerunt-

1849 2264 1950 2314 que
1994 2262 2181 2296 aurum
2211 2283 2224 2307 ,
2266 2241 2407 2311 quod
2451 2241 2663 2313 Ulysses
2702 2253 2863 2295 noctu

1847 2324 1981 2377 clam
2004 2323 2074 2375 ibi
2100 2322 2359 2374 obruerat.

1912 2401 1993 2453 63.
2017 2402 2142 2466 Qui,
2169 2404 2292 2451 le'cet
2306 2403 2499 2466 eloquio
2519 2408 2615 2451 etc.
2640 2396 2863 2451 Transi-

1847 2488 1932 2532 tus
1949 2479 2086 2546 justo
2103 2496 2227 2547 argu
2236 2477 2335 2530 tior
2350 2478 2535 2546 :fidum
2548 2485 2722 2539 vocat,
2742 2476 2864 2544 quia

1848 2565 1997 2610 tanto
2024 2555 2191 2623 majus
2221 2553 2421 2607 crimen
2438 2594 2452 2619 ,
2470 2556 2638 2622 fidum
2664 2552 2864 2607 socium

1836 2633 2107 2687 deserere.
2133 2632 2354 2685 Lenzius
2375 2631 2648 2701 conjungit
2670 2634 2867 2699 eloquio

733 2708 982 2762 diderunt
1003 2712 1313 2778 posteriores
1329 2721 1497 2781 poetae
1515 2712 1755 2763 2—Male
1827 2715 1996 2783 fidum
2022 2751 2035 2772 ,
2075 2710 2126 2764 id
2153 2721 2264 2777 est,
2300 2710 2499 2763 fretum
2529 2708 2826 2777 eloquentia
2847 2747 2862 2774 ,

733 2791 971 2847 comit-ti,
998 2806 1190 2858 magno
1209 2808 1303 2841 suo
1328 2788 1507 2840 dolore
1525 2829 1539 2854 ,
1568 2790 1620 2840 in
1649 2788 1752 2840 da·-

735 2883 924 2916 mnum
944 2884 1098 2918 suum
1117 2867 1355 2919 convicti.
1375 2867 1555 2935 Itaque
1581 2866 1751 2919 mini-

735 2963 822 2996 me
849 2963 978 3014 opus
1001 2955 1077 2996 est
1106 2956 1164 2998 ut
1189 2964 1308 2998 cum
1337 2965 1412 3014 pr.
1441 2945 1676 2999 Gronov.
1699 2957 1752 3000 et

735 3021 902 3073 tribus
921 3021 1028 3074 aliis
1043 3022 1188 3075 MSS
1207 3023 1437 3091 legamus
1451 3063 1465 3087 ,
1485 3028 1616 3076 male
1629 3044 1752 3077 con·-

737 3104 942 3161 mktmn,
967 3095 1070 3153 scil.
1105 3100 1441 3155 Palamedem
1465 3141 1479 3168 ,
1516 3114 1606 3155 aut
1629 3122 1752 3156 cum

737 3177 1037 3248 Scheppero
1066 3177 1410 3232 emendemus
1428 3218 1443 3245 ,
1475 3185 1608 3232 male
1632 3201 1753 3234 con-

715 3259 868 3325 ficti,
896 3256 948 3309 id
964 3267 1039 3310 est
1054 3256 1243 3310 frustra
1258 3297 1272 3322 ,
1294 3267 1492 3311 temere
1505 3260 1716 3315 conficti
1734 3301 1749 3328 ,

735 3356 1054 3405 quamquam
1076 3336 1232 3389 etiam
1252 3338 1589 3391 Burmannus
1611 3339 1752 3393 illam

733 3416 1160 3471 emendationem
1185 3417 1381 3485 probat.
1406 3418 1473 3470 Et
1497 3423 1629 3470 male
1650 3419 1750 3484 ita,

737 3506 796 3548 ut
814 3494 913 3546 dixi
934 3533 946 3560 ,
977 3493 1216 3562 usurpari
1232 3493 1384 3546 docet
1399 3494 1667 3549 Drakenb.
1687 3494 1753 3549 ad

737 3570 925 3624 Silium
941 3612 954 3636 ,
975 3572 1133 3636 XIII,
1157 3576 1247 3634 50;
1267 3572 1336 3624 ita
1352 3572 1551 3626 Seneca
1566 3612 1580 3638 ,
1603 3573 1749 3626 Suas.

733 3654 818 3704 V:
847 3655 1002 3703 Errat
1024 3658 1162 3704 circa
1199 3657 1388 3706 damna
1413 3673 1508 3705 sua
1525 3694 1536 3712 ,
1571 3663 1627 3708 et
1648 3674 1753 3721 que

734 3736 866 3784 male
885 3739 1116 3796 experlus
1146 3742 1247 3793 est,
1283 3741 1402 3784 vola
1429 3735 1643 3800 deponit.
1673 3732 1752 3784 Ut

733 3809 1005 3879 sequentia
1056 3809 1413 3879 intelligantur
1445 3848 1460 3875 ,
1518 3810 1751 3862 notanda

731 3899 855 3941 sunt
879 3888 988 3941 haec
1025 3907 1036 3940 ε
1073 3889 1284 3959 Ulysses
1319 3888 1522 3960 captivo
1555 3889 1751 3959 Phrygi

733 3967 1004 4036 epistolam
1036 3966 1231 4022 Priami
1256 3968 1471 4019 nomine
1502 3966 1565 4019 ad
1594 3967 1751 4019 Pala-

734 4045 948 4097 medem
975 4044 1218 4113 scriptam
1245 4044 1420 4110 dedit,
1453 4031 1507 4095 iri
1535 4063 1637 4112 qua
1667 4042 1749 4097 ille

734 4121 857 4174 huic
874 4142 1119 4192 magnam
1134 4122 1239 4174 vim
1257 4123 1365 4174 auri
1389 4122 1749 4193 pollicebatur,

732 4201 773 4252 si
798 4220 859 4252 ex
879 4202 1171 4271 composito
1188 4213 1351 4255 castra
1372 4221 1534 4271 graeca
1558 4200 1750 4270 prode-

734 4286 832 4327 ret.
851 4277 1020 4331 Simul
1045 4278 1264 4331 militem
1280 4279 1418 4331 misit
1437 4318 1450 4343 ,
1477 4279 1564 4346 qui
1583 4277 1752 4349 Phry-

735 4373 858 4421 gem
878 4374 987 4408 non
1005 4355 1158 4425 longe
1178 4376 1206 4409 a
1219 4357 1394 4410 castris
1414 4356 1750 4410 interficeret.

1852 2791 2034 2856 mxl,
2062 2796 2153 2845 125
2167 2830 2181 2855 ,
2202 2790 2265 2843 de
2285 2791 2450 2843 Nesso
2466 2829 2479 2854 ,
2498 2791 2721 2857 opefidek
2734 2794 2861 2857 equi·

1848 2891 1930 2925 na.
1945 2869 2050 2923 Sed
2067 2870 2295 2940 primum
2318 2868 2528 2933 dubito,
2555 2870 2769 2938 aufidus
2791 2864 2865 2918 di·

1832 2958 1996 3000 catur
2027 2966 2123 3018 pro
2149 2986 2163 3012 ,
2186 2951 2397 3017 fidens‚·
2443 2945 2633 2999 deinde
2674 2946 2864 3000 Nestor

1847 3024 1977 3078 nihil
2001 3025 2314 3078 moliebatur
2335 3023 2633 3094 eloquentia
2649 3042 2739 3076 sua
2756 3021 2866 3074 sre-

1850 3114 1948 3156 tus.
1973 3103 2215 3172 Denique
2239 3104 2409 3172 major
2425 3104 2556 3155 inest
2580 3103 2651 3155 vis
2666 3142 2680 3167 ,
2697 3102 2738 3155 si
2754 3105 2864 3157 elo-

1849 3186 1964 3250 quio
1986 3201 2106 3235 cum
2141 3187 2319 3234 vinca!
2345 3182 2741 3250 conjungamus.
2776 3179 2859 3232 De

1850 3260 2051 3333 Ulyssis
2074 3259 2313 3313 facundia
2336 3258 2453 3311 vide
2482 3259 2705 3314 Homer.
2723 3257 2781 3311 n.
2800 3268 2858 3324 Γ,

1851 3360 1962 3393 222.
1995 3340 2101 3393 Pro
2117 3341 2282 3409 fidum
2308 3355 2520 3406 quoque,
2554 3336 2859 3390 Basileensis

1829 3422 1997 3488 fidum
2013 3422 2120 3471 sibi
2130 3458 2143 3479 ‚
2172 3416 2310 3487 quod
2332 3415 2857 3469 efficacius.—Deser-

1848 3507 1952 3550 tum
1982 3505 2041 3549 ul
2075 3499 2322 3557 Nestora‚·
2350 3504 2553 3563 septem
2587 3492 2702 3545 libri
2748 3510 2857 3544 non

1851 3575 2045 3628 habent
2089 3585 2185 3638 ut,·
2227 3571 2345 3624 vide
2382 3573 2752 3624 Burmannum
2794 3567 2857 3621 ad

1854 3652 2169 3721 Quintilian.
2202 3650 2328 3704 decl.
2358 3650 2437 3703 xl
2457 3690 2471 3714 ,
2505 3671 2548 3716 7.
2576 3677 2643 3688 —
2672 3649 2864 3716 Quum

1850 3731 2020 3784 Graeci
2042 3730 2259 3782 fulmine
2275 3729 2422 3781 Jovis
2439 3728 2753 3781 consternati
2774 3725 2865 3779 su-

1851 3820 2059 3880 gerent,
2087 3809 2278 3861 Nestor
2301 3807 2508 3860 relictus
2527 3817 2604 3858 est
2618 3804 2860 3859 tarditate

1850 3889 1970 3956 equi
1992 3927 2006 3953 ,
2038 3887 2236 3941 Paridis
2258 3884 2401 3939 hasta
2429 3884 2481 3937 in
2508 3902 2717 3937 summo
2740 3902 2861 3935 ver-

1849 3966 1947 4018 tice
1992 3963 2263 4022 vulnerati.
2311 3964 2540 4014 Hectore
2584 3961 2746 4030 igitur
2783 3960 2861 4011 ir-

1850 4055 2035 4097 ruente
2054 4084 2068 4110 ,
2090 4042 2373 4096 Diomedes
2391 4042 2441 4093 in
2458 4041 2598 4094 senis
2612 4039 2856 4093 auxilium

1849 4122 2144 4192 imploravit
2175 4122 2420 4194 Ulyssem
2443 4160 2457 4186 ,
2507 4120 2597 4173 sed
2628 4121 2815 4173 frustra
2840 4139 2856 4182 ς

1849 4212 1904 4254 et
1926 4202 1981 4254 ni
2009 4200 2293 4254 Diomedes
2320 4199 2425 4269 ipse
2450 4198 2638 4251 auxilio
2665 4216 2857 4251 occur-

1849 4279 2028 4344 risset,
2054 4279 2191 4331 haud
2227 4279 2381 4332 dubie
2414 4276 2693 4330 interiisset
2724 4275 2860 4328 Nes-

1851 4368 1936 4409 tor
1950 4377 1965 4424 ;
1994 4356 2204 4428 Ulysses
2228 4357 2403 4427 sugam
2428 4356 2535 4424 jam
2559 4361 2859 4424 paraverat;
