3185 5138
659 538 1729 610 METAMORPHOSEON
1784 543 1989 612 LIB.
2045 546 2183 614 IX.

2412 575 2502 643 97

352 715 391 748 »
430 680 705 755 Busirin
738 680 965 755 domui
995 713 1012 756 ε
1046 711 1352 785 saevoque
1390 683 1702 759 alimenta
1737 685 2033 787 parentis

353 832 391 865 n
431 800 673 873 Antaeo
703 798 921 899 eripui
952 829 969 871 ε
1002 827 1122 873 nec
1157 829 1259 874 me
1295 802 1588 902 pastoris
1628 803 1809 876 Iberi

355 951 393 983 »
433 915 681 990 Forma'
693 914 966 1016 triplex,
995 945 1116 990 nec
1137 917 1346 993 forma
1374 917 1617 1019 triplex
1637 936 1771 1007 tua,
1799 918 2115 1005 Cerbere‚
2137 922 2387 998 movit:
2415 948 2507 1000 185

354 1069 394 1101 »
435 1036 662 1107 Vosne
696 1061 934 1107 manus
972 1032 1173 1108 validi
1209 1034 1547 1136 pressistis
1583 1062 1833 1107 cornua
1863 1036 2087 1108 tauri?

357 1184 394 1216 »
435 1151 753 1224 Vestrum
784 1178 960 1252 opus
988 1149 1133 1223 Elis
1159 1150 1400 1237 habet;
1436 1167 1727 1224 vestrum
1752 1151 2245 1253 Stymphalides
2268 1156 2459 1232 undae
2486 1214 2506 1245 ,

356 1301 394 1335 ν»
435 1268 1009 1369 Partheniumque
1036 1296 1271 1341 nemus
1302 1298 1317 1340 :
1350 1285 1571 1341 vestra
1597 1268 1840 1357 'virtute
1874 1267 2121 1344 relatus

357 1418 396 1452 n
434 1383 1049 1458 Thermodontiaco
1085 1383 1350 1459 caelatus
1383 1382 1696 1458 baltheus
1734 1412 1937 1471 auro;

358 1534 397 1566 »
438 1501 778 1601 Pomaque
812 1500 894 1573 ab
924 1500 1217 1574 insomni
1249 1498 1418 1573 male
1454 1499 1793 1574 custodita
1829 1500 2114 1577 dracone
2145 1532 2161 1575 ε

353 1707 459 1760 div.
485 1707 512 1760 1
528 1746 543 1773 ,
570 1706 630 1772 8,
655 1725 977 1776 magnopere
994 1706 1101 1760 istis
1117 1705 1381 1758 laboribus

353 1787 509 1838 favet.
533 1784 640 1839 sed
677 1785 923 1838 Herculis
948 1785 1109 1854 gloria
1137 1804 1199 1837 ex
1229 1783 1380 1837 anti-

355 1865 732 1935 quissimorum
776 1866 1089 1918 Graecorum
1131 1883 1287 1918 sensu
1330 1873 1385 1918 et

352 1944 591 1998 moribus
614 1944 919 1998 aestimanda
942 1955 1019 1997 est
1038 1984 1052 2009 ,
1085 1943 1222 2013 apud
1253 1962 1383 2014 quos

353 2021 612 2081 fortitudo
635 2022 821 2076 bellica
844 2040 1049 2075 summa
1074 2031 1127 2074 et
1149 2040 1254 2073 una
1276 2021 1386 2073 vir-

355 2111 441 2154 tus
468 2100 775 2154 habebatur.
800 2130 867 2141 —
890 2103 1028 2168 Ergo
1062 2100 1386 2169 indignantis

355 2190 435 2232 est
458 2180 528 2232 ob
551 2179 755 2232 labores
776 2179 967 2231 frustra
990 2189 1269 2247 susceptos.
1295 2178 1384 2233 Sic

351 2258 635 2312 commode
664 2278 863 2332 eorum
905 2258 965 2311 fit
1005 2259 1209 2311 mentio
1237 2297 1252 2323 ‚
1290 2256 1382 2310 sed

265 2343 270 2354 ’
354 2337 604 2403 breviter,
624 2346 682 2389 ut
700 2356 795 2407 par
809 2347 920 2390 erat
936 2376 951 2403 ,
971 2347 1025 2389 et
1044 2337 1216 2389 verbis
1231 2337 1385 2405 signi·

357 2414 727 2480 ficantissimis,
743 2416 932 2484 quibus
947 2413 1259 2484 magnitudo
1278 2433 1384 2467 me·

355 2495 582 2548 ritorum
595 2506 648 2548 et
660 2493 986 2547 fortitudinis
998 2493 1243 2546 Herculis
1257 2511 1386 2561 prae·

355 2576 493 2629 clare
512 2574 821 2628 declaratur.
840 2574 918 2627 Ex
935 2592 1001 2626 eo
1019 2591 1214 2641 genere
1227 2582 1351 2625 sunt
1366 2612 1381 2639 ,

339 2654 561 2723 sedans
579 2656 768 2721 templa
780 2695 793 2715 ‚
818 2672 979 2706 sevus
994 2653 1212 2705 Antaeus
1231 2692 1245 2718 ,
1274 2651 1384 2723 hy-

357 2730 452 2784 dra
465 2737 694 2799 geminas
709 2736 841 2784 vires
856 2749 1106 2783 resumens
1120 2771 1133 2791 ‚
1158 2729 1280 2799 equi
1297 2732 1385 2781 hu·

356 2832 505 2865 mano
515 2817 991 2881 sangue'nepingues‚
1003 2820 1264 2863 wstatora
1270 2830 1332 2879 pe
1338 2830 1383 2877 r,

356 2894 513 2945 moles
536 2891 701 2944 leonis
720 2901 816 2944 etc.
846 2888 1066 2943 Confer.
1098 2888 1386 2959 Sophocles

359 2970 553 3024 Trach.
577 2990 709 3023 vers.
739 2971 866 3035 1054
885 2988 995 3037 sqq.
1014 3008 1029 3036 ,
1056 2987 1172 3037 quae
1191 2968 1388 3020 Noster

355 3047 952 3117 expressit—Peregrina
966 3065 1150 3103 cruore,
1167 3044 1386 3113 sangui-

358 3146 427 3180 ne
452 3126 716 3194 hospitum
733 3164 748 3190 ,
774 3142 903 3193 quos
927 3124 1041 3177 Diis
1061 3124 1166 3177 suis
1188 3124 1386 3176 immo-

359 3204 498 3257 labat
517 3202 717 3257 Busiris
734 3242 749 3269 ,
769 3222 858 3255 rex
870 3201 1377 3275 AEgypti.—Domue‘,

357 3285 532 3354 ipsum
563 3295 618 3337 et
649 3284 916 3337 ministros
945 3302 1215 3336 sacrorum
1244 3283 1387 3335 clava

357 3363 616 3416 interfeci.
637 3389 704 3402 —-
726 3362 963 3414 Antae'mn
986 3361 1242 3432 Libycum
1273 3378 1385 3412 non

359 3442 556 3495 usitato
576 3440 888 3494 luctantium
907 3459 1054 3493 more
1071 3438 1262 3493 devicit
1284 3480 1299 3506 ,
1326 3448 1389 3492 ut

358 3538 487 3574 eum
522 3518 588 3571 ad
630 3530 829 3571 terram
863 3518 1013 3571 daret
1040 3558 1054 3584 ‚
1095 3518 1120 3588 (
1155 3537 1387 3585 namque

358 3616 528 3668 quum
540 3598 787 3662 Terram,
802 3615 919 3665 quae
934 3607 1045 3649 erat
1057 3597 1171 3663 eins
1180 3613 1384 3661 parens,

359 3675 678 3745 attingeret,
703 3679 948 3733 alimenta
977 3673 1101 3726 inde
1138 3682 1193 3726 et
1227 3690 1389 3723 novas

359 3754 497 3806 vires
520 3753 801 3822 accipiebat
827 3752 848 3816 )
887 3750 977 3804 sed
1016 3749 1228 3802 brachio
1263 3765 1388 3800 eum

357 3832 568 3886 sustulit
584 3871 599 3898 ,
626 3850 896 3899 manuque
921 3830 1095 3883 sauces
1114 3828 1227 3895 ejus
1248 3845 1388 3879 com-

358 3912 548 3980 pressit
569 3951 584 3978 ,
610 3922 670 3963 ut
685 3911 832 3963 intel.
850 3931 878 3962 e
895 3927 1121 3961 nummo
1137 3907 1356 3975 antiquo
1372 3945 1387 3972 ,

357 4008 523 4059 quem
546 3978 755 4043 e‘xhibet
771 3987 1074 4041 Gronovius
1091 3987 1143 4038 in
1161 3983 1389 4038 Diatrib.

358 4069 586 4124 Statian.
608 4089 716 4139 cap.
738 4070 909 4123 XXV.
925 4072 1231 4120 —Pastorss
1259 4067 1398 4117 Iberi

342 4148 522 4217 forma
553 4153 736 4216 triplex
756 4190 769 4209 ‚
808 4148 1027 4219 Geryon
1058 4187 1072 4212 ,
1107 4149 1392 4220 τρισώματος

360 4236 522 4302 βωτὴρ
550 4216 765 4302 ἐρυθείκς
791 4227 976 4296 Eurip.
1013 4223 1230 4279 Hercul.
1265 4223 1390 4275 Fur.

359 4307 489 4372 423;
525 4308 815 4372 Prepa-ctam
833 4309 1096 4373 tergemini
1104 4309 1184 4357 vis
1204 4305 1253 4355 G
1257 4321 1390 4371 erso-

550 4421 695 4494 IV.

2417 1540 2511 1598 190

1484 1708 1591 1765 nai,
1623 1703 1926 1771 Lucretius,
1955 1704 2025 1772 V,
2050 1706 2131 1759 28.
2152 1707 2357 1778 Nempe
2377 1710 2516 1764 insu·

1480 1781 1586 1835 lam
1617 1782 1910 1854 Erytheam
1938 1784 2129 1851 (hodie
2159 1789 2364 1852 Cadix)
2382 1828 2396 1854 ,
2428 1809 2516 1858 pa-

1480 1861 1594 1914 buli
1637 1862 1813 1915 laetitia
1849 1863 2112 1932 insignem
2136 1905 2150 1931 ‚
2189 1875 2295 1920 tres
2329 1868 2514 1923 fratres

1481 1943 1769 1998 concordes
1795 1944 2030 1998 habuisse
2056 1946 2306 2002 videntur
2323 1990 2337 2016 ,
2368 1970 2516 2019 quo-

1484 2041 1609 2073 rum
1645 2034 1888 2075 armenta
1912 2042 2135 2077 summe
2165 2027 2319 2079 samae
2347 2029 2516 2092 suere.

1485 2100 1623 2155 Vide
1646 2102 1951 2168 Justinum,
1978 2103 2179 2170 XMV,
2207 2107 2272 2172 4,
2312 2108 2401 2175 qui
2426 2110 2515 2161 sa·-

1482 2179 1660 2231 bulam
1685 2180 1806 2233 satis
1829 2181 2170 2249 probabiliter
2194 2183 2515 2254 interpreta-

1486 2266 1587 2310 tur.
1622 2258 1776 2312 Adde
1814 2259 2172 2328 Palaephatum
2192 2301 2206 2329 ,
2234 2283 2344 2334 cap.
2371 2273 2434 2320 25
2462 2276 2520 2319 et

1483 2339 1836 2403 iim—Movit,
1869 2338 2141 2392 deterruit.

1553 2434 1571 2465 1
1582 2414 1661 2468 86.
1676 2417 1946 2466 Ρνεπιῖηιίι·
1962 2435 2169 2477 cornua,
2188 2436 2337 2471 more
2356 2418 2404 2466 V
2408 2430 2513 2473 ete·

1480 2509 1604 2543 rum
1620 2531 1634 2555 ‚
1658 2492 1748 2560 qui
1768 2501 2041 2545 taurorum
2058 2533 2073 2558 ,
2098 2514 2228 2563 quos
2248 2496 2511 2550 debellare

1481 2569 1725 2624 volebant
1745 2610 1760 2636 ‚
1791 2590 1991 2625 cornua
2018 2572 2083 2625 ad
2111 2584 2305 2627 terram
2338 2575 2513 2639 dedu-

1481 2650 1686 2702 cebant.
1704 2648 1841 2701 Vide
1852 2669 2009 2719 supra
2034 2670 2163 2705 vers.
2181 2654 2257 2720 84.
2272 2654 2359 2709 Sic
2381 2676 2508 2725 ergo

1480 2735 1536 2778 et
1568 2726 1826 2779 Hercules
1861 2732 2088 2781 validum
2128 2730 2274 2784 illum
2311 2742 2512 2787 taurum

1481 2802 1619 2871 apud
1645 2803 1929 2859 Cretenses
1952 2806 2105 2873 vicit,
2133 2810 2417 2880 vivumque
2442 2814 2510 2865 ad

1484 2880 1782 2955 Eurysthea
1803 2884 2059 2952 perduxit.
2082 2914 2150 2927 —-
2181 2891 2339 2943 Tauri
2359 2892 2509 2961 igni-

1480 2962 1653 3028 vomi,
1671 2982 1831 3031 quem
1852 2963 2014 3018 iratus
2034 2966 2209 3019 Minoi
2230 2968 2509 3039 Neptunus

1480 3039 1536 3108 in
1556 3038 1776 3093 Cretam
1802 3041 2031 3096 immisit.
2052 3047 2152 3096 Ed.

1541 3139 1560 3170 1
1570 3121 1650 3188 87.
1672 3122 1899 3172 Vestrum
1911 3140 2036 3188 opus
2046 3125 2166 3175 Ele&
2173 3126 2328 3177 habet
2337 3142 2355 3189 ,·
2370 3145 2510 3179 unus

1484 3196 1770 3249 Vossianus
1788 3236 1803 3264 ,
1832 3200 1949 3251 Elis
1971 3211 2079 3263 411,-
2111 3200 2232 3255 hinc
2257 3201 2510 3257 Heinsius

1480 3274 1817 3327 scribendum
1846 3287 2027 3330 censet
2054 3270 2270 3331 wstmm
2291 3291 2371 3332 est
2390 3285 2512 3333 Elis·

1481 3374 1623 3422 opus,
1642 3355 1724 3408 vel
1741 3366 1957 3409 nestrum
1971 3376 2095 3425 opus
2109 3360 2226 3410 Elis
2239 3368 2379 3421 eran
2403 3379 2509 3412 ma·

1482 3432 1528 3485 le
1547 3472 1562 3497 ,
1587 3452 1697 3485 non
1719 3434 1864 3486 enim
1884 3438 2002 3486 Elis
2021 3435 2231 3488 condita
2254 3447 2366 3489 erat
2390 3457 2510 3491 ma-

1482 3511 1638 3564 nibus
1664 3512 2166 3582 Herculis.·-Regii
2188 3516 2352 3567 nostri
2378 3518 2511 3572 nihil

1482 3599 1709 3642 mutant.
1739 3593 1967 3643 Vestrum
1991 3610 2114 3657 opus
2138 3595 2257 3644 Elaezr
2278 3615 2295 3660 ,-
2328 3595 2511 3667 Augias

1482 3667 1620 3737 regis
1650 3667 1829 3719 Elidos
1852 3668 2114 3721 stabulum
2142 3686 2506 3743 expurgatum.

1481 3774 1548 3786 -
1562 3748 1627 3801 ln
1639 3749 1911 3799 Parthenio
1923 3787 1935 3806 ,
1962 3746 2218 3802 Arcadico
2238 3790 2252 3816 ‚
2279 3773 2474 3806 nemore
2492 3794 2511 3818 ,

1482 3842 1693 3877 cervam
1725 3823 2006 3892 aeripedem
2037 3824 2225 3878 Dianae
2250 3830 2509 3897 attigerat.

1483 3905 1811 3956 -Baltlaeus
1833 3902 1914 3954 ille
1936 3941 1951 3967 ‚
1979 3922 2137 3971 quem
2162 3903 2387 3960 habebat
2410 3928 2509 3960 re·-

1484 3984 1604 4052 gina
1625 3984 1958 4034 Amazonum
1974 4020 1988 4047 ‚
2010 3980 2075 4032 ad
2099 3984 2505 4039 Thermodontem

1487 4061 1833 4131 Cappadociae
1852 4061 2101 4127 fluvium,
2126 4060 2474 4119 habitantium
2490 4107 2506 4136 ‚

1481 4139 1780 4212 symbolum
1798 4148 1911 4190 erat
1927 4138 2355 4208 imperii-Justin.
2373 4144 2447 4211 11,
2462 4149 2508 4212 4.

1557 4238 1664 4291 ¹9⁰·
1698 4221 1858 4270 Poma
1886 4222 2141 4272 custodita
2163 4224 2231 4271 ab
2257 4228 2474 4276 drocone
2486 4243 2506 4290 ,⁰

1485 4298 1548 4352 de
1580 4299 1749 4367 pomis
1777 4298 2134 4367 Hesperidum
2160 4300 2277 4354 vide
2311 4303 2373 4355 ad
2404 4305 2502 4369 ll,

2182 4446 2218 4509 7
