3185 5138
697 513 828 577 502

1266 512 1349 576 P.
1407 511 1754 580 OVIDII
1810 511 2258 583 NASONIS

695 651 788 721 Et
820 646 987 722 male
1017 648 1254 723 morati
1288 651 1538 752 poteris
1569 651 1813 750 jejunia
1846 653 2152 728 ventris?
2795 686 2881 752 95

696 768 794 838 At
824 783 1013 842 vetus
1043 766 1153 840 illa
1190 785 1381 856 aetas,
1414 769 1520 843 cui
1548 768 1824 844 fecimus
1855 774 2078 844 Aurea
2111 799 2391 858 nomen,

694 883 994 960 Foetibus
1024 887 1322 961 arboreis
1342 943 1360 974 ‚
1402 904 1468 962 et
1491 942 1511 975 ‚
1551 917 1715 989 quas
1747 889 1993 963 humus
2023 890 2296 977 educat,
2332 889 2558 965 herbis

694 1001 1059 1076 Fortunata
1087 1002 1247 1090 suit,
1278 1031 1398 1077 nec
1432 1001 1673 1106 polluit
1707 1033 1823 1078 ora
1860 1033 2111 1079 cruore.

697 1114 890 1187 Tunc
928 1133 994 1190 et
1025 1144 1174 1191 aves
1211 1134 1385 1192 tutas
1422 1146 1684 1192 movere
1718 1146 1840 1217 per
1873 1147 2020 1193 aera
2051 1147 2343 1220 pennas,

699 1228 792 1302 Et
818 1227 1008 1333 lepus
1041 1230 1409 1331 impavidus
1442 1231 1675 1305 mediis
1710 1232 1950 1306 erravit
1983 1232 2050 1306 in
2087 1233 2305 1328 agris3

2754 1273 2858 1307 100

701 1348 840 1420 Nec
869 1375 987 1421 sua
1016 1348 1371 1423 credulitas
1407 1349 1656 1449 piscem
1692 1350 2125 1452 suspenderat
2148 1352 2346 1424 hamo
2375 1381 2394 1424 ε

705 1465 961 1538 Cuncta
998 1467 1137 1540 sine
1172 1466 1467 1555 insidiis,
1502 1465 1886 1568 nullamque
1926 1467 2221 1541 timentia
2251 1467 2545 1541 fraudem
2566 1524 2587 1553 ‚

704 1577 1041 1680 Plenaque
1073 1582 1256 1681 pacis
1290 1600 1480 1656 erant
1507 1612 1523 1655 ε
1553 1599 1909 1683 postquam
1945 1610 2084 1655 non
2118 1580 2304 1655 utilis
2337 1599 2566 1656 auctor

703 1693 1014 1769 Victibus
1047 1696 1285 1771 invidit
1318 1698 1670 1800 (quisquis
1699 1698 1827 1773 suit
1852 1697 2013 1793 ille)
2042 1699 2334 1773 virorum
2357 1755 2378 1786 ,

711 1811 1211 1914 Corporeasque
1247 1814 1449 1915 dapes
1476 1815 1737 1889 avidam
1768 1815 2078 1890 demersit
2112 1816 2180 1888 in
2216 1815 2471 1903 alvum3
2749 1839 2844 1887 105

707 2014 1105 2065 -Malimooes
1136 2009 1334 2062 ventris
1358 2019 1481 2063 sunt
1516 2008 1728 2063 voraci-

706 2101 799 2145 tas.
810 2091 1019 2144 Persius
1036 2129 1052 2155 ,
1077 2089 1134 2141 in
1162 2089 1294 2158 prol.
1318 2101 1468 2143 vocat
1486 2099 1727 2142 ventrem

705 2176 947 2244 adficem
983 2173 1113 2222 mali
1128 2210 1143 2229 ,
1184 2179 1243 2220 ut
1286 2179 1462 2245 γαστὴρ
1498 2175 1730 2246 κακοεργός

712 2254 935 2308 Homer.
960 2250 1068 2304 Od.
1086 2262 1126 2305 Ε
1142 2289 1161 2315 ,
1185 2254 1262 2316 54.
1283 2251 1383 2301 Ed.

774 2332 858 2404 96.
882 2333 961 2384 A!
981 2339 1122 2384 utus
1151 2333 1247 2382 illa
1276 2335 1403 2381 elas
1437 2338 1534 2381 etc.
1561 2326 1728 2380 Aurei

709 2408 879 2462 saculi
910 2405 1210 2460 innocentia
1246 2404 1534 2478 abstinebat
1558 2404 1622 2456 ab
1650 2402 1730 2455 bis

707 2487 1180 2541 victibus.—Aurea
1201 2503 1376 2537 nomen
1392 2524 1406 2540 .
1435 2493 1492 2535 ut
1512 2483 1534 2535 1
1555 2521 1570 2548 ‚
1604 2481 1726 2546 168,

709 2569 903 2621 lactea
924 2585 1100 2619 nomen
1114 2566 1299 2629 haben·
1324 2561 1440 2615 vide
1461 2561 1730 2614 Burman-

709 2664 842 2699 num
873 2643 938 2697 ad
960 2643 1008 2693 V
1033 2644 1169 2697 Fast.
1196 2644 1306 2714 595.
1328 2670 1394 2682 --
1420 2640 1504 2694 De
1514 2641 1732 2709 fetibus

710 2731 931 2779 arboreis
958 2720 1109 2790 adl,
1148 2724 1256 2787 104.
1294 2722 1365 2776 H.
1402 2721 1437 2774 l.
1468 2721 1625 2774 foetus
1662 2719 1733 2773 illi

710 2803 903 2859 merito
913 2806 1375 2855 arboree‘vocantur
1390 2819 1500 2852 non
1513 2804 1722 2862 arbutei,
1751 2848 1756 2855 Α

711 2882 832 2949 quia
854 2877 1297 2933 commendantur
1326 2898 1355 2930 a
1382 2877 1731 2930 suavitate.—

712 2960 988 3009 Forlunata
1016 2955 1219 3025 gravius
1236 2994 1252 3020 ,
1282 2973 1442 3023 quam
1465 2963 1732 3008 contenta.

710 3034 928 3087 -Tunc
939 3040 1226 3085 elucente.
1248 3050 1276 3082 e
1298 3031 1444 3098 Vix-g.
1460 3031 1654 3101 Geor-g.
1672 3033 1697 3084 1
1714 3069 1730 3096 ,

716 3114 812 3186 ¹39
831 3131 941 3181 sqq.
973 3112 1133 3164 Tutus
1152 3150 1167 3171 ‚
1206 3108 1348 3178 quod
1383 3109 1594 3178 plurimi
1626 3110 1736 3163 ha·-

710 3194 860 3257 bem,
876 3201 937 3244 ut
952 3190 1117 3258 magis
1130 3188 1394 3257 poeticum
1409 3188 1733 3257 praetulimus

712 3279 778 3342 τῷ
800 3279 932 3323 tute.
958 3265 1197 3321 Praetulit
1220 3277 1272 3320 et
1293 3266 1733 3320 Mitscherlicb.-

714 3346 968 3401 Heinsius
978 3355 1152 3398 autem
1168 3344 1360 3398 rectius
1377 3343 1638 3411 judicabat
1649 3355 1733 3398 tu-

710 3436 802 3488 te,
827 3422 968 3494 quod
991 3422 1188 3477 babent
1214 3421 1370 3475 ambo
1397 3422 1562 3476 nostri
1578 3422 1733 3491 Regii

713 3504 947 3566 codices;
974 3502 1115 3556 idem
1139 3498 1356 3557 dederat
1377 3503 1733 3557 Burmannus.

719 3583 861 3635 Tute
885 3592 1037 3634 erant
1054 3621 1070 3647 ,
1095 3580 1149 3633 id
1166 3589 1274 3646 est,
1298 3599 1494 3634 securae
1519 3580 1732 3633 volave-

714 3671 843 3713 runt
860 3699 875 3723 ‚
902 3659 1021 3728 quia
1045 3659 1142 3711 illis
1169 3659 1299 3712 retia
1323 3669 1449 3713 tunc
1474 3678 1584 3711 non
1613 3669 1734 3712 ten-

714 3739 992 3797 debantur.
1020 3739 1120 3791 Ed.
1143 3763 1210 3777 ·-—
1231 3738 1359 3790 Mox
1393 3737 1608 3806 quidam
1625 3777 1641 3804 ,
1674 3748 1733 3792 ut

716 3815 1032 3870 oxoniensis
1052 3814 1246 3868 habent
1267 3819 1556 3882 ehtrepidus.

773 3916 795 3951 1
802 3896 882 3948 03.
895 3898 1167 3964 Postquam
1179 3913 1280 3946 non
1291 3897 1433 3955 utile&
1447 3902 1627 3947 auctor
1635 3913 1663 3947 e
1670 3904 1733 3948 te.

713 3974 1084 4046 Indignissima
1112 3972 1438 4026 consuetudo
1464 3973 1634 4026 serius
1655 3973 1732 4024 ir-

709 4053 871 4122 repsit
885 4092 900 4120 ,
918 4072 1027 4107 non
1040 4061 1243 4107 constat
1256 4069 1360 4121 quo
1375 4061 1607 4107 auctore.
1616 4053 1733 4105 Non

708 4137 850 4185 utilis
874 4154 968 4203 per
984 4138 1226 4199 λιτότητα,
1251 4132 1730 4203 perniciosissimus»
1769 4174 1774 4181 .

709 4235 777 4249 —
803 4212 1030 4263 Victibus
1061 4214 1264 4272 iapida,
1311 4210 1366 4263 in
1398 4220 1733 4265 contemtum
1773 4250 1778 4257 .

712 4307 803 4342 eos
827 4286 1029 4357 redegit
1044 4327 1061 4356 ,
1087 4290 1207 4359 quia
1221 4290 1310 4359 qui
1331 4289 1571 4345 invident
1590 4290 1697 4345 aliis
1712 4327 1733 4358 7

1826 2010 2098 2065 detrahere
2120 2010 2184 2064 de
2207 2011 2266 2064 iis
2286 2010 2472 2065 solent.
2492 2010 2629 2064 Vide
2653 2030 2752 2065 nos
2771 2011 2836 2064 ad

1809 2087 2057 2141 ,Plinium
2077 2127 2091 2154 ,
2120 2088 2204 2153 11,
2232 2088 2329 2157 Ep.
2355 2108 2385 2139 x
2405 2129 2421 2155 ,
2441 2110 2485 2143 a.
2507 2087 2611 2142 Sed
2630 2090 2699 2142 ita
2715 2089 2836 2141 addi

1825 2166 2076 2233 debebat,
2117 2167 2303 2236 quibus
2330 2168 2547 2222 victibus
2575 2168 2838 2222 inviderit.

1826 2243 2059 2313 Apparet
2071 2244 2230 2315 igitur
2242 2245 2574 2314 parenthesin
2593 2244 2841 2299 clauden-

1826 2321 1947 2374 dam
1972 2342 2081 2376 esse
2114 2333 2224 2394 post
2252 2327 2339 2377 ille
2364 2344 2380 2376 .·
2411 2324 2551 2393 quod
2581 2343 2678 2377 nos
2704 2323 2837 2376 adeo

1824 2393 2044 2454 fecimus
2060 2439 2076 2464 .
2106 2420 2269 2471 quum
2292 2402 2464 2455 caeteri
2492 2414 2606 2470 post
2625 2408 2838 2455 w‘ronn

1825 2477 2082 2531 claudant.
2107 2479 2328 2532 laenzius
2346 2479 2684 2548 subintelligit
2700 2519 2715 2546 ,
2745 2484 2840 2531 1⁸ae-

1827 2560 1954 2609 re'dil
1965 2577 2120 2610 suum
2139 2556 2482 2610 lionorem.—
2492 2560 2716 2611 Virorum
2728 2566 2807 2609 est
2822 2594 2837 2621 ‚

1827 2635 2104 2690 hominum
2118 2677 2134 2704 ,
2155 2649 2212 2691 ut
2233 2658 2382 2708 saepe.
2400 2637 2650 2691 Heinsius
2667 2647 2840 2689 tamen

1824 2716 2034 2783 suadet,
2053 2723 2301 2784 priorum.
2333 2717 2386 2769 id
2411 2726 2491 2771 est
2507 2718 2843 2785 antiquorum

1827 2792 2106 2848 hominum
2126 2835 2142 2861 ,
2173 2805 2231 2849 ut
2255 2794 2393 2848 infra
2416 2815 2490 2849 vs.
2515 2795 2611 2847 333
2627 2834 2643 2860 ,
2675 2795 2755 2848 111
2782 2812 2842 2845 ex

1829 2872 1986 2925 Pont.
2010 2894 2040 2925 2
2062 2913 2077 2940 ,
2106 2885 2166 2927 et
2177 2874 2294 2927 alibi
2314 2873 2688 2926 :Burmannus
2713 2872 2844 2925 mal-

1827 2949 1898 3003 let
1916 2950 2162 3018 ,ferorum
2176 2992 2190 3015 ,
2232 2951 2331 3006 hoc
2354 2971 2508 3005 sensu
2534 2971 2547 3005 ε
2570 2962 2841 3021 postquam

1827 3031 2028 3097 primus
2052 3030 2133 3082 ille
2159 3029 2430 3099 (quisquis
2453 3030 2596 3097 fuit)
2628 3029 2842 3083 edenda

1827 3107 1995 3158 carnis
2033 3117 2214 3159 auctor
2238 3145 2254 3172 ,
2288 3107 2474 3160 invidit
2508 3107 2753 3177 luporum
2788 3117 2842 3159 et

1827 3183 2043 3238 leonum
2061 3186 2274 3239 victibus
2293 3225 2307 3252 ,
2334 3187 2454 3255 quia
2479 3187 2553 3240 illi
2575 3199 2733 3241 carne
2753 3206 2840 3238 ve-

1825 3277 2115 3333 scerentur,
2132 3267 2425 3322 stimulatus
2439 3268 2654 3334 invidia,
2670 3269 2842 3338 primo

1827 3343 1881 3397 in
1905 3345 2102 3399 caedem
2126 3346 2361 3401 ferarum
2386 3348 2513 3416 ivit,
2553 3348 2743 3401 deinde
2773 3344 2842 3399 ad

1827 3426 1941 3493 ejus
1963 3429 2258 3498 exemplum
2281 3428 2517 3481 saevitum
2541 3438 2722 3481 contra
2746 3427 2841 3479 in·-

1826 3523 1997 3558 nocua
2035 3506 2291 3559 animalia.
2338 3508 2454 3575 Ipse
2496 3516 2673 3559 tamen
2711 3505 2841 3558 nihil

1826 3594 2007 3637 movet
2023 3622 2037 3649 ,
2066 3585 2189 3653 quia
2211 3602 2331 3636 mox
2337 3582 2576 3649 seramus·
2587 3584 2842 3652 sequitur,

1825 3661 2124 3730 fateturque
2138 3682 2191 3715 se
2203 3672 2538 3731 accepturum
2551 3662 2842 3726 fuissem-io—

1825 3760 1946 3801 rum,
1971 3741 2012 3793 si
2026 3739 2214 3793 codicis
2230 3739 2445 3808 alicujus
2462 3740 2762 3794 auctoritate
2788 3739 2842 3792 id

1767 3868 1772 3874 .
1827 3818 2222 3873 firmaretur.-—
2240 3820 2413 3873 Ambo
2435 3822 2584 3891 Regii
2612 3820 2722 3875 cod.
2747 3821 2847 3874 ba·
2875 3843 2883 3851 ·

1826 3894 1955 3948 bent
1982 3898 2203 3948 Deorum
2217 3937 2231 3958 ,
2276 3897 2416 3965 quod
2447 3898 2532 3951 hic
2563 3899 2845 3968 repetitum
2875 3918 2882 3925 “

1827 3986 1956 4044 puto
1968 3994 1995 4026 a
2009 3975 2216 4028 librario
2227 3995 2287 4029 ex
2304 3975 2389 4028 lib.
2405 3976 2452 4041 1,
2464 3977 2544 4028 32.
2560 3979 2848 4029 Ed.—Cor-

1817 4072 2002 4119 pareas
2017 4057 2187 4120 dapes.
2206 4053 2414 4108 Omnes
2431 4053 2586 4123 dapes
2601 4065 2726 4108 sunt
2740 4073 2848 4109 eor·

1827 4150 2017 4202 porea,
2032 4133 2120 4187 sed
2136 4153 2498 4203 per-corporeas
2514 4134 2597 4187 hic
2613 4139 2844 4212 σαρκικὰ,

1826 4229 2036 4264 carneas
2064 4211 2315 4281 intelligit.
2357 4215 2452 4264 Ed.
2475 4240 2542 4253 -
2567 4214 2840 4274 Demersit⁹

1825 4298 1886 4344 ut
1910 4289 1993 4345 Vl
2010 4329 2027 4359 ,
2047 4292 2161 4360 544.
2185 4292 2325 4347 Octo
2353 4292 2500 4347 MSS
2524 4292 2719 4346 habent
2740 4293 2844 4343 de-
