3185 5138
720 520 854 588 368

1264 522 1342 587 Ρ.
1399 520 1775 590 OVIDII
1823 522 2303 594 NASONIS

722 661 862 735 Ora
894 686 1091 746 son03
1123 686 1332 761 neque
1369 660 1558 734 abest
1595 659 1892 735 facundis
1927 650 2403 758 gratia'dictis:

729 808 764 838 «
806 774 878 846 Si
911 801 1054 847 mea
1083 801 1231 846 cum
1262 773 1498 847 vestris
1526 772 1885 849 valuissent
1915 794 2062 850 vota
2083 832 2101 864 ‚
2137 776 2431 872 Pelasgi,

717 893 875 964 Non
905 888 1074 962 foret
1107 889 1459 984 ambiguus
1497 890 1666 962 tanti
1700 890 2072 966 certaminis
2104 892 2348 980 haeres;

720 1005 955 1104 Tuque
993 1002 1123 1075 tuis
1159 1003 1356 1077 armis
1378 1058 1397 1089 ‚
1436 1031 1559 1077 nos
1600 1020 1661 1076 te
1694 1022 2106 1104 poteremur,
2143 1005 2446 1079 Achille!

2759 1031 2852 1083 130

722 1121 941 1216 Quem
974 1118 1287 1220 quoniam
1319 1148 1455 1191 non
1495 1147 1678 1220 aequa
1711 1119 1875 1192 mihi
1906 1120 2229 1220 vobisque
2263 1139 2588 1217 negarunt

718 1239 879 1310 Fata
912 1240 1284 1335 (manuque
1318 1233 1516 1308 simul
1555 1234 1755 1309 veluti
1792 1234 2208 1335 lacrymantia
2250 1237 2436 1309 tersit

721 1352 1000 1428 Lumina
1020 1354 1082 1445 );
1117 1351 1268 1451 quis
1301 1378 1540 1446 magno
1573 1348 1810 1424 melius
1846 1352 2151 1426 succedat
2185 1352 2470 1443 Achilli,

723 1470 942 1565 Quam
978 1494 1099 1567 per
1137 1494 1332 1567 quem
1364 1494 1644 1560 magnus
1677 1465 1924 1539 Danais
1957 1468 2269 1541 successit
2302 1468 2642 1545 Achilles?

722 1584 898 1658 Huic
927 1584 1125 1658 modo
1149 1611 1230 1657 ne
1256 1584 1508 1686 prosit,
1540 1581 1722 1683 quod
1739 1639 1758 1670 ‚
1786 1600 2019 1671 otest,
2052 1583 2254 1657 hebes
2276 1611 2414 1659 esse
2436 1587 2726 1677 videtur;
2757 1611 2850 1662 135

721 1708 898 1778 Neve
933 1702 1097 1776 mihi
1132 1719 1400 1788 noceat,
1437 1700 1619 1801 quod
1658 1701 1850 1773 vobis
1887 1729 2178 1802 semper,
2218 1703 2494 1793 Achivi,

723 1819 985 1895 Profuit
1021 1817 1355 1913 ingenium
1386 1847 1400 1889 :
1433 1845 1705 1918 meaque
1739 1817 1874 1890 haec
1907 1817 2212 1916 facundia
2234 1875 2252 1905 ‚
2286 1820 2341 1892 si
2378 1846 2507 1920 qua
2542 1838 2682 1909 est,

724 1938 893 2033 Quae
930 1962 1103 2007 nunc
1135 1962 1258 2033 pro
1295 1931 1601 2018 domino,
1636 1961 1760 2034 pro
1795 1932 1985 2007 vobis
2019 1960 2189 2034 saepe
2225 1933 2444 2010 locuta
2477 1954 2611 2024 est,

720 2050 975 2127 Invidia
1010 2067 1223 2124 careat
1255 2078 1269 2120 ε
1304 2048 1484 2121 bona
1515 2076 1635 2121 nec
1671 2076 1787 2123 sua
1821 2049 2100 2151 quisque
2132 2069 2406 2127 recuset.

659 2316 668 2322 ,
720 2264 892 2329 Neque
911 2262 1058 2312 abest
1076 2269 1171 2312 ete.
1195 2259 1532 2312 Burmannus
1555 2268 1728 2327 putat,

720 2338 828 2391 haec
851 2356 879 2389 a
906 2336 1180 2405 Propertio
1199 2375 1212 2400 ,
1242 2337 1294 2401 1,
1317 2351 1390 2401 11,
1421 2355 1511 2407 29,
1537 2345 1731 2387 sumta:

718 2437 811 2471 nec
830 2417 1216 2485 dese‘tjucuadis
1231 2420 1401 2483 gralia
1424 2418 1615 2480 verbm
1638 2415 1733 2466 ita-

720 2516 820 2566 que
837 2507 889 2549 et
902 2495 972 2549 ibi
993 2494 1137 2547 malit
1146 2494 1393 2561 facundis
1410 2514 1425 2544 .·
1439 2493 1546 2545 sine
1565 2512 1731 2546 causa.

615 2597 618 2598 ⁷
717 2574 933 2628 -Dicit
958 2585 1135 2627 autem
1155 2573 1366 2644 Ulysses
1387 2572 1623 2624 oratione
1647 2591 1731 2625 se-

718 2653 898 2721 quenti
920 2650 1234 2720 composite,
1261 2647 1529 2701 moderate
1548 2688 1563 2712 ‚
1594 2648 1733 2700 calli-

715 2732 810 2798 de,
836 2742 890 2784 et
917 2731 1005 2784 ubi
1041 2729 1212 2798 Aiacis
1244 2729 1499 2781 nonnulla
1532 2738 1585 2781 et
1615 2728 1731 2780 cri-

713 2811 859 2862 mina
875 2820 929 2862 et
942 2817 1250 2878 argumenta
1264 2805 1439 2871 diluit,
1465 2825 1623 2875 opera
1637 2825 1727 2859 sua

654 2873 666 2897 ⁸
714 2888 935 2941 mirifice
962 2896 1186 2939 enarrat.

783 2968 890 3018 128.
912 2966 1094 3016 Simea
1117 2982 1226 3016 cua
1253 2967 1434 3016 κεινὴ·
1457 2971 1553 3015 etc.
1585 2963 1728 3015 Inci-

714 3043 790 3112 pit
805 3060 924 3094 cum
944 3042 1031 3110 pio
1047 3051 1169 3093 voto
1181 3080 1196 3107 ,
1220 3040 1314 3093 sibi
1335 3052 1386 3094 et
1406 3040 1726 3094 auditoribus

712 3118 1014 3182 communi,
1044 3117 1201 3187 idque
1227 3117 1360 3170 fictis
1390 3117 1519 3171 adeo
1548 3119 1726 3189 lacry-

710 3201 810 3255 mis
832 3198 1125 3253 confirmat.
1149 3226 1213 3237 —
1248 3200 1541 3250 Valmssent
1566 3209 1717 3263 vota,-

711 3279 829 3331 vide
852 3278 916 3330 ad
940 3297 1012 3331 vs.
1035 3275 1516 3349 89.-Nonsoret...
1532 3279 1688 3329 heres
1705 3319 1718 3339 ,

709 3377 820 3411 non
858 3357 1240 3425 ambigeretur,
1286 3354 1399 3423 quis
1436 3352 1723 3423 possideret

705 3438 791 3491 illa
815 3455 959 3490 arma
976 3474 993 3502 ‚
1029 3434 1095 3487 de
1120 3433 1306 3503 quibus
1326 3433 1432 3501 jam
1457 3444 1687 3487 certatur
1703 3473 1718 3501 ‚

709 3532 936 3583 quorum
951 3511 1113 3565 hoeres
1125 3512 1256 3579 Ajax
1270 3531 1376 3566 esse
1393 3528 1582 3581 magna
1600 3529 1720 3564 con·

705 3594 944 3648 tentione
971 3592 1097 3644 vult.
1119 3618 1185 3632 —
1202 3594 1485 3644 poteremur
1505 3590 1718 3659 antique

705 3693 835 3744 pro,
860 3676 1167 3739 potmmr3
1207 3669 1322 3722 vide
1357 3668 1637 3722 Heinsium
1666 3678 1721 3721 et

704 3752 1077 3804 Burmannum
1094 3768 1106 3800 ε
1117 3753 1280 3814 potiri
1291 3767 1433 3801 nunc
1446 3787 1461 3814 ,
1484 3749 1589 3812 uti,
1610 3766 1721 3815 pos·

704 3829 889 3884 sidere.
900 3828 1141 3895 -Tuque
1162 3830 1265 3879 tuis
1280 3863 1292 3875 .
1304 3864 1317 3877 .
1335 3867 1345 3877 .
1363 3827 1598 3878 Achille!
1625 3824 1721 3879 hac

706 3905 1016 3978 apostrophe
1058 3905 1258 3958 animos
1303 3905 1602 3958 auditorum
1653 3903 1718 3956 ad

705 3988 891 4041 fletum
915 3985 1144 4040 inclinat.
1168 3987 1265 4037 Ed.
1283 3985 1574 4041 —Mele’us.
1602 4002 1720 4036 me·-

704 4066 832 4117 liore
856 4065 990 4131 jure.
1030 4063 1228 4131 Tanaq.
1255 4062 1424 4115 Faber
1445 4063 1717 4115 neminem

707 4156 890 4198 natum
918 4144 1267 4197 arbitrabatur
1287 4183 1302 4208 ,
1337 4162 1367 4195 a
1403 4162 1509 4212 quo
1542 4143 1719 4195 doceri

706 4232 909 4291 posset,
934 4221 1062 4289 quid
1076 4221 1168 4273 sibi
1187 4219 1286 4273 hoc
1305 4220 1488 4285 vellet,
1513 4222 1720 4272 Danais·

702 4303 948 4353 successe?
971 4299 1203 4351 Achilles
1217 4336 1233 4361 ‚
1278 4298 1452 4365 itaque
1488 4297 1721 4367 corrige-

1827 2261 1948 2328 bat,
1980 2267 2225 2327 accessi&
2248 2274 2299 2315 at
2321 2262 2467 2315 facile
2494 2262 2667 2317 doceri
2692 2275 2844 2334 pote·

1826 2351 1934 2405 rat,
1960 2344 2221 2394 succedere
2242 2341 2436 2395 centies
2460 2344 2583 2411 poni
2602 2361 2697 2412 pro
2715 2382 2730 2406 ‚
2756 2362 2844 2396 ac-

1827 2417 2042 2477 cederez
2063 2420 2213 2473 obvia
2232 2420 2376 2473 enim
2391 2432 2518 2474 sunt
2533 2422 2618 2474 illa
2631 2460 2645 2486 ,
2663 2440 2842 2474 sncce-

1826 2499 1942 2548 dere
1959 2505 2130 2559 antro,
2157 2491 2320 2562 irmro,
2349 2503 2487 2561 urbi:
2513 2510 2564 2553 et
2581 2500 2660 2552 xl
2678 2539 2693 2565 ,
2721 2504 2838 2567 142,

1824 2579 2087 2627 succeden-
2102 2595 2244 2643 aque
2269 2597 2284 2628 .·
2310 2577 2467 2645 igitur
2497 2588 2549 2630 et
2576 2597 2720 2631 nunc
2745 2580 2841 2631 in-

1826 2650 1981 2720 tellig.
2006 2670 2110 2720 quo
2134 2664 2345 2707 auctore
2374 2674 2601 2707 numero
2625 2656 2841 2710 Greco-

1825 2748 1944 2782 rum
1958 2731 2164 2783 accessit
2179 2731 2417 2786 Achilles.
2431 2732 2500 2786 Et
2510 2732 2574 2786 de
2587 2733 2840 2788 industria

1824 2808 1925 2863 hoc
1948 2809 2089 2862 idem
2114 2811 2334 2864 verbum
2366 2814 2649 2882 repetitum
2673 2853 2687 2879 ,
2717 2814 2839 2883 quia

1822 2888 1964 2955 quasi
1993 2888 2096 2939 vim
2120 2890 2416 2958 argumenti
2438 2890 2610 2944 habet.

1896 2968 2002 3019 ¹35.
2017 2969 2157 3020 Huic
2178 2971 2324 3020 modo
2338 2980 2434 3021 etc.
2452 2968 2569 3022 vide
2587 2969 2649 3022 ad
2670 2989 2739 3022 vs.
2756 2969 2836 3034 3⁴.

1822 3046 2102 3106 —Hebes,
2142 3042 2417 3099 destitutus
2450 3050 2676 3112 ehgemb,
2714 3045 2763 3097 h.
2789 3066 2836 3098 e.

1821 3119 2100 3189 prudentia
2118 3133 2169 3174 et
2183 3121 2421 3175 facundia
2436 3162 2450 3189 ,
2469 3142 2627 3190 quam
2643 3135 2835 3177 utram·

1821 3217 1922 3267 que
1937 3199 2184 3252 virtutem
2201 3200 2398 3272 Ulyssis
2406 3212 2671 3268 spreverat
2688 3201 2833 3269 Aiax.

1819 3303 1885 3315 —
1924 3280 2159 3340 Videtur-3
2198 3296 2334 3329 unus
2368 3276 2519 3329 Basil.
2550 3281 2700 3330 hebes
2722 3296 2837 3331 esse

1805 3352 2024 3419 fatetur.
2049 3366 2106 3407 ut
2119 3356 2185 3407 sit
2204 3355 2448 3424 gra-cisni.
2465 3374 2623 3423 quem
2645 3355 2832 3409 Heius.

1817 3434 2064 3501 illustrat,
2092 3445 2145 3488 et
2169 3436 2329 3504 qualis
2351 3454 2469 3487 mox
2494 3455 2541 3487 v.
2573 3438 2663 3501 1⁴2
2691 3453 2703 3487 ι
2726 3447 2828 3489 ret·-

1816 3517 1934 3565 tule’t
1950 3532 2060 3567 esse
2082 3517 2229 3568 Ios-is
2244 3534 2505 3582 pronepos.
2539 3515 2690 3585 Regii
2716 3515 2831 3569 rod.

1816 3594 2044 3654 videtum
2082 3592 2173 3644 sed
2205 3611 2350 3658 paene
2385 3593 2596 3647 mallem
2621 3593 2832 3659 fatetur.

1818 3669 2134 3724 Ed.—1uam
2157 3683 2331 3726 autem
2355 3673 2651 3727 facundiam
2671 3674 2831 3744 Ulys-

1816 3765 1895 3799 ses
1923 3758 1978 3799 et
2014 3748 2257 3817 praeclare
2295 3750 2633 3804 commendat
2660 3769 2673 3803 τ
2700 3753 2840 3819 quod

1815 3829 1960 3879 vobis
1979 3845 2171 3893 semper
2180 3829 2376 3894 profui!
2390 3869 2402 3888 ‚
2437 3848 2543 3897 que
2561 3848 2658 3895 pm
2685 3833 2833 3881 voles

1814 3923 1943 3969 sepe
1964 3907 2135 3956 locuta
2153 3914 2254 3968 est,
2284 3917 2337 3958 et
2362 3905 2596 3959 modeste
2616 3946 2631 3972 ,
2656 3912 2712 3958 si
2729 3925 2831 3974 qna

1815 3991 1916 4043 est,
1945 3993 2058 4036 tum
2079 4023 2094 4048 ,
2130 3987 2263 4037 bona
2288 4005 2379 4040 nec
2403 4006 2500 4039 sna
2533 3987 2557 4056 (
2582 4006 2699 4055 quae
2721 3989 2827 4057 ipse

1815 4060 1908 4114 sibi
1926 4061 2087 4128 fecit,
2118 4063 2347 4130 paravit,
2377 4084 2485 4117 nou
2520 4075 2696 4118 autem
2720 4085 2828 4117 na-

1815 4151 1932 4194 tura
1951 4141 1999 4194 ei
2023 4140 2202 4194 tribuit
2223 4147 2241 4204 )
2261 4150 2465 4212 quisque
2484 4145 2826 4214 (quisquam)

1814 4231 2027 4282 recuset,
2053 4232 2256 4274 recuset
2284 4222 2345 4275 iis
2374 4225 2465 4276 uti.
2491 4252 2557 4264 —
2579 4227 2829 4277 Dominus

1800 4297 2065 4366 facundie
2078 4338 2091 4361 ‚
2119 4309 2177 4352 ut
2198 4302 2429 4353 dominus
2457 4307 2586 4354 artis
2615 4303 2666 4366 l,
2697 4304 2790 4367 5²4
2809 4340 2823 4366 ,
