3185 5138
651 542 1691 613 METAMORPHOSEON
1751 543 1945 611 LIB.
2010 542 2228 611 XIV.

2351 530 2355 539 ’
2384 540 2518 633 4³9

379 686 752 762 Ausonium
774 742 795 774 ,
831 686 1114 789 Libycas
1143 703 1340 762 vento
1374 683 1749 759 referuntur
1780 682 1865 757 ad
1898 712 2064 758 oras.

379 803 648 904 Excipit
678 804 936 877 AEuean
972 801 1107 875 illic
1141 802 1496 902 animoque
1526 801 1904 901 domoque,

382 925 537 996 Non
575 923 742 994 bene
779 920 1127 995 discidium
1165 920 1438 1020 Phrygii
1471 919 1684 994 latura
1719 920 1981 1006 mariti,

388 1036 654 1112 Sidonis
691 1067 705 1110 ε
746 1038 946 1137 inque
981 1065 1141 1138 pyra
1175 1036 1341 1111 sacri
1373 1036 1500 1112 sub
1533 1036 1817 1131 imagine
1850 1035 2020 1109 sacta

387 1152 703 1225 Incubuit
735 1152 911 1225 serro
935 1208 955 1240 ,
995 1151 1396 1251 deceptaque
1428 1149 1675 1250 decipit
1709 1178 1959 1223 omnes.

389 1273 650 1345 Rursus
680 1296 969 1343 arenosae
1006 1266 1270 1362 fugiens
1297 1296 1468 1339 nova
1495 1266 1735 1341 moenia
1769 1283 1954 1339 terrae
1973 1321 1993 1353 ,

386 1386 496 1460 Ad
531 1385 882 1486 sedemque
917 1383 1188 1485 EryciS,
1221 1383 1560 1484 fidumque
1596 1381 1841 1456 relatus
1875 1382 2198 1466 Acesten,

389 1500 759 1589 Sacrificat,
801 1499 1263 1599 tumulumque
1299 1499 1403 1573 sui
1437 1499 1754 1594 genitoris
1785 1498 2109 1571 honorat:

388 1618 711 1718 Quasque
744 1632 919 1689 rates
958 1613 1085 1688 Iris
1116 1614 1412 1689 Junonia
1444 1641 1630 1714 paene
1663 1629 2015 1700 cremarat,
2450 1630 2517 1685 85

451 1828 527 1877 77.
549 1808 773 1877 libycas
791 1807 1065 1875 reseruntur
1075 1808 1289 1858 adoras.
1316 1803 1404 1858 Cf.

386 1882 571 1953 virgil.
593 1884 717 1937 AEn.
750 1883 831 1937 ΙΙΙ
849 1922 865 1949 ,
897 1884 992 1954 687
1017 1901 1127 1951 sqq.
1159 1882 1304 1935 Litus
1327 1881 1405 1934 le-

389 1972 518 2029 gunt
533 1960 718 2015 sicilie
735 1960 954 2016 australe
980 1972 1033 2014 et
1048 1960 1365 2015 occidentale
1384 1999 1399 2027 ,

390 2038 459 2092 ad
501 2038 811 2108 Drepanum
844 2078 860 2106 ,
908 2058 1063 2107 supra
1113 2038 1403 2110 Lilybaeum

391 2117 813 2185 promontorium
828 2156 844 2183 ,
874 2117 1074 2171 faciunt
1095 2134 1365 2170 escensum
1386 2144 1420 2181 ,-

391 2195 564 2266 ibique
586 2198 812 2251 moritur
828 2197 1095 2251 Anchises.
1116 2199 1259 2249 Vere
1281 2195 1405 2249 anni

391 2277 659 2344 sequentis
682 2275 851 2330 classis
868 2295 898 2328 e
917 2274 1087 2329 Sicilia
1110 2274 1262 2327 solvit
1283 2293 1405 2326 ver-

392 2372 478 2406 sus
493 2354 699 2406 Latium
718 2373 731 2415 ς
749 2352 837 2406 sed
854 2362 1161 2421 tempestate
1172 2352 1235 2404 ab
1251 2350 1406 2403 AEolo

393 2429 621 2483 Junonis
645 2430 880 2500 precibus
908 2430 1124 2483 excitata
1149 2428 1317 2499 (AEn.
1348 2429 1370 2482 Ι
1390 2468 1406 2495 ,

393 2506 458 2572 34
479 2525 572 2576 sqq
593 2505 650 2576 ),
679 2526 836 2561 naves
865 2525 1048 2560 omnes
1085 2510 1307 2577 Libycas
1336 2509 1415 2560 ad

389 2604 507 2637 oms
528 2585 834 2651 restruatur,
875 2586 966 2640 sed
1000 2585 1214 2639 diversis
1247 2587 1412 2655 parti-

389 2663 513 2728 bus,
527 2663 724 2716 AEueas
740 2663 951 2732 quidem
967 2682 1086 2717 curn
1102 2674 1302 2732 septem
1320 2678 1409 2715 na·

393 2740 540 2794 vibus
560 2760 625 2794 eo
638 2780 653 2808 ,
673 2742 762 2794 ubi
779 2761 922 2795 nunc
936 2740 1168 2796 Tunitan
1176 2762 1235 2795 us
1248 2742 1409 2795 sium.

392 2818 645 2887 Egressus
660 2818 725 2873 de
743 2818 871 2873 colle
890 2819 1267 2890 Carthaginem
1282 2820 1411 2873 sub-

391 2898 583 2967 jectam
599 2897 844 2969 prospicit
862 2900 967 2965 (va.
983 2901 1117 2965 418)
1139 2938 1154 2965 ‚
1172 2911 1225 2954 et
1243 2918 1410 2968 quum

392 2977 451 3029 in
483 2976 710 3033 Junonis
747 2978 944 3047 templo
980 2975 1183 3047 singula
1213 2979 1410 3032 lustra-

393 3069 509 3124 ret,
535 3078 600 3112 eo
628 3057 837 3114 incessit
860 3057 1004 3111 Dido
1030 3060 1232 3112 Sidonis
1248 3098 1261 3118 .
1295 3076 1412 3127 que

395 3137 626 3192 AEneam
660 3145 924 3208 amboque
960 3143 1198 3207 domoque
1227 3143 1417 3206 excipi!

396 3214 423 3284 (
443 3215 523 3269 lx
538 3254 554 3281 ,
583 3238 679 3289 279
693 3255 709 3283 ,
735 3220 963 3271 thalamo
996 3222 1257 3286 am‘moque
1283 3223 1415 3270 mci-

388 3297 549 3360 pere)
577 3334 592 3361 ,
635 3297 686 3349 h.
720 3318 769 3351 e.
805 3298 974 3366 ipsum
1006 3297 1061 3350 in
1103 3297 1245 3367 regia
1279 3306 1413 3351 tecta

399 3373 580 3441 ducit,
606 3376 882 3430 comitibus
909 3395 1096 3445 pecora
1129 3377 1414 3444 vinumque

399 3450 596 3517 mittit,
631 3451 847 3520 epulum
878 3453 1090 3507 instruit
1115 3453 1414 3507 laudatissi-

400 3546 551 3581 mum
574 3539 670 3582 etc.
700 3530 911 3583 AEneid.
935 3532 995 3595 1,
1022 3531 1121 3582 630
1147 3549 1255 3599 sqq.
1285 3531 1420 3584 Mox

404 3617 641 3675 correpta
669 3605 853 3660 insano
893 3607 1075 3661 AEneae
1099 3627 1277 3661 amore
1299 3645 1314 3673 ,
1348 3608 1414 3661 ad

407 3686 613 3754 nuptias
634 3684 872 3738 animum
896 3683 1157 3747 intendit,
1185 3685 1307 3738 AEn.
1334 3686 1416 3739 lv

407 3763 520 3819 init.
546 3763 708 3831 Quod
732 3782 899 3831 quum
928 3783 958 3816 a
988 3761 1260 3815 Mercurio
1285 3762 1421 3816 edo-

408 3850 523 3894 ctus
540 3850 674 3893 esset
691 3838 885 3893 AEneas
902 3876 918 3904 ,
944 3858 1042 3892 nec
1062 3837 1299 3906 precibus
1319 3858 1418 3891 nec

410 3916 650 3989 lacrymis
689 3916 912 3970 Didonis
955 3915 1172 3969 retineri
1211 3916 1381 3984 potuit
1399 3955 1418 3982 ,

410 3996 540 4064 quin
558 3994 758 4049 abitum
780 3986 1017 4063 pararet,
1043 4004 1303 4062 noctuque
1327 4012 1420 4048 au-

403 4079 628 4146 fugeret.
667 4075 785 4129 Hoc
814 4084 891 4128 est
920 4075 1184 4126 dirmidium
1217 4075 1425 4142 Phrygii

401 4161 601 4218 mariti,
639 4153 780 4224 quod
807 4151 949 4205 Dido
983 4170 1084 4206 non
1110 4154 1232 4203 bene
1263 4151 1419 4217 (non

404 4235 517 4290 aine
539 4253 751 4289 summo
779 4232 962 4286 furore
980 4270 996 4298 ,
1036 4249 1133 4301 per
1164 4230 1418 4295 λιτὲητα)

409 4315 543 4371 tulit.
575 4315 778 4370 Furem
808 4312 967 4383 igitur
999 4310 1179 4367 dolore
1199 4328 1409 4382 pyram,

1465 1785 1470 1789 ⁴
1499 1804 1737 1858 scrobem
1755 1812 2107 1873 superstructa
2127 1802 2392 1874 lignorum
2411 1822 2522 1855 mo·

1500 1882 1546 1936 le
1569 1923 1584 1947 ,
1608 1882 1734 1936 facit
1749 1887 1843 1935 sub
1858 1888 2077 1950 ιἰιιαςὺιε
2091 1887 2230 1936 sacri
2240 1924 2253 1943 ,
2273 1881 2521 1936 simulans

1497 1979 1643 2015 sacra
1657 1961 1856 2028 magica
1874 1961 2087 2014 Hecate
2104 1980 2119 2022 ;
2134 1960 2226 2013 sed
2241 1979 2404 2029 quum
2414 1958 2522 2013 sola

1501 2047 1635 2091 esset
1651 2078 1666 2105 ‚
1692 2037 1997 2092 conscendit
2014 2056 2198 2109 pyram
2219 2077 2235 2101 ,
2257 2042 2522 2091 incumbit-

1498 2117 1751 2186 qqeftM.
1771 2118 1944 2186 Atque
1964 2117 2035 2170 ita
2049 2120 2257 2182 decepta
2269 2117 2333 2168 ab
2348 2116 2521 2169 AEnea

1500 2198 1689 2262 decipit
1707 2213 1877 2246 omnes
1895 2193 2067 2258 (lusus
2092 2212 2202 2245 non
2224 2211 2520 2261 magnope-

1500 2294 1556 2326 re
1581 2272 1881 2342 probandus
1904 2274 1925 2339 )
1946 2311 1961 2337 ,
1991 2271 2195 2325 Barcen
2216 2271 2477 2324 nutricem
2501 2309 2516 2335 ,

1502 2353 1715 2404 Annam
1747 2368 1987 2403 sororem
2024 2360 2076 2402 et
2110 2347 2332 2401 famulas
2358 2387 2374 2412 ,
2407 2368 2516 2415 pu-

1502 2439 1672 2484 tantes
1706 2448 1829 2483 vere
1858 2448 2000 2483 sacra
2026 2427 2226 2497 parari;
2260 2428 2384 2482 AEn.
2408 2430 2520 2495 IV,

1503 2511 1603 2575 504
1624 2528 1719 2577 sqq
1737 2547 1753 2573 ,
1778 2518 1831 2560 et
1857 2508 1953 2560 632
1985 2525 2095 2576 sqq.
2129 2505 2401 2559 Caeterum
2425 2525 2523 2576 pro

1489 2607 1626 2658 pyra
1647 2591 1897 2639 Μανία-αὖ
1924 2590 2141 2652 &rugiae
2161 2584 2321 2653 sacta
2337 2625 2350 2644 .
2387 2604 2522 2639 unua

1503 2664 1773 2718 Leidensis
1796 2663 2108 2733 babetficte‘,
2150 2662 2294 2732 quod
2317 2662 2521 2716 refera-

1505 2752 1592 2794 tur
1613 2742 1679 2796 ad
1699 2746 1852 2796 sacri.

1570 2822 1652 2874 82.
1687 2822 1835 2872 Nova
1873 2822 2059 2872 menia
2083 2858 2096 2877 .
2138 2818 2327 2871 urbem
2355 2855 2371 2883 ,
2407 2836 2535 2887 que.

1503 2896 1594 2951 illo
1616 2899 1727 2968 ipso
1750 2909 1987 2967 tempore
2009 2895 2523 2951 condebant—Ab

1502 2985 1672 3034 arenis
1693 2979 1905 3035 infamis
1928 2977 2122 3032 Africa.
2134 2976 2413 3033 —ltaliam
2429 2998 2526 3048 pe·-

1505 3070 1624 3113 tens
1640 3058 1836 3111 AEneaa
1850 3057 2070 3124 refertur.
2091 3054 2270 3109 denuo
2288 3054 2527 3108 defertur

1506 3136 1562 3190 in
1587 3135 1825 3205 Drepani
1860 3144 2089 3205 portum.
2112 3161 2178 3172 —
2202 3133 2376 3201 Prope
2413 3143 2527 3186 erat

1504 3218 1651 3269 sedes
1666 3217 1868 3285 Erycis,
1896 3212 2019 3265 urbs
2036 3211 2176 3283 Eryx
2190 3249 2205 3276 ‚
2233 3229 2389 3279 quam
2406 3230 2525 3264 con-

1508 3294 1714 3351 diderat
1728 3297 1895 3363 Eeyae‚
1924 3291 2150 3344 Veneris
2174 3300 2228 3344 et
2252 3289 2359 3357 ipse
2377 3287 2526 3342 filius.

1511 3372 1591 3426 lbi
1608 3372 1768 3427 etiam
1787 3373 2021 3438 AEgestus
2037 3369 2199 3432 Tros,
2222 3384 2380 3433 quem
2397 3364 2531 3417 Ovi-

1511 3449 1628 3503 dius
1650 3467 1773 3502 cum
1800 3444 2020 3515 Virgilio
2046 3444 2268 3496 Acesten
2290 3439 2529 3494 nominat

1512 3525 1659 3596 (vid.
1676 3524 1855 3594 Heyn.
1878 3521 1942 3575 ad
1964 3521 2107 3590 Virg.
2132 3519 2257 3572 AEn.
2277 3520 2302 3574 Ι
2322 3556 2337 3582 ,
2368 3519 2528 3589 195),

1510 3604 1752 3660 conditor
1776 3601 1917 3655 urbis
1949 3600 2175 3668 AEgestae
2198 3618 2236 3651 s.
2267 3598 2496 3667 Segeste
2512 3637 2529 3664 ,

1512 3703 1542 3736 a
1570 3702 1675 3751 quo
1698 3691 1752 3734 et
1782 3698 1953 3748 nuper
1985 3687 2137 3731 erant
2166 3676 2392 3745 benigne
2429 3695 2530 3728 ex—

1511 3759 1650 3829 cepti
1672 3798 1687 3825 ,
1727 3768 1781 3812 et
1813 3776 1958 3811 nunc
1991 3755 2319 3825 excipiuntur
2357 3774 2370 3806 ι
2407 3754 2531 3807 hinc

1514 3836 1655 3907 apud
1678 3836 1824 3904 Virg.
1847 3834 1899 3887 d.
1923 3834 1956 3887 l.
1980 3837 2137 3886 bonus
2159 3834 2394 3891 Acestes,
2423 3831 2474 3884 h.
2496 3831 2531 3884 Ι.

1493 3916 1657 3985 fidus.
1678 3940 1744 3954 —-
1767 3911 1846 3964 lbi
1868 3919 1920 3963 et
1936 3914 2175 3963 tumulum
2194 3914 2282 3962 sm*
2293 3912 2532 3975 genitoris

1514 3998 1750 4054 honorat,
1784 3990 2041 4061 genitori,
2078 4008 2235 4058 quem
2262 3986 2529 4057 superiore

1515 4090 1657 4126 anno
1680 4069 1871 4123 eodem
1891 4067 1975 4120 die
1996 4066 2066 4120 ibi
2085 4066 2421 4136 sepeliverat,
2448 4084 2532 4118 sa—

1515 4167 1666 4204 crum
1700 4146 1826 4201 facit
1859 4143 2311 4208 anniversarium;
2345 4141 2533 4213 virgil.

1517 4226 1648 4280 AEn.
1668 4227 1740 4291 V,
1767 4226 1831 4291 45
1853 4242 1964 4292 sqq.

1584 4309 1667 4362 85.
1680 4306 1779 4358 Iris
1794 4324 1823 4358 a
1837 4302 1873 4357 J
1878 4321 2054 4357 unone
2068 4299 2221 4356 missa
2233 4298 2537 4354 mulieribus
