3185 5138
618 493 738 559 182

1150 492 1231 558 P.
1295 489 1675 558 OVIDII
1728 489 2199 560 NASONIS

603 632 870 706 Rursus
903 659 1161 720 amans,
1195 660 1562 734 rursusque
1597 661 1798 707 manu
1832 662 1950 707 sua
1977 649 2129 707 vota
2158 650 2490 708 retractat.

611 749 877 850 Corpus
910 767 1092 825 erat:
1127 748 1374 824 saliunt
1407 767 1669 824 tentatae
1703 748 1947 851 pollice
1978 778 2179 824 venae.

603 866 777 939 Tum
807 893 962 938 vero
997 864 1293 966 Paphius
1327 864 1715 967 plenissima
1746 868 2045 970 concipit
2078 868 2279 944 heros

2654 905 2755 960 ²9⁰

604 980 825 1055 Verba
849 1038 867 1070 ‚
908 981 1155 1082 quibus
1191 981 1433 1056 Veneri
1468 1001 1688 1078 grates
1724 1001 1878 1077 agat
1906 1013 1923 1056 ε
1955 1012 2204 1086 oraque
2237 985 2505 1060 tandem

560 1147 567 1155 ,
608 1098 747 1171 Ore
777 1126 900 1173 suo
931 1128 1073 1173 non
1106 1096 1266 1175 salsa
1304 1100 1587 1201 premit3
1623 1098 1907 1200 dataque
1944 1100 2171 1175 oscula
2204 1102 2394 1197 virgo

606 1212 832 1288 Sensit
854 1270 874 1303 ‚
907 1232 976 1290 et
1007 1215 1278 1289 erubuit
1298 1271 1318 1304 ‚
1355 1216 1792 1318 timidumque
1820 1216 1905 1291 ad
1939 1216 2190 1292 lumina
2223 1217 2447 1293 lumen

604 1384 881 1452 malionis,
927 1385 1209 1453 repentino
1240 1385 1430 1440 laetitiae
1471 1404 1630 1439 sensu

603 1463 798 1533 perfusi
819 1503 833 1529 ‚
864 1465 1074 1534 egregie
1099 1475 1325 1517 notatus.
1346 1493 1412 1505 —
1437 1466 1632 1518 Te'tm‘de

601 1546 805 1610 gaudel.
823 1541 999 1613 Vulgo
1015 1546 1165 1595 dublo
1174 1547 1364 1611 gaude!
1376 1560 1393 1604 ‚⁰
1412 1543 1629 1612 quidam

604 1622 801 1671 modico
813 1659 827 1681 ,
855 1629 945 1672 aut
964 1620 1438 1691 madata—Regius
1450 1631 1634 1674 noster

616 1695 781 1750 codex
818 1698 863 1750 A
882 1737 896 1764 ,
939 1702 1089 1751 dubie
1108 1703 1329 1766 gaudem·
1356 1699 1519 1752 codex
1555 1699 1630 1764 B,

605 1779 770 1829 mede‘o
798 1780 989 1843 gaudet
1008 1797 1024 1829 .·
1046 1777 1138 1831 sed
1176 1781 1352 1830 timide
1379 1788 1634 1847 prestan-

609 1854 713 1908 tius
736 1864 790 1907 et
810 1864 948 1908 recte
979 1856 1043 1908 ab
1068 1855 1291 1909 Heinsio
1322 1856 1630 1925 praelatum3

609 1934 806 1988 indicat
846 1953 1039 2006 nempe
1082 1946 1278 1989 statum
1324 1936 1633 2005 ambiguum

611 2012 970 2085 Pygmalionis
1013 2012 1261 2067 haerentis
1308 2014 1454 2066 dubii
1493 2014 1637 2067 inter

611 2092 862 2162 gaudium
884 2102 936 2145 et
959 2092 1223 2146 timorem.
1244 2094 1398 2147 Hanc
1417 2104 1637 2146 senten-

609 2175 739 2227 tiam
776 2193 950 2241 nuper
973 2171 1308 2228 confirmavit
1337 2172 1448 2225 Rex
1485 2172 1637 2241 opti-

608 2273 748 2319 mus,
768 2253 911 2307 idem
931 2254 1124 2308 artium
1143 2251 1434 2304 liberalium
1451 2251 1634 2304 ocula-

617 2343 699 2387 tus
718 2334 898 2401 judex,
915 2345 969 2387 et
987 2333 1254 2388 beneficus
1267 2332 1434 2385 nostri
1451 2330 1642 2385 laboris

612 2423 867 2483 patronus
893 2453 909 2480 ‚
955 2430 1124 2481 quum
1162 2411 1386 2481 dignum
1419 2409 1642 2462 rivalem

613 2492 811 2546 Ovidio
838 2493 1128 2549 declararet
1154 2490 1343 2544 clariss.
1377 2489 1643 2542 Gmontr

614 2574 806 2642 gallicas
817 2573 1006 2627 scholae
1020 2572 1349 2642 magistrum,
1363 2569 1516 2639 eique
1533 2589 1645 2640 gra·

616 2652 874 2704 tularetur
890 2690 905 2716 ‚
923 2648 1066 2720 quod
1082 2650 1192 2704 boec
1206 2650 1366 2702 verba
1381 2651 1519 2700 Dum
1532 2656 1647 2700 stu-

609 2737 701 2796 pet
729 2736 780 2780 et
813 2731 989 2782 timide
1009 2732 1197 2795 pudet
1224 2738 1333 2780 tam
1362 2725 1518 2779 docto
1548 2746 1647 2795 pe·-

616 2808 796 2862 nicillo
823 2809 1153 2877 expressisset
1191 2809 1245 2860 in
1279 2827 1342 2860 ea
1367 2807 1528 2860 nobili
1555 2817 1647 2859 ta-

620 2887 741 2940 bula
761 2926 776 2952 ,
818 2904 934 2954 quoe
958 2886 1096 2938 hanc
1127 2884 1356 2938 fabulam
1390 2885 1607 2954 explicat
1627 2923 1641 2950 ,

620 2976 674 3018 et
698 2964 764 3016 de
791 2982 893 3032 qua
917 2982 1028 3016 non
1055 2963 1232 3015 minor
1252 2963 1555 3032 gallicarum
1579 2963 1646 3014 li-

623 3053 860 3095 terarum
886 3041 1133 3109 magister
1149 3081 1163 3106 ‚
1190 3041 1242 3093 J.
1265 3041 1318 3092 J.
1343 3041 1645 3094 Dusssum·

624 3122 921 3191 elegantem
949 3120 1091 3173 hunc
1118 3139 1331 3174 versum
1353 3120 1576 3173 cecinit:

616 3213 710 3253 Γᾶ
723 3226 774 3252 νυ
791 3221 836 3251 ea
860 3212 1034 3251 Galatae
1043 3240 1058 3262 ,
1080 3219 1124 3251 oe
1142 3215 1183 3259 le
1198 3212 1298 3250 crode
1314 3213 1341 3249 et
1361 3209 1546 3263 Iasabls.

625 3287 721 3326 vu.
732 3286 830 3326 mihi
848 3288 1007 3327 cni-1..
1019 3287 1154 3337 μοι..
1165 3285 1272 3338 quoa
1282 3284 1415 3324 sasai·
1432 3279 1646 3326 stannea.

620 3390 691 3404 —
723 3364 921 3415 Te'mide
953 3363 1145 3428 gaudet
1167 3358 1410 3430 preclare
1445 3357 1511 3412 de
1545 3378 1610 3413 eo
1628 3396 1645 3427 ,

624 3440 774 3510 cujus
788 3437 1036 3508 gaudium
1052 3436 1512 3490 nondumcertum
1527 3436 1649 3491 satis

624 3530 718 3573 est.
751 3517 954 3587 Supra,
998 3516 1076 3571 lx
1102 3555 1117 3582 ,
1151 3536 1238 3589 79¹
1266 3555 1284 3584 ,
1327 3517 1435 3568 Nec
1467 3519 1650 3568 absida

621 3600 989 3665 gauddefide5
1014 3594 1106 3650 Sil.
1134 3595 1211 3648 xl
1228 3633 1244 3663 ,
1274 3598 1369 3664 572
1395 3632 1410 3659 ,
1430 3596 1652 3646 sollicite

627 3681 744 3728 leti.
768 3701 835 3715 —-
855 3677 1083 3743 Falle‘que
1102 3687 1316 3732 untur,
1344 3690 1456 3724 non
1480 3671 1651 3725 credit

625 3754 785 3809 tactui
816 3773 912 3808 suo
933 3793 947 3818 ‚
990 3754 1166 3823 itaque
1189 3772 1362 3807 rursus
1381 3770 1651 3821 rursusque

626 3842 869 3886 retractat
883 3870 897 3892 .
930 3850 1040 3884 non
1063 3841 1289 3885 statuam
1315 3871 1330 3897 ,
1359 3830 1452 3885 sed
1478 3831 1650 3883 multo

626 3911 927 3981 exquisitius
948 3949 964 3975 ‚
995 3930 1091 3964 sua
1116 3922 1249 3965 mla.
1278 3913 1387 3965 Pro
1409 3918 1654 3965 retractat

628 3990 899 4044 Palatinus
932 3998 986 4043 et
1022 4000 1250 4058 quatuor
1286 3989 1370 4043 alii
1403 3997 1647 4051 retentat,

629 4067 769 4136 quod
816 4086 926 4121 non
963 4067 1198 4137 displicet
1230 4068 1557 4123 Burmanno.
1584 4097 1652 4111 —

634 4145 859 4202 Codices
882 4148 1049 4201 nostri
1072 4147 1260 4218 Regii,
1297 4155 1551 4200 retractat.
1582 4176 1652 4188 —

638 4226 691 4277 T
681 4231 881 4277 tactam
897 4266 911 4284 .
948 4225 980 4277 i.
1005 4245 1053 4294 q.
1065 4230 1280 4294 palpare
1296 4265 1309 4287 ,
1341 4234 1653 4298 ‹pnloefffim—

629 4304 848 4357 Salinnt.
876 4302 1012 4357 Vide
1035 4303 1101 4357 ad
1129 4305 1210 4359 vl
1233 4342 1248 4372 ,
1276 4303 1392 4374 390·

1796 1388 1909 1459 289.
1929 1390 2120 1454 Corpus
2131 1399 2253 1442 erat.
2269 1388 2490 1458 Proprie
2508 1398 2752 1458 :tangere

1729 1464 1875 1517 enim
1900 1474 1952 1517 et
1982 1466 2160 1533 tangi,
2204 1466 2302 1519 nisi
2339 1484 2527 1536 eorpus
2551 1504 2567 1533 ,
2610 1466 2754 1519 nulla

1730 1552 1902 1612 potest
1924 1563 2023 1596 res.
2048 1546 2149 1595 Ed.

1797 1640 1910 1693 290.
1936 1624 2164 1688 Paphius
2186 1624 2332 1675 beros
2347 1663 2362 1685 ‚
2391 1621 2576 1689 utiam
2590 1621 2758 1675 Bers-

1731 1717 1961 1754 mannus
1996 1700 2330 1767 observavit,
2370 1719 2466 1769 per
2489 1701 2756 1770 prolepsin

1731 1778 1933 1831 dictum
1955 1799 1968 1841 ;
2008 1798 2135 1832 nam
2174 1778 2387 1849 Paphus
2429 1777 2647 1832 demum
2694 1798 2757 1831 ex

1732 1856 1902 1927 Pygm
1908 1856 2081 1909 alione
2095 1859 2640 1909 natus—Plenissime
2652 1870 2758 1906 ver·

1732 1938 1798 1986 ba
1818 1953 1935 2003 quae
1948 1936 2053 1987 sint
2067 1975 2082 2000 ,
2104 1954 2215 1987 non
2231 1933 2473 2004 intelligit
2488 1933 2760 1986 Burman-

1732 2034 1833 2067 nus
1847 2015 1937 2083 qui
1957 2016 2168 2084 praesert
2182 2015 2339 2067 unius
2353 2013 2631 2066 Heinsiani
2652 2012 2757 2066 MS

1732 2093 2065 2162 scripturam,
2080 2099 2383 2161 plenissima
2401 2101 2536 2151 vota,
2562 2091 2761 2144 scilicet

1733 2183 1796 2226 ut
1818 2173 2024 2225 fruatur
2039 2182 2096 2224 et
2109 2181 2261 2226 coeat
2275 2190 2398 2224 cum
2422 2170 2651 2240 imagine
2672 2169 2758 2222 illa

1736 2252 1996 2311 eburnea,
2026 2251 2137 2317 iam
2158 2250 2357 2303 semina
2373 2250 2505 2303 sacta
2532 2269 2546 2302 :
2572 2248 2626 2301 in
2650 2267 2759 2318 quo

1736 2348 1836 2399 ego
1858 2331 1907 2382 ei
1923 2348 2035 2382 non
2056 2329 2341 2383 adsentior.
2360 2329 2499 2383 Nam
2516 2327 2643 2398 quid
2661 2328 2760 2382 hoc

1736 2419 1815 2461 est
1829 2448 1842 2475 ,
1860 2416 2004 2469 vota,
2024 2411 2203 2476 quibus
2225 2410 2583 2475 Venerist-ates
2593 2419 2719 2475 agat
2732 2408 2762 2459 ?

1739 2488 1892 2541 Votis
1926 2488 2074 2541 enim
2118 2487 2369 2556 susceptis
2411 2505 2524 2539 non
2583 2487 2762 2557 gratiae

1738 2580 1967 2639 aguntur
1992 2567 2125 2621 Diis.
2152 2567 2222 2621 Et
2244 2566 2286 2621 si
2312 2567 2434 2622 licet
2457 2571 2617 2635 plena
2643 2576 2765 2621 vola

1739 2647 1910 2702 dicere
1928 2687 1942 2713 ,
1982 2649 2143 2701 ctiam
2167 2651 2323 2712 plena
2359 2651 2512 2699 verba
2539 2646 2761 2700 serenda

1738 2737 1877 2780 sunt.
1903 2727 2265 2793 Schirachius‚
2294 2726 2385 2796 qui
2406 2745 2527 2794 eam
2544 2726 2613 2779 ob
2635 2744 2767 2779 cau·-

1734 2825 1846 2858 sam
1871 2807 2012 2875 justo
2046 2808 2283 2859 acerbius
2310 2806 2572 2873 vituperat
2608 2805 2765 2857 Bur-

1736 2903 2016 2949 mannum,
2030 2894 2417 2954 putat,sensum
2429 2902 2537 2935 esse
2551 2883 2760 2950 elegan-

1739 2963 2019 3028 tissimum,
2031 2964 2074 3015 si
2090 2962 2347 3031 intelligas
2361 2963 2516 3014 verba
2532 2961 2762 3029 perfecta

1740 3050 1794 3093 et
1816 3040 2052 3110 integra3
2079 3042 2268 3106 verba,
2291 3058 2406 3109 que
2418 3039 2762 3109 proferuntur

1740 3120 1946 3190 integra
1970 3139 2097 3174 voce
2122 3125 2177 3174 et
2200 3121 2351 3173 clara.
2375 3117 2638 3187 Equidem
2662 3119 2763 3171 in-

1742 3201 1917 3271 telligo
1931 3201 2157 3270 plurima
2173 3202 2347 3263 verba,
2367 3218 2484 3269 quae
2500 3218 2561 3252 ex
2575 3198 2765 3268 plenis-

1740 3280 1877 3332 simo
1909 3290 2121 3348 pectore
2153 3287 2470 3349 promanant
2496 3317 2511 3345 ,
2551 3288 2606 3331 et
2645 3277 2762 3347 ple-

1742 3357 1959 3409 nissimo
1986 3376 2078 3410 ore
2115 3358 2478 3426 proferuntur.
2522 3355 2600 3408 Ea
2639 3365 2766 3409 sunt

1740 3434 1931 3510 latitioe
1944 3454 2164 3490 summat
2180 3436 2405 3505 signum.
2420 3436 2508 3489 Sic
2521 3436 2575 3488 in
2594 3435 2763 3502 Nuce,

1742 3533 1874 3567 vers.
1897 3535 1983 3586 92,
2002 3526 2056 3568 et
2076 3516 2232 3568 Pont.
2257 3516 2357 3580 IV,
2380 3530 2493 3582 vn,
2518 3534 2600 3584 17:
2619 3517 2774 3567 Pleni

1725 3594 1936 3664 fructas
1968 3604 2093 3647 sunt
2129 3594 2343 3664 plurimi
2374 3612 2386 3647 ε
2415 3604 2574 3662 atque
2599 3593 2765 3647 etiam

1747 3673 1863 3726 Art.
1884 3674 2057 3726 Amat.
2080 3674 2133 3726 ll
2153 3712 2168 3740 ,
2195 3674 2291 3725 322
2306 3711 2320 3738 ,
2339 3673 2771 3740 plenasalceme-

1741 3765 1844 3806 ten·
1868 3754 1940 3808 ita
1975 3754 2202 3823 accipio,
2238 3765 2297 3807 ut
2332 3753 2473 3823 apud
2504 3752 2768 3807 Claudia-

1744 3850 1877 3885 num
1898 3871 1913 3899 ,
1944 3832 2039 3901 Ep.
2066 3830 2132 3884 ad
2161 3832 2350 3885 Seren.
2386 3834 2444 3898 41
2463 3870 2478 3898 ,
2504 3851 2770 3885 numerosa

1728 3909 1894 3976 falce,
1914 3910 2152 3981 plurimis
2165 3910 2379 3964 falcibus
2394 3919 2618 3972 metere;
2632 3910 2767 3962 male

1744 3989 1815 4042 ibi
1832 3989 2177 4042 Burmannus
2194 3988 2401 4056 mallet,
2412 3993 2571 4055 plena
2589 3991 2736 4041 lance
2749 4028 2764 4049 ‚

1745 4066 1892 4121 lance
1913 4067 2059 4120 enim
2082 4087 2193 4120 non
2221 4066 2456 4119 metitur.
2481 4065 2592 4120 Cic.
2613 4066 2767 4119 Bosc.

1748 4149 1870 4202 Am.
1896 4170 1924 4201 2
1944 4187 1958 4214 ,
1973 4153 2132 4215 plena
2141 4153 2382 4215 pecunia,
2408 4146 2635 4217 plurima
2651 4185 2667 4212 ,
2687 4164 2767 4197 co-

1746 4227 1988 4298 piosa.—
2004 4227 2279 4293 Nonsalsa
2292 4268 2306 4288 ‚
2333 4226 2453 4279 vide
2478 4225 2541 4279 ad
2558 4246 2627 4279 vs.
2656 4226 2774 4276 250.

1813 4305 1928 4377 ²9³·
1947 4306 2117 4358 sensu
2133 4313 2188 4359 et
2206 4308 2424 4361 erubuit.
2444 4303 2639 4359 Melius
2659 4300 2771 4353 ob·-
