3185 5138
659 503 788 594 392

1192 506 1271 571 P.
1348 506 1709 575 OVIDII
1766 508 2226 576 NASONIS

659 646 821 743 Quo
852 644 1033 720 ferus
1068 645 1320 745 injusto
1354 648 1550 748 petiit
1581 650 2075 745 Agamemnona
2108 648 2304 724 ferro.

665 798 700 828 α
740 765 1294 866 Immemoresque
1327 767 1456 839 mei
1493 767 1860 854 disceditis»,
1899 767 2155 868 iuquit,
2192 767 2488 842 Achivi?

2696 791 2798 860 44⁵

668 912 703 944 »
745 877 1145 979 Obrutaque
1183 899 1285 955 est
1316 910 1572 956 mecum
1608 883 1874 956 virtutis
1908 882 2119 978 gratia
2152 884 2450 956 nostrae?

665 1031 700 1062 υ
741 997 842 1069 Ne
874 996 1109 1085 facite3
1145 1016 1353 1100 utque
1392 1028 1615 1073 meum
1649 1028 1788 1072 non
1823 999 1911 1073 sit
1936 998 2075 1074 sine
2102 998 2358 1074 honore
2384 998 2756 1101 sepulcrum
2777 1057 2796 1088 ‚

669 1146 705 1178 »
744 1112 971 1187 Placet
999 1113 1344 1190 Achilleos
1376 1134 1659 1190 mactata
1689 1114 2023 1217 Polyxena
2057 1144 2302 1189 manes.
2340 1149 2377 1181 »

662 1228 855 1302 Dixit
884 1259 899 1303 ε
937 1248 1003 1303 et
1029 1231 1267 1304 immiti
1302 1233 1500 1308 sociis
1529 1233 1920 1334 parentibus
1953 1233 2245 1319 umbrae,

664 1348 885 1448 Rapta
919 1349 1070 1424 sinu
1101 1351 1368 1439 matriS,
1406 1381 1605 1453 quam
1628 1352 1759 1450 jam
1795 1379 2004 1452 prope
2032 1350 2177 1425 sola
2203 1349 2510 1438 fovebat,

2705 1371 2807 1438 450

664 1461 890 1534 Fortis
910 1516 928 1551 ,
970 1480 1034 1535 et
1067 1462 1329 1551 infelix,
1367 1482 1433 1538 et
1461 1465 1616 1566 plus
1655 1493 1854 1566 quam
1888 1464 2130 1538 semina
2151 1520 2170 1551 ‚
2204 1463 2393 1557 virgo

669 1578 960 1651 Ducitur
988 1578 1070 1652 ad
1106 1578 1434 1654 tumulum
1457 1635 1477 1668 ‚
1515 1580 1794 1681 diroque
1828 1579 1906 1653 fit
1935 1580 2156 1653 hostia
2187 1579 2415 1652 busto.

669 1696 843 1792 Quae
875 1725 1131 1770 memor
1161 1698 1309 1799 ipsa
1343 1697 1487 1784 sui,
1520 1716 1881 1798 postquam
1912 1696 2292 1771 crudelibus
2323 1694 2461 1770 aris

671 1813 964 1887 Admota
997 1832 1135 1902 est,
1173 1815 1512 1916 sensitque
1546 1815 1679 1890 sibi
1709 1816 1841 1890 sera
1878 1844 2056 1891 sacra
2085 1814 2336 1915 parari;

673 1928 907 2033 thue
940 1931 1457 2033 Neoptolemum
1494 1949 1775 2007 stantem
1796 1988 1815 2020 ‚
1849 1927 2233 2033 ferrumque
2267 1947 2594 2006 tenentem
2614 1986 2634 2018 ,
2706 1951 2807 2020 455

675 2049 892 2148 Inque
928 2077 1050 2122 suo
1084 2048 1251 2122 vidit
1283 2048 1591 2145 figentem
1627 2049 1876 2124 lumina
1909 2048 2142 2123 vultu:

681 2199 715 2229 «
761 2168 963 2239 Utere
994 2164 1381 2264 jamdudum
1417 2193 1742 2262 generoso
1774 2165 2132 2262 sanguine,
2170 2162 2337 2238 dixit
2366 2192 2384 2252 ;

676 2324 767 2393 qui
789 2325 836 2378 ei
858 2324 1037 2379 similis
1059 2334 1166 2386 est;
1191 2324 1309 2378 vide
1337 2324 1605 2379 Drakenb.
1630 2325 1697 2379 ad

677 2401 872 2467 sil.11,
897 2402 1009 2468 634„
1033 2402 1293 2463 -Petear,
1318 2414 1497 2472 petere
1518 2402 1696 2456 voluit.

723 2527 726 2530 .
754 2482 866 2548 446.
913 2485 1098 2536 Gratia
1136 2482 1304 2551 placet
1345 2501 1453 2552 prae
1496 2482 1695 2550 altero,

673 2563 868 2627 gloria,
910 2559 1053 2630 quod
1092 2571 1308 2614 tuentur
1346 2558 1497 2614 multi
1532 2560 1696 2615 MSS.

683 2636 775 2690 lna
800 2637 944 2691 enim
972 2638 1176 2708 gravius
1200 2638 1605 2691 incitamentum
1631 2636 1697 2690 ad

679 2712 847 2768 officia
889 2714 1230 2785 persolvenda
1251 2755 1265 2781 ‚
1296 2734 1455 2784 quam
1487 2715 1614 2769 haec.
1633 2742 1700 2754 —

677 2796 791 2847 Non
814 2800 889 2847 sit
909 2799 1021 2848 siae
1040 2815 1056 2845 .·
1082 2794 1441 2848 Broukbusius
1474 2792 1700 2847 malebat

683 2889 747 2923 ne
765 2875 848 2925 sit.
867 2899 934 2912 ·—
954 2872 1073 2924 Se'ne
1098 2875 1304 2934 honore,
1327 2872 1437 2925 sine
1463 2871 1699 2940 insen-iis,

681 2958 741 3000 ut
762 2968 908 3001 sacra
924 2967 1057 3018 saepe
1082 2952 1293 3002 honores
1317 2949 1580 3003 dicuntur.

752 3029 865 3098 449.
910 3027 1163 3080 Sociorum
1206 3027 1481 3081 sententias
1521 3026 1697 3082 divisa·

680 3115 834 3156 erant
858 3142 875 3162 .
925 3105 1039 3158 aliis
1068 3123 1182 3158 non
1207 3108 1485 3171 parendum
1519 3109 1707 3160 onmia

679 3186 861 3236 umbra·
874 3184 1205 3237 censentibus
1227 3203 1240 3235 :
1266 3182 1357 3236 sed
1383 3182 1466 3237 hic
1489 3203 1698 3253 quoque

679 3265 803 3318 vicit
820 3263 1089 3334 eloquium
1108 3264 1337 3337 Ulyssis;
1367 3262 1604 3332 Euripid.
1626 3286 1699 3319 vs.
1742 3280 1746 3285 ⁴

686 3364 706 3396 ι
723 3362 784 3414 ¹9
803 3362 909 3413 seq.
935 3371 1001 3383 -
1023 3345 1244 3396 Favebat
1273 3341 1496 3412 eleganti
1530 3354 1702 3397 meta-

682 3424 847 3495 phora
887 3443 1124 3477 amonem
1160 3424 1436 3493 exprimit,
1476 3443 1582 3493 quo
1607 3445 1702 3494 pa·-

680 3515 860 3558 rentes
878 3503 1266 3573 amplectuntur
1281 3503 1701 3557 liberos.-Solus

681 3593 736 3634 et
757 3585 980 3636 solitudo
1003 3581 1069 3634 de
1094 3582 1155 3635 iis
1177 3581 1367 3634 dicitur
1393 3581 1482 3649 qui
1506 3600 1702 3650 paren-

684 3664 822 3716 tibus
848 3701 862 3728 ,
900 3662 1208 3731 coniugibus
1239 3701 1257 3727 ,
1296 3662 1469 3715 liberis
1514 3661 1703 3731 privati

682 3750 822 3795 sunt.
836 3741 1033 3792 -Plus
1045 3740 1402 3809 quamseme‘na
1413 3779 1426 3800 ,
1449 3759 1702 3809 superans

683 3838 866 3875 sexum
893 3838 1047 3872 suum
1080 3818 1365 3871 tolerandis
1394 3818 1704 3871 calamitati-

682 3899 808 3964 bus;
837 3899 915 3953 lx
930 3937 945 3965 ,
972 3898 1067 3964 543
1084 3936 1098 3962 ‚
1115 3900 1237 3963 plus
1258 3916 1406 3964 quam
1415 3895 1703 3965 senepucl·

682 3982 788 4030 Iam
804 3980 963 4030 Posse
974 3987 1145 4043 pules,
1182 3995 1272 4041 ego
1295 3978 1419 4027 dura
1439 3979 1547 4027 tuli.
1566 3976 1700 4029 Tan.

685 4055 858 4109 Faber
880 4053 933 4107 h.
957 4073 1088 4107 vers.
1114 4052 1179 4105 ad
1205 4053 1327 4107 artis
1350 4052 1552 4124 regulas
1572 4073 1702 4105 mo—

684 4152 802 4186 rose
824 4131 1126 4185 examinans
1142 4170 1158 4199 ,
1183 4131 1330 4185 valde
1356 4151 1481 4186 eum
1500 4131 1703 4200 impro-

685 4212 774 4264 bat
794 4248 812 4277 ,
844 4209 1195 4280 emendatque
1217 4249 1231 4276 ‚
1266 4211 1480 4263 Fortiter
1503 4211 1702 4278 inselelt.

690 4286 901 4343 AEstum
927 4288 1046 4357 eius
1066 4286 1336 4357 componit
1363 4286 1703 4342 Burmannus

1795 2325 1885 2394 qui
1905 2322 2120 2390 suadet,
2148 2324 2313 2376 Fortis
2333 2325 2422 2390 (at
2437 2321 2619 2389 infel&
2639 2321 2660 2387 )
2680 2339 2694 2385 ς
2717 2340 2812 2374 ve·-

1792 2426 1914 2459 rum
1938 2405 2064 2459 illud
2086 2414 2145 2457 a!
2170 2404 2254 2457 hic
2269 2404 2353 2456 vix
2373 2403 2532 2457 habet
2551 2422 2706 2458 suum
2732 2404 2814 2457 lo-

1793 2504 1931 2538 cum.
1956 2482 2110 2538 Ordo
2128 2484 2409 2536 verborum
2426 2482 2650 2536 debebat
2665 2502 2773 2536 esse
2794 2522 2811 2549 ,

1794 2561 1941 2631 virgo
1973 2601 1991 2627 ,
2028 2559 2202 2614 infelix
2222 2599 2238 2626 ,
2282 2559 2373 2613 sed
2390 2558 2565 2632 ‘fortis
2603 2571 2658 2613 et
2700 2559 2813 2630 plus

1795 2660 1954 2709 quam
1975 2639 2171 2693 semina
2197 2659 2209 2693 ε
2232 2639 2321 2692 sed
2351 2639 2494 2693 licuit
2518 2648 2686 2708 poetae
2703 2638 2813 2692 hnc

1793 2720 1952 2772 verba
1990 2729 2331 2787 transponere
2352 2757 2372 2785 ‚
2407 2728 2469 2771 ut
2500 2717 2698 2772 centies
2731 2716 2811 2769 sa-

1795 2807 1940 2850 ctum
1964 2796 2224 2849 videmus.

1861 2875 1973 2941 453.
1999 2877 2202 2928 Memor
2218 2879 2330 2937 sui,
2356 2892 2409 2927 se
2431 2892 2540 2926 esse
2556 2872 2815 2942 virginem

1795 2954 1993 3023 regiam
2010 2992 2024 3019 ,
2050 2964 2103 3006 et
2122 2953 2358 3005 animum
2377 2952 2569 3003 sortem
2591 2970 2816 3005 servans.

1796 3032 1913 3086 Hos
1931 3051 2112 3085 mores
2128 3032 2287 3101 spirat
2314 3041 2421 3083 tam
2442 3048 2558 3099 quae
2579 3030 2816 3098 sequitur

1795 3112 1961 3165 oratio
1984 3148 1998 3177 ,
2030 3130 2188 3180 quam
2216 3107 2457 3180 preclara
2481 3108 2633 3162 cadis
2659 3109 2812 3178 ipsius

1795 3189 2026 3243 narratio
2046 3228 2063 3255 ‚
2086 3208 2215 3242 vers.
2239 3189 2475 3257 475-480
2493 3225 2509 3252 ,
2538 3185 2603 3239 ad
2629 3205 2814 3239 exem-

1794 3268 1942 3338 plum
1966 3265 2265 3336 Euripidis,
2289 3286 2360 3324 vs.
2386 3265 2485 3331 345
2507 3265 2813 3333 sqqe-—Fera

1792 3363 1944 3397 sacra
1959 3364 1974 3396 :
1992 3343 2232 3397 nonnulli
2243 3343 2527 3411 strasata5
2551 3361 2686 3395 unus
2704 3342 2815 3395 Me·

1795 3423 1970 3477 diceus
1990 3424 2117 3491 sera
2152 3428 2303 3476 busta
2322 3463 2334 3482 .
2381 3421 2523 3475 unde
2563 3422 2813 3475 Heinsius

1794 3500 2007 3569 conjicit
2012 3501 2136 3568 sera
2138 3500 2304 3568 justa.
2323 3500 2454 3551 Feta
2465 3518 2616 3555 sacra
2630 3490 2684 3552 in
2705 3500 2816 3552 Re-

1792 3579 1885 3648 giis
1899 3579 2177 3633 codicibus.
2190 3580 2305 3631 Sibe·
2313 3598 2465 3632 sacra
2475 3584 2670 3645 parari,
2695 3597 2812 3648 pro,

1793 3677 1848 3710 se
1876 3656 2188 3710 destinatam
2221 3677 2328 3710 esse
2364 3656 2582 3710 hostiam
2602 3697 2617 3722 ‚
2655 3657 2815 3709 etiam

1796 3737 1934 3807 apud
1955 3736 2233 3807 Virgilium
2249 3776 2263 3803 ‚
2287 3737 2413 3790 AEn.
2437 3738 2519 3803 ll,
2555 3737 2658 3790 132.
2681 3736 2805 3789 Non

1794 3828 1975 3870 autem
1998 3826 2109 3869 tum
2136 3815 2353 3870 demum
2375 3820 2558 3875 sensit,
2585 3815 2675 3869 sed
2697 3817 2807 3884 jam

1795 3905 1915 3948 ante
1939 3898 2619 3963 cognorat—Neoptolemus
2636 3915 2807 3949 sacer-

1796 3973 1890 4027 dos
1903 3983 2014 4026 erat
2030 3973 2341 4027 constitutus
2362 3973 2517 4042 hujus
2538 3972 2772 4027 sacrificii
2791 3996 2807 4038 ;

1795 4051 2075 4121 Euripides
2091 4091 2107 4118 ,
2129 4071 2259 4105 vers.
2279 4052 2390 4103 223.
2410 4049 2701 4120 Quomodo
2724 4052 2809 4104 in·

1796 4128 2009 4184 terfecta
2032 4130 2132 4196 sit,
2163 4128 2439 4199 diligenter
2465 4129 2624 4183 matri
2649 4130 2810 4183 refert

1796 4208 2106 4281 Talthybius
2129 4207 2252 4262 ibid.
2277 4229 2410 4262 vers.
2435 4213 2524 4262 521
2553 4229 2665 4279 sqq.

1860 4290 1972 4358 457.
1993 4290 2326 4354 Iamdudum,
2355 4307 2453 4343 con
2461 4286 2613 4341 tinuo
2631 4328 2644 4357 ,
2659 4307 2821 4358 quam
