3185 5138
1173 565 1547 637 INDEX.

276 725 495 799 Jupiter
515 727 570 779 in
592 738 809 781 taurum.

277 807 491 881 Jupiter
514 807 573 860 in
597 807 834 879 aquilam.

275 886 489 960 Jupiter
515 886 571 938 in
595 905 829 958 cycnum.

276 964 490 1039 Jupiter
516 965 572 1016 in
598 977 836 1036 satyrum.

275 1046 488 1118 Jupiter
512 1045 568 1097 in
592 1043 1025 1117 Amphytrionem.

275 1123 490 1196 Jupiter
514 1123 568 1174 in
592 1142 786 1175 aurum.

275 1201 489 1274 Jupiter
516 1201 571 1253 in
602 1201 792 1273 ignem.

275 1279 486 1354 Jupiter
510 1279 565 1331 in
591 1292 854 1352 pastorem.

275 1357 488 1431 Jupiter
513 1357 567 1410 in
594 1369 888 1431 serpentem.

277 1437 557 1509 Neptunus
589 1435 643 1487 in
668 1435 955 1507 juvencum.

276 1515 553 1588 Neptunus
579 1513 634 1566 in
661 1513 912 1585 Enipeum
935 1510 1166 1566 fluvium.

278 1593 553 1666 Neptunus
579 1592 634 1645 in
662 1592 882 1646 arietem.

279 1672 555 1743 Neptunus
579 1670 633 1722 in
660 1690 862 1741 equum.

279 1749 554 1820 Neptunus
579 1748 634 1800 in
659 1748 962 1822 delphinem.

279 1825 474 1898 Apollo
500 1826 554 1877 in
578 1839 841 1899 pastorem.

279 1905 473 1979 Apollo
499 1907 553 1958 in
581 1907 877 1980 accipitrem.

282 1982 475 2055 Apollo
504 1984 559 2036 in
581 1984 795 2037 leonem.

282 2063 522 2117 Bacchus
547 2064 601 2116 in
623 2085 790 2120 uvam.

286 2145 541 2198 Saturnus
572 2147 626 2198 in
651 2166 853 2218 equum.

284 2224 462 2275 Niobe
487 2224 541 2275 in
566 2244 802 2278 marmor.

284 2302 483 2354 Niobes
509 2300 731 2355 filiorum
764 2324 912 2358 mors.

283 2379 591 2451 Amphionis
622 2381 793 2434 exitus.

284 2459 432 2530 Lycii
455 2459 626 2511 rustici
651 2461 707 2512 in
729 2479 892 2516 rann.

283 2536 499 2591 Μυσίαι
525 2538 577 2590 in
609 2536 836 2594 fluvium.

283 2616 555 2669 Ebur-neus
578 2617 778 2692 Pelopis
801 2618 1053 2678 humerus.

282 2694 474 2748 Tereus
498 2696 553 2747 in
578 2717 814 2770 upupam.

284 2774 493 2845 Progne
520 2774 575 2827 in
600 2775 941 2830 hirundinem.

282 2852 570 2907 Philomela
593 2855 647 2907 in
669 2855 953 2910 lusciniam.

285 2930 542 3004 Orithyioe
567 2946 748 3007 raptus.

286 3007 433 3062 Zetes
457 3024 505 3063 et
529 3010 695 3065 Calais
719 3012 852 3065 alati.

588 3167 837 3237 mnan
885 3168 1018 3222 vu

290 3321 539 3374 Draconis
561 3322 764 3375 dentes'
750 3344 804 3375 ιιι
828 3324 1058 3379 homiues
1080 3339 1310 3383 armatos.

288 3401 321 3452 J
327 3417 490 3450 asoms
514 3398 568 3449 in
593 3397 806 3453 Colchos
827 3403 1089 3476 expeditio.

289 3475 473 3529 Phinei
500 3476 764 3530 calamitas.

290 3556 487 3607 Medeae
508 3574 715 3608 amores.

290 3634 487 3686 Tauri
472 3652 644 3706 ignem
673 3631 912 3689 efflantes.

290 3712 556 3785 Pei-vigilis
580 3712 830 3765 Draconis
853 3731 1017 3786 sopor.

291 3789 457 3843 AEson
480 3810 538 3843 ex
561 3809 679 3843 sene
701 3789 910 3861 juvenis.

290 3870 477 3923 Aridus
503 3868 648 3922 olive
673 3887 841 3921 ramus
864 3869 919 3920 in
945 3868 1175 3923 viridem.

289 3947 456 4001 Gnue
480 3965 623 4019 aqua
645 3947 698 3999 in
721 3943 883 4002 flores.

290 4026 519 4079 Nutriees
540 4024 728 4079 Bacchi
753 4046 811 4078 ex
831 4025 1010 4079 vetulis
1033 4025 1252 4098 juvenes.

289 4106 433 4158 Aries
456 4105 597 4158 senio
617 4108 870 4161 consectus
893 4107 950 4164 in
971 4124 1176 4180 agnum.

286 4180 441 4235 Peliae
465 4183 638 4237 cedes.

288 4260 563 4314 Cerambus
592 4262 644 4314 in
670 4281 832 4319 avem.

286 4337 454 4393 Draco
480 4339 538 4395 in
562 4358 751 4421 saxum.

2301 572 2434 664 559

1412 730 1668 781 Juvencus
1697 725 1754 778 in
1775 745 1993 781 cervum.

1417 807 1538 861 Cooe
1565 807 1799 860 mulieres
1826 819 2063 861 cornute.

1409 885 1587 938 Telchi
1611 885 1723 938 visu
1751 886 1924 938 omnia
1946 897 2206 942 mutantes.

1410 963 1591 1039 Hyries
1615 962 1748 1017 filius
1775 964 1831 1016 iu
1856 984 2085 1039 cycnum.

1409 1041 1568 1114 Hyrie
1594 1041 1648 1093 in
1674 1042 1853 1095 lacum.

1411 1120 1606 1173 Combe
1631 1118 1687 1172 in
1711 1140 1871 1174 avem.

1410 1196 1583 1271 Fungi
1610 1199 1663 1250 in
1693 1198 1944 1253 homines.

1409 1275 1634 1330 Phineus
1661 1277 1716 1328 in
1742 1296 1902 1329 avem.

1410 1349 1651 1426 Periphas
1673 1353 1729 1404 in
1753 1372 1912 1406 avem.

1411 1432 1810 1506 Polyphemonis
1834 1431 1943 1486 filia
1968 1433 2024 1486 iu
2046 1454 2205 1491 avem.

1409 1515 1596 1567 Medea
1623 1514 1685 1566 ad
1709 1515 1948 1586 AEgeum.

1410 1593 1620 1645 Cerberi
1643 1612 1819 1665 spuma
1841 1593 1895 1644 in
1922 1595 2191 1651 aconitum.

1411 1670 1591 1723 Thesei
1614 1682 1766 1743 gesta.

1411 1747 1639 1801 Scironis
1663 1747 1870 1802 latronis
1897 1768 2008 1803 ossa
2030 1750 2086 1802 in
2109 1753 2353 1827 scopulos.

1411 1825 1603 1879 Minois
1623 1827 1853 1880 bellum
1838 1847 1893 1881 ιιι
1915 1830 2257 1889 Athenienses.

1412 1903 1681 1958 Sithonis
1668 1926 1722 1958 ιιι
1747 1908 2086 1962 monedulam.

1410 1982 1606 2055 AEgiua
1632 1983 1796 2038 insula
1820 2004 1933 2055 quae
1960 1999 2007 2038 et
2029 1987 2255 2043 OEnona.

1408 2060 1562 2112 AEaci
1585 2059 1697 2114 filii.

1410 2139 1658 2192 Formicae
1687 2140 1742 2192 in
1771 2139 2015 2196 homines.

1409 2218 1566 2272 Pestis
1592 2219 1873 2292 descriptio.

1412 2297 1660 2370 Cephalus
1681 2297 1934 2352 Procridis
1957 2299 2167 2355 maritus
2190 2301 2248 2355 in
2275 2301 2426 2355 aliam

1474 2376 1705 2449 figuram.

1406 2456 1596 2530 Vulpes
1625 2470 1673 2510 et
1694 2458 1831 2511 canis
1856 2458 1912 2510 in
1937 2477 2070 2543 saxa.

1406 2530 1660 2587 Procridis
1687 2553 1837 2588 mors.

1687 2694 1946 2748 LIBER
1978 2696 2150 2762 vlu

1406 2849 1559 2903 Nisus
1582 2849 1639 2902 in
1660 2847 1898 2903 halietnm
1923 2869 2086 2906 avem.

1409 2928 1578 3001 Scylla
1606 2928 1660 2979 in
1686 2928 1861 3001 Cyrim
1882 2948 2041 2984 avem.

1408 3006 1546 3059 Muri
1572 3006 1784 3060 vocales.

1405 3084 1706 3158 labyrinthi
1729 3085 1977 3139 Cretensis
1998 3085 2279 3160 descriptio.

1406 3164 1648 3217 Ariadnae
1672 3185 1859 3218 corona
1880 3166 1936 3218 in
1960 3166 2113 3220 sidus.

1405 3241 1608 3293 Daedali
1630 3242 1838 3295 volatus.

1405 3317 1560 3371 Talus
1572 3339 1695 3392 puer
1707 3338 1855 3373 serroe
1871 3319 2145 3391 circinique
2164 3320 2424 3389 inventor,

1472 3396 1527 3448 in
1552 3397 1823 3470 perdicem.

1404 3477 1644 3530 Daedalus
1670 3477 1733 3529 ad
1757 3476 2015 3528 Cocalum.

1404 3556 1530 3627 Apri
1557 3554 1832 3628 Calydonii
1853 3554 2135 3627 descriptio.

1404 3633 1655 3686 Atalanta
1680 3634 1857 3686 forma.

1403 3713 1600 3767 Altheae
1626 3714 1797 3766 fratres
1827 3733 1857 3766 a
1881 3710 2139 3787 Meleagro
2164 3714 2292 3768 cesi.

1405 3794 1570 3866 Stipes
1594 3793 1649 3845 in
1672 3813 1775 3865 quo
1797 3793 2042 3866 Meleagri
2067 3795 2186 3849 vita.

1402 3871 1652 3943 Meleagri
1677 3891 1827 3925 mors.

1402 3946 1653 4021 Meleagri
1669 3969 1860 4003 sorores
1876 3949 1932 4002 in
1950 3969 2064 4004 aves
2077 3950 2420 4027 meleagridas.

1402 4028 1657 4082 Naiades
1642 4050 1698 4081 ιιι
1719 4030 2002 4085 Echinadas
2022 4032 2225 4087 insulas.

1401 4107 1649 4161 Perimele
1669 4110 1935 4185 nympha
1919 4132 1975 4165 ιιι
1995 4112 2229 4167 insulam.

1402 4186 1700 4260 Oppidum
1687 4207 1742 4240 m
1768 4202 2016 4262 stagnum.

1400 4266 1598 4340 Jupiter
1619 4287 1733 4321 cum
1756 4269 2046 4325 Mercurio
2027 4290 2087 4325 ιι
2103 4271 2351 4333 honines.

1403 4343 1577 4399 Casa'
1563 4366 1619 4399 ia
1640 4344 1897 4423 templum.
