3185 5138
601 553 1631 624 METAMORPHOSEON
1676 501 1871 622 LIB.
1922 557 2148 624 XIV.

2311 553 2444 648 475

306 696 769 797 Tempestivus
808 712 949 770 erat
978 693 1136 769 caelo
1175 681 1566 804 Cythereius
1596 693 1841 782 heros;

306 812 786 913 Ambieratque
822 814 1053 886 Venus
1087 811 1422 914 Superos;
1462 808 1768 910 colloque
1802 811 2095 911 parentis

2260 884 2270 894 ,
2354 830 2455 885 585

312 927 729 1002 Circumfusa
770 929 916 1016 sui3
953 962 988 993 «
1027 931 1387 1029 Nunquam
1421 927 1583 1001 mihi
1606 983 1625 1015 ,
1662 927 1947 1015 dixerat,
1981 925 2124 1001 ullo

312 1075 354 1109 »
394 1045 725 1145 Tempore
761 1043 924 1120 dure
956 1062 1181 1145 pater,
1216 1072 1395 1117 nunc
1431 1044 1521 1118 sis
1548 1042 1938 1117 mitissimus
1965 1071 2131 1130 oro;

312 1192 352 1224 »
395 1161 752 1262 AEneaeque
786 1190 976 1249 meo,
1017 1162 1134 1263 qui
1170 1178 1236 1234 te
1270 1161 1352 1235 de
1384 1160 1706 1257 sanguine
1737 1178 1972 1235 nostro

313 1308 353 1342 »
394 1276 580 1349 Fecit
612 1306 843 1366 avum,
881 1279 1181 1379 quamvis
1214 1305 1529 1380 parvum,
1567 1277 1723 1366 des,
1766 1276 2058 1377 optime,
2092 1300 2375 1348 numen·
2361 1330 2377 1358 ‚

316 1425 355 1457 »
396 1391 783 1468 Dummodo
814 1394 930 1468 des
961 1394 1284 1496 aliquod.
1317 1392 1477 1470 satis
1511 1411 1613 1467 est
1640 1390 1994 1467 inamabile
2025 1418 2304 1486 regnum
2355 1411 2456 1479 590

312 1545 353 1576 >²
393 1509 793 1612 Adspexisse
826 1512 1063 1602 semel,
1104 1512 1374 1615 Stygios
1407 1508 1611 1585 semel
1643 1511 1771 1584 isse
1803 1538 1922 1610 per
1955 1537 2198 1583 amnes.
2236 1540 2272 1572 »

307 1625 691 1702 Adsensere
724 1630 838 1702 Dii
871 1659 886 1704 ε
920 1658 1042 1704 nec
1079 1629 1325 1729 conjux
1359 1627 1538 1724 regia
1567 1626 1795 1700 vultus

194 1784 201 1793 ·
308 1747 637 1819 Immotos
672 1747 924 1835 tenuit,
960 1745 1354 1848 placatoque
1390 1745 1628 1822 adnuit
1662 1773 1796 1818 ore.

309 1860 491 1931 Tum
525 1875 751 1959 pater;
795 1893 830 1925 α
866 1860 1091 1948 listis,
1132 1859 1263 1948 ait,
1301 1859 1545 1935 caelesti
1575 1887 1847 1933 munere
1882 1856 2105 1955 digui3

314 1974 620 2073 Quaeque
634 1974 830 2074 petiS‚
848 2002 976 2075 pro
1003 2003 1269 2076 quoque
1296 1974 1507 2077 petis:
1532 2001 1713 2073 cape,
1737 1991 1953 2068 gnata,
1977 1971 2160 2073 quod
2180 1988 2392 2073 optas.
2417 2003 2450 2033 »

310 2092 522 2166 Fatus
555 2110 737 2165 erat:
769 2093 1048 2188 gaudet,
1089 2100 1436 2194 gratesque
1468 2093 1608 2188 agit
1636 2090 1750 2163 illa
1780 2092 2076 2191 parenti3

2360 2110 2460 2180 596

315 2211 580 2310 Perque
613 2207 787 2284 leves
819 2237 1011 2283 auras
1043 2211 1290 2309 junctis
1324 2211 1580 2283 invecta
1615 2206 1940 2282 columbis

316 2324 515 2397 Litus
554 2323 695 2397 adit
728 2326 1063 2412 Laurens,
1096 2324 1218 2397 ubi
1250 2340 1463 2397 tectus
1493 2321 1816 2397 arundine
1851 2323 2061 2423 serpit
2095 2418 2099 2422 ¹

317 2445 403 2516 In
433 2441 599 2513 freta
629 2440 956 2515 flumineis
986 2442 1199 2514 vicina
1223 2441 1572 2514 Numicius
1604 2439 1824 2516 undis.

320 2561 526 2635 Hunc
554 2557 748 2657 jubet
779 2559 1006 2633 AEneae
1028 2615 1047 2647 ‚
1078 2587 1508 2660 quaecumque
1544 2556 1837 2631 obnoxia
1873 2555 2113 2643 morti,

2356 2577 2460 2629 600

319 2671 616 2748 Abluere
636 2728 655 2760 ‚
687 2690 752 2745 et
788 2672 988 2747 tacito
1028 2672 1276 2746 deferre
1308 2673 1435 2746 sub
1471 2700 1739 2773 aequora
1773 2699 1991 2745 cursu.

324 2840 351 2893 1
368 2879 384 2904 ,
405 2860 518 2892 2.—
528 2839 863 2906 Tempestivus
875 2848 987 2890 erat
998 2842 1120 2891 celo
1135 2855 1152 2901 ‚·
1175 2848 1236 2891 ut
1252 2837 1343 2907 qui

321 2916 505 2988 gloria
525 2935 631 2970 suoe
651 2916 773 2970 satis
795 2917 997 2970 vixisset
1014 2956 1029 2984 ‚
1066 2917 1192 2970 caelo
1213 2936 1342 2970 ma-

323 3008 501 3062 turus,
523 2994 673 3049 Divis
687 2994 1058 3050 adscribendus
1079 3007 1227 3050 esset.
1242 2999 1342 3049 Ed.

391 3078 504 3144 587.
521 3077 669 3128 Nunc
682 3080 759 3127 sis
772 3079 1068 3131 mentesanus
1083 3096 1185 3129 oro.
1200 3076 1304 3129 Alii
1323 3115 1340 3142 ‚

324 3161 385 3204 ut
403 3151 566 3205 codex
582 3153 777 3221 Regius
797 3152 843 3206 B
859 3193 874 3220 ,
899 3164 1029 3221 opto.
1048 3181 1114 3194 —
1128 3156 1345 3208 Parvum

325 3253 506 3286 numen
518 3233 717 3287 AEneas
737 3233 877 3287 inter
893 3234 1158 3306 Indigetes
1178 3246 1232 3288 et
1249 3237 1348 3289 Pe-

326 3322 476 3367 nates
499 3312 690 3365 relatus
708 3350 724 3378 ,
759 3313 847 3381 qui
864 3319 1021 3381 parve·
1041 3317 1348 3368 De'e'vocan-

330 3401 436 3442 tur.
463 3389 698 3456 Quidam
721 3429 736 3456 ,
774 3411 870 3460 pro
902 3412 1078 3444 numen
1102 3432 1115 3454 ,
1150 3391 1347 3445 habent

327 3486 507 3521 manus
528 3476 618 3519 aut
641 3468 1088 3522 donum—Codex
1113 3470 1243 3539 Reg.
1259 3471 1306 3524 A
1329 3509 1345 3536 ,

328 3555 386 3598 et
401 3542 563 3597 codex
581 3543 626 3597 B
647 3564 744 3613 pro
761 3545 961 3598 diversa
978 3545 1200 3599 lectione
1215 3586 1230 3613 ,
1251 3548 1350 3600 ha-

330 3624 462 3676 bent
504 3641 696 3675 munus.
721 3650 787 3663 —
807 3626 1123 3690 Adspexisse
1157 3630 1338 3687 semel,

332 3719 501 3772 quum
517 3740 533 3768 ,
550 3698 746 3771 Sibylla
761 3699 893 3755 duce
909 3740 924 3767 ,
948 3700 1012 3754 ad
1029 3701 1228 3755 inferos
1242 3703 1349 3757 de·-

330 3777 624 3832 scenderet.

402 3858 515 3926 594.
536 3858 681 3909 Este‘s
697 3894 711 3907 .
728 3896 741 3909 .
756 3895 770 3908 .
788 3858 942 3924 digni.
968 3855 1151 3909 Codex
1170 3867 1351 3911 noster

338 3932 536 4002 Regius
559 3935 638 4000 A,
664 3936 768 3987 Est
794 3940 842 3986 e's
861 3975 874 3989 .
898 3974 910 3987 .
933 3973 946 3987 .
968 3938 1181 4003 dignus,
1214 3936 1350 3989 male

335 4024 552 4083 propter
571 4014 842 4083 sequentia
865 4014 1006 4068 verb.
1034 4016 1246 4083 Qua-que
1257 4034 1354 4083 pe-

333 4096 431 4155 ιιζῐ,
451 4111 546 4160 pm
565 4111 755 4162 quoque
765 4098 918 4160 petis.
942 4092 1045 4145 Ed.
1059 4121 1126 4134 —
1147 4094 1354 4146 Manem

335 4189 433 4240 pro
467 4177 666 4225 num'ne
697 4191 819 4225 cum
848 4172 1138 4227 Mitscberl.
1168 4172 1291 4227 dedi
1321 4192 1351 4226 e

334 4249 516 4305 multis
555 4252 707 4305 bonis
746 4251 893 4305 MSS
920 4273 935 4316 ;
980 4251 1355 4322 adprobaverat

338 4340 392 4385 et
410 4330 676 4387 Heinsius.
698 4359 764 4374 ··-
779 4330 956 4385 Ambo
976 4331 1178 4388 codices
1202 4332 1354 4404 Regii

1439 2835 1689 2891 exhibent
1722 2850 1950 2897 munera
1980 2837 2180 2886 numine
2207 2850 2316 2885 non
2353 2852 2459 2902 po—

1439 2923 1539 2966 test
1580 2911 1739 2982 recipi
1771 2950 1786 2977 ,
1831 2909 1930 2964 nisi
1973 2909 2255 2979 recipiatur
2296 2910 2458 2962 etiam

1439 2988 1591 3043 lectio
1625 2989 1816 3043 codicis
1850 2989 1901 3041 A
1935 2991 2037 3041 Est
2060 2992 2111 3039 is
2129 3027 2141 3040 .
2164 3029 2176 3042 .
2202 3029 2216 3042 .
2240 2991 2456 3056 dignun·

1439 3066 1576 3121 banc
1603 3078 1780 3120 autem
1802 3067 1910 3136 jam
1935 3067 2128 3119 malam
2156 3085 2266 3120 esse
2293 3077 2458 3119 nota-

1439 3146 1627 3199 vimus.
1662 3148 1762 3199 Ed.
1794 3174 1861 3187 —
1889 3148 2096 3198 Juncm
2129 3151 2325 3198 invecta
2361 3163 2461 3197 co-

1440 3231 1638 3283 lumbis.
1668 3228 1878 3281 Primus
1906 3228 2142 3281 Gronov.
2170 3238 2222 3280 et
2253 3237 2357 3281 tres
2379 3225 2464 3279 alii

1441 3312 1604 3362 m'reelc
1629 3314 1861 3371 iunctm·
1893 3306 2139 3361 Francos.
2176 3311 2377 3359 w‘acm.
2397 3334 2464 3345 —

1446 3390 1526 3442 Ita
1548 3390 1604 3443 in
1626 3389 1802 3443 codice
1823 3390 1992 3460 Regio
2017 3390 2064 3443 A
2086 3429 2100 3456 ,
2126 3400 2179 3442 et
2207 3388 2261 3441 in
2285 3387 2463 3442 codice

1444 3468 1491 3521 B
1509 3488 1538 3521 a
1559 3467 1788 3521 secunda
1811 3471 2336 3529 manu-Numicius,
2357 3466 2465 3520 flu·-

1443 3546 1557 3597 vius
1581 3547 1723 3599 inter
1751 3546 2077 3597 Laurentum
2104 3556 2156 3598 et
2185 3544 2464 3598 Lavinium

1447 3623 1734 3680 decurrens
1759 3642 1772 3675 ε
1798 3623 1863 3675 ad
1884 3641 2009 3675 eum
2035 3623 2229 3676 AEneas
2248 3624 2302 3676 in
2329 3643 2467 3693 prae-

1445 3701 1517 3754 lio
1531 3720 1655 3754 cum
1674 3700 1904 3754 Etruscis
1921 3711 2011 3754 aut
2031 3701 2240 3754 Rutulis
2258 3702 2466 3770 periisse

1446 3778 1688 3843 videtur3
1716 3777 1839 3832 hinc
1860 3777 1922 3831 ad
1943 3778 2087 3833 Deos
2101 3780 2280 3834 abiisse
2295 3780 2467 3834 credi-

1447 3866 1531 3909 tus
1560 3866 1640 3910 est
1665 3895 1682 3924 ,
1721 3867 1776 3909 ct
1813 3857 1938 3910 inde
1972 3868 2219 3911 exornata
2254 3857 2428 3911 sabula
2451 3895 2465 3923 ,

1450 3952 1609 4002 quam
1643 3935 1851 4002 respicit
1879 3935 2040 3987 etiam
2072 3935 2340 4000 Tibullus,
2377 3934 2465 4000 11,

1448 4030 1484 4064 v
1500 4051 1516 4078 ,
1541 4013 1640 4079 43:
1666 4033 1695 4059 α
1722 4011 1832 4066 Illic
1853 4023 2061 4067 sanctus
2074 4013 2201 4079 eris,
2225 4031 2390 4082 quum
2413 4022 2465 4066 te

1451 4113 1480 4139 κ
1504 4092 1807 4146 veneranda
1844 4094 2056 4148 Numici
2097 4094 2257 4147 Unda
2288 4093 2467 4146 Deum

1452 4194 1482 4222 κ
1506 4174 1634 4228 calo
1652 4175 1851 4229 miserit
1878 4175 2190 4246 Indigetem.
2207 4197 2235 4221 υ
2254 4202 2320 4215 -
2344 4176 2466 4227 Dc-

1437 4253 1580 4323 setre
1600 4258 1693 4308 snb
1716 4274 1938 4325 equom,
1967 4273 2072 4324 quo
2096 4254 2471 4308 deferebantur

1451 4332 1846 4404 purgamina.—
1853 4335 2032 4388 Tacito
2045 4374 2060 4400 ,
2089 4332 2241 4387 tardo
2252 4343 2471 4402 propter
