3185 5138
706 538 827 604 126

1243 537 1319 602 P.
1382 536 1746 604 OVIDII
1806 537 2264 606 NASONIS

700 715 732 744 ι)
772 681 863 752 Di
891 677 1162 752 melius!
1199 678 1291 751 Di
1321 705 1558 780 nempe
1591 707 1746 752 suas
1778 677 2069 752 habuere
2103 706 2384 751 sorores,

701 829 733 860 »
775 796 884 868 Sic
919 795 1244 869 Saturnus
1278 796 1484 896 Opim
1508 853 1527 882 ‚
1563 797 1860 894 junctam
1891 795 2023 868 sibi
2058 796 2412 890 sanguine,
2452 792 2677 878 duxit,

699 947 733 976 υ
772 912 1077 985 Oceanus
1101 910 1363 1011 Tethyn
1385 967 1404 998 ‚
1435 914 1774 985 Jnnonem
1806 930 2028 985 rector
2063 910 2360 1011 Olympi.

699 1061 731 1093 >v
772 1028 946 1101 Sunt
976 1029 1252 1128 Superis
1281 1057 1400 1102 sua
1429 1029 1576 1126 jura
1608 1058 1624 1102 ε
1659 1028 1821 1129 quid
1858 1029 1943 1100 ad
1977 1026 2257 1102 caelestia
2287 1026 2458 1100 ritus

699 1179 731 1208 ι»
770 1145 1049 1240 Exigere
1086 1145 1452 1231 humanos,
1490 1145 1880 1245 diversaque
1910 1144 2154 1219 foedera
2188 1161 2372 1217 tento
2401 1145 2430 1215 Ρ

2729 1162 2828 1211 500

698 1294 732 1324 »
772 1262 913 1333 Aut
942 1279 1176 1335 nostro
1212 1263 1456 1337 vetitus
1488 1262 1571 1334 de
1604 1262 1801 1335 corde
1824 1261 2169 1356 fugabitur
2201 1260 2437 1333 ardor:

697 1412 729 1439 »
766 1378 941 1461 Aut,
977 1378 1101 1452 hoc
1138 1379 1194 1452 si
1228 1407 1526 1479 nequeo,
1558 1406 1855 1479 peream,
1890 1406 2153 1477 precor,
2191 1393 2382 1461 ante;
2419 1393 2701 1473 toroque

696 1529 731 1559 υ
773 1496 1044 1569 Mortua
1082 1525 1482 1597 componat,
1515 1496 1884 1596 positaeqne
1917 1494 2031 1565 det
2064 1492 2289 1566 oscula
2321 1491 2541 1564 frater.

693 1645 732 1676 »
775 1613 865 1684 Et
900 1629 1117 1686 tamen
1152 1612 1498 1686 arbitrium
1534 1611 1772 1711 quaerit
1800 1638 1905 1682 res
1939 1608 2066 1682 ista
2095 1609 2404 1681 duorum.

698 1759 733 1791 »
773 1727 981 1822 Finge
1010 1725 1267 1826 placere
1301 1726 1464 1800 mihi
1495 1757 1510 1798 ε
1541 1724 1758 1799 scelus
1791 1753 1930 1799 esse
1964 1724 2298 1798 videbitur
2330 1723 2445 1795 illi.

2729 1740 2831 1790 505

701 1879 731 1906 υ
774 1843 866 1916 At
897 1870 1036 1914 000
1071 1840 1354 1916 AEolidae
1387 1841 1716 1916 thalamos
1755 1840 2029 1915 timuere
2061 1869 2385 1915 sororum.

695 1992 728 2024 »ι
770 1958 965 2031 Unde
997 1956 1112 2032 sed
1145 1959 1271 2031 hos
1303 1957 1511 2030 novi?
1543 1986 1661 2030 cur
1693 1957 1832 2031 baec
1868 1957 2163 2056 exempla
2192 1956 2465 2057 paravi?

697 2109 729 2140 »
770 2076 929 2172 Quo
966 2074 1194 2148 seror?
1224 2074 1550 2148 obscoenae
1584 2073 1822 2174 procul
1855 2074 2011 2147 hinc
2046 2072 2364 2147 discedite
2397 2070 2670 2146 flammae
2691 2063 2719 2157 ;’

699 2227 731 2256 »
769 2193 944 2277 Nec,
982 2190 1113 2264 nisi
1146 2219 1275 2291 qna
1308 2191 1406 2264 sas
1436 2208 1533 2263 est
1570 2219 1924 2284 germanae,
1961 2192 2162 2265 frater
2192 2210 2467 2266 ametur.

697 2342 729 2371 »
773 2307 844 2379 Si
879 2324 1095 2381 tamen
1131 2307 1273 2410 ipse
1306 2306 1436 2381 mei
1471 2325 1706 2409 captus
1737 2307 1922 2408 prior
1948 2324 2123 2381 esset
2157 2336 2416 2395 amore,

694 2507 800 2561 Vll
819 2543 834 2571 ‚
857 2508 918 2576 37
944 2529 957 2571 ;
987 2505 1162 2561 Tibul.
1191 2506 1307 2574 111,
1335 2523 1413 2572 lv,
1440 2527 1457 2559 1
1476 2546 1493 2573 ,
1519 2508 1715 2559 Dime-

687 2591 816 2640 liora
821 2587 1026 2654 serant.
1060 2607 1153 2640 nec
1175 2593 1280 2640 sint
1300 2591 1552 2639 e‘nsomm‘a
1578 2607 1710 2640 mm.

691 2665 831 2718 Male
871 2684 997 2738 ergo
1037 2665 1173 2718 Rod.
1205 2684 1217 2717 :
1257 2666 1367 2718 W'c
1396 2668 1563 2718 besse!
1594 2669 1719 2718 sind

688 2744 817 2793 doch
827 2745 908 2793 die
925 2746 1132 2795 Goeller
1143 2744 1304 2793 damn
1320 2742 1334 2793 .'
1347 2744 1601 2808 —Ncmpe
1612 2741 1711 2793 ob-

689 2820 902 2887 jectioni
925 2839 1067 2873 nunc
1085 2820 1637 2874 inservit.—Haeuere
1653 2820 1707 2872 in

691 2896 1049 2950 matrimonio.

756 2977 867 3045 499.
893 2976 1022 3027 Sunt
1040 2977 1239 3041 Sapere?
1265 2994 1362 3027 sua
1385 2986 1480 3028 etc.
1504 2975 1629 3027 Jam
1653 2995 1707 3029 se

687 3051 915 3121 corrigit.
930 3053 1086 3115 θωπί,-
1106 3052 1356 3106 Heinsius
1366 3053 1575 3121 conjicit
1589 3058 1708 3107 sint.

687 3131 930 3185 —Nostri
950 3130 1100 3200 Regii
1115 3132 1436 3195 suna—Sua,
1458 3132 1575 3201 ipsis
1592 3151 1709 3200 pro·

688 3211 800 3280 pria
825 3222 877 3265 et
895 3211 959 3264 ab
977 3210 1221 3263 humanis
1243 3210 1445 3264 diversa
1463 3250 1478 3277 ,
1504 3215 1581 3263 ad
1601 3233 1709 3265 ce·-

684 3294 837 3343 Iestia
860 3295 1079 3356 exigue,
1109 3308 1229 3342 cum
1253 3288 1536 3342 celestibus
1559 3309 1709 3343 com·

688 3385 870 3436 parare
891 3406 905 3432 ,
932 3367 1078 3420 et·sic
1105 3384 1292 3420 eorum
1318 3366 1545 3435 pretium
1571 3367 1712 3420 esti-

689 3447 1182 3505 mare.—Faederae,
1210 3444 1547 3497 matrimonia
1567 3485 1581 3511 ‚
1621 3456 1709 3497 aut

688 3523 909 3574 omnino
944 3522 1078 3590 jura.
1114 3524 1293 3575 Faedus
1327 3540 1486 3575 omne
1521 3522 1572 3575 id
1595 3562 1611 3589 ‚
1641 3522 1707 3576 de

690 3619 796 3667 quo
822 3600 961 3654 inter
984 3600 1157 3670 plures
1180 3601 1442 3654 convenit.

754 3681 866 3731 505.
913 3681 1195 3744 Conponat
1208 3719 1219 3739 .
1255 3684 1548 3748 positoque.
1580 3680 1710 3733 Post

683 3776 965 3823 componat,
991 3757 1181 3826 repetit
1191 3757 1408 3827 simplex
1415 3763 1699 3825 positoque,

688 3845 746 3887 ut
790 3834 923 3889 Vlll
946 3875 961 3901 ,
1005 3836 1104 3889 653
1130 3875 1147 3901 ‚
1187 3846 1382 3889 resecat
1414 3846 1709 3903 sectamque.

691 3918 987 3980 Componm
994 3933 1160 3984 quum
1173 3916 1396 3967 omnino
1408 3914 1471 3968 sit
1482 3934 1598 3981 ,orn
1605 3934 1709 3968 are:

685 3991 845 4044 etiam
870 3993 1100 4057 mortui,
1129 4011 1253 4044 cum
1279 4001 1470 4045 ornatu
1498 3991 1708 4045 funebri

686 4067 1005 4123 decorantur
1033 4069 1097 4121 ad
1124 4070 1390 4139 exsequias
1409 4110 1423 4136 ,
1459 4070 1709 4124 dicuntur

683 4153 922 4212 componi.
944 4147 1120 4200 Ardor
1139 4148 1387 4220 Byblidos
1409 4160 1582 4203 tantus
1597 4162 1675 4203 est
1689 4190 1703 4217 ‚

685 4232 744 4275 ut
761 4227 923 4291 posita
942 4228 1101 4279 etiam
1116 4233 1292 4281 oscula
1308 4240 1454 4297 optet
1477 4250 1505 4282 a
1531 4232 1709 4284 fratre.

754 4306 866 4368 504.
901 4307 975 4357 Et
1001 4318 1195 4368 tamen,
1219 4308 1491 4361 .lleinsius
1525 4309 1707 4362 suadet

2731 2326 2830 2376 510

1811 2506 1916 2557 Sed
1921 2504 2367 2574 tamem—Regius
2388 2504 2433 2557 B
2452 2543 2468 2571 ,
2493 2504 2573 2557 At
2582 2514 2832 2557 tanen.—

1810 2590 2089 2642 Arbitrium
2104 2629 2116 2649 ‚
2144 2588 2367 2641 lubitum
2384 2628 2399 2652 ‚
2424 2586 2832 2639 voluntatem.—

1817 2670 2029 2734 (luaen‘t,
2063 2667 2316 2734 requirit,
2341 2685 2471 2735 opus
2495 2665 2665 2718 habet.

1877 2746 1991 2797 506.
2010 2748 2085 2798 A!
2104 2765 2204 2797 non
2220 2747 2445 2797 zss'ole‘dae.
2474 2744 2593 2796 Non
2619 2742 2834 2811 attingi-

1809 2832 1898 2875 tur
1922 2822 2004 2877 hic
2028 2864 2042 2888 ,
2079 2834 2138 2876 ut
2166 2823 2381 2877 Sasstius
2412 2822 2624 2891 putabat
2643 2861 2658 2887 ,
2697 2821 2831 2872 Ma-

1807 2900 1945 2953 carei
1985 2912 2039 2954 et
2077 2899 2311 2954 Canaces
2347 2899 2520 2955 fabula
2548 2921 2561 2962 ;
2606 2918 2732 2953 nam
2767 2918 2830 2951 ea

1807 2980 1979 3047 potius
2003 2980 2240 3034 valuisset
2256 2980 2321 3032 ad
2344 2978 2717 3048 extinguendas
2732 2977 2833 3029 ob-

1804 3075 2002 3110 scoenas
2016 3057 2248 3128 Byblidis
2260 3058 2500 3111 flammas
2515 3079 2529 3121 ;
2546 3057 2637 3110 sed
2650 3060 2830 3108 AEolus

1804 3155 1891 3187 sex
1907 3134 2039 3188 filios
2056 3136 2292 3189 habuisse
2312 3136 2519 3204 legitur,
2539 3135 2724 3202 quibus
2741 3151 2831 3185 so·-

1806 3235 1953 3269 rores
1971 3217 2023 3268 in
2044 3216 2447 3269 matrimonium
2463 3214 2665 3268 dederit
2682 3235 2695 3275 ;
2717 3214 2831 3265 Ho-

1805 3312 1986 3347 merus
2005 3335 2018 3358 ,
2043 3293 2149 3347 Od.
2168 3304 2210 3348 K
2230 3334 2244 3359 ‚
2270 3294 2394 3346 6.-
2413 3296 2655 3353 Temere,
2680 3310 2830 3344 aver-

1800 3371 1899 3425 sati
1922 3383 2062 3425 sunt.
2099 3373 2219 3425 Hor.
2251 3372 2455 3441 gravius
2482 3382 2589 3436 est,
2631 3389 2789 3440 quam
2812 3410 2827 3436 ,

1806 3450 1946 3519 quod
1975 3452 2223 3505 Heinsius
2256 3452 2413 3505 suasit
2433 3492 2447 3516 ,
2478 3461 2531 3505 et
2558 3450 2692 3504 nod.
2723 3470 2827 3519 ap-

1803 3530 2042 3598 probavit
2066 3569 2080 3594 ,
2117 3549 2329 3583 tenuere.
2365 3530 2468 3583 Sex
2501 3541 2739 3595 tenuere5
2776 3539 2830 3583 et

1806 3608 2147 3661 Burmannus
2161 3608 2338 3661 mallet
2357 3611 2436 3661 A!
2449 3610 2829 3661 nonncAEole‘dae

1802 3689 2057 3739 thalamos
2089 3697 2283 3740 tenuere
2316 3706 2552 3755 sommae.
2582 3714 2648 3726 —
2678 3685 2830 3754 Regii

1804 3765 1973 3817 nostri
1998 3764 2277 3817 lectionem
2307 3763 2483 3817 datam
2510 3761 2747 3816 tuenturss
2763 3790 2831 3801 —

1806 3846 1943 3905 Hos,
1980 3855 2088 3900 tam
2116 3846 2357 3912 antiquos
2383 3855 2436 3897 et
2459 3844 2616 3913 vulgo
2640 3862 2828 3912 parum

1805 3934 1974 3977 notos.
1993 3922 2244 3978 Adfectus
2262 3943 2324 3975 ea
2337 3923 2488 3975 nobis
2500 3921 2795 3992 suppeditat
2811 3960 2826 3987 ‚

1806 4021 1922 4071 quae
1937 4021 2036 4055 nos
2051 4003 2179 4055 scire
2195 4002 2289 4070 ipsi
2304 4000 2674 4071 ignorabamus
2690 4010 2829 4051 ante.

1802 4083 2086 4135 —Paraoe'.
2119 4090 2245 4131 nota
2270 4078 2399 4130 mihi
2425 4079 2609 4132 seci.-
2623 4077 2830 4145 Quosc-

1804 4162 1924 4212 ror?
1942 4156 2006 4210 ad
2024 4174 2251 4225 quorum
2272 4156 2632 4225 exemplorum
2653 4154 2830 4206 imita-

1805 4233 2006 4286 tionem
2022 4234 2158 4301 rapit
2171 4252 2255 4286 me
2268 4234 2446 4285 furor?
2460 4237 2587 4294 Nec-,⁸
2604 4230 2831 4284 Heinsio

1805 4310 1970 4376 placet
1982 4330 2056 4363 aee.
2070 4317 2259 4377 —Qua
2270 4352 2285 4377 ,
2314 4331 2453 4380 quan
2462 4323 2573 4365 tum
2590 4342 2605 4376 5
2625 4320 2682 4361 ut
2697 4326 2826 4360 vers.
