3185 5138
712 555 787 597 io
1274 535 1353 598 P.
1414 533 1769 601 OVIDII
1828 530 2285 597 NASONIS

707 672 838 743 Per
871 670 1125 744 medios
1160 671 1421 759 hostes,
1449 669 1704 745 meritis
1737 667 1979 740 fiducia
2019 685 2198 742 tanta
2231 685 2371 753 est,

705 786 1013 859 Pervenit
1044 786 1125 860 ad
1153 816 1414 883 regem;
1453 813 1649 886 quem
1683 784 1778 857 sic
1817 782 2034 857 adfata
2055 800 2403 884 paventem
2431 813 2447 855 :

712 935 744 965 «
785 901 1009 976 Suasit
1043 932 1229 977 amor
1254 902 1510 987 facinus
1540 932 1556 974 t
1583 899 1808 1001 proles
1843 926 1970 993 ego
2003 898 2184 994 regia
2219 898 2365 971 Nisi
2770 937 2839 990 9⁰

715 1053 747 1082 »
788 1018 1044 1120 Scylla,
1086 1020 1212 1093 tibi
1251 1019 1439 1091 trado
1469 1018 1854 1119 patriosque
1876 1071 1896 1104 ,
1934 1043 2249 1115 meosque
2284 1015 2583 1089 Penates.

712 1168 747 1199 »
788 1136 1064 1209 Praemia
1099 1134 1283 1208 nulla
1316 1152 1472 1235 peto
1498 1191 1517 1224 ,
1552 1134 1686 1207 nisi
1720 1152 1781 1207 te
1810 1163 1827 1207 z
1857 1161 2016 1233 cape
2043 1133 2297 1234 pignus
2329 1131 2573 1206 amoris

709 1284 744 1316 »
786 1252 1208 1351 Purpureum
1241 1251 1528 1338 crinem;
1564 1278 1686 1324 nec
1717 1277 1823 1323 me
1854 1268 2035 1323 nunc
2071 1248 2327 1325 tradere
2361 1248 2640 1335 crinem,

711 1400 745 1431 n
786 1366 919 1439 Sed
953 1367 1240 1467 patrium
1274 1366 1401 1441 tibi
1436 1366 1629 1442 crede
1662 1383 1905 1467 caput:
1948 1399 1984 1432 »
2018 1364 2460 1466 scelerataque
2495 1365 2721 1439 dextra

706 1485 991 1556 Munera
1022 1483 1336 1583 porrexit.
1376 1483 1606 1556 Minos
1634 1498 1942 1583 porrecta
1968 1480 2257 1575 refugit3
2567 1536 2575 1543 .
2773 1497 2840 1569 95

704 1599 764 1669 T
770 1598 1173 1698 urbatusque
1206 1599 1367 1671 novi
1400 1597 1748 1700 respondit
1781 1596 2066 1692 imagine
2096 1594 2252 1670 facti
2281 1624 2298 1667 ε

712 1753 747 1784 «
789 1720 879 1792 Di
915 1738 979 1794 te
1012 1721 1488 1809 submoveant,
1528 1749 1569 1793 o
1606 1719 1822 1793 nostri
1857 1719 2126 1794 infamia
2157 1717 2360 1806 secli,

716 1875 749 1906 ²>
791 1842 979 1916 Orbe
1015 1871 1138 1917 suo
1160 1898 1180 1930 ,
1216 1841 1546 1943 tellusque
1578 1842 1706 1916 tibi
1738 1859 2121 1942 pontusque
2155 1857 2501 1936 negentur.

718 1998 752 2029 »
796 1965 989 2039 Certe
1026 1993 1149 2060 ego
1186 1993 1323 2038 non
1358 1965 1573 2065 patiar
1604 1965 1791 2039 Jovis
1823 1963 2227 2038 incunabula
2261 1965 2540 2049 Creten,

720 2124 753 2153 »
795 2089 963 2185 Quae
982 2118 1167 2163 meus
1187 2107 1288 2163 est
1310 2090 1499 2162 orbis
1515 2145 1533 2178 ,
1559 2106 1817 2164 tantum
1840 2089 2223 2183 contingere
2243 2103 2633 2161 monstrum.
2661 2121 2692 2150 »
2755 2127 2844 2159 nm»

712 2214 902 2288 Dixit
930 2244 945 2288 :
978 2233 1082 2303 et,
1119 2231 1196 2288 ut
1228 2214 1406 2311 leges
1446 2215 1658 2315 captis
1689 2212 2093 2313 justissimus
2127 2231 2359 2288 auctor

712 2441 857 2477 mere
880 2435 1150 2491 monetur,
1168 2433 1320 2493 porta
1339 2445 1458 2480 earn
1483 2446 1594 2481 esse
1610 2448 1736 2494 pro·-

706 2522 954 2569 gressanae,
977 2524 1235 2575 egressam
1252 2528 1264 2572 ;
1289 2526 1407 2560 eam
1423 2508 1566 2561 enim
1584 2518 1735 2578 pater

709 2580 935 2634 clausam
967 2594 1224 2639 tenuerat.
1247 2614 1314 2625 —
1335 2588 1565 2652 Meritis,·
1605 2586 1733 2655 plu-

712 2660 853 2721 rimi,
877 2665 1064 2724 mer1·te·,·
1082 2682 1219 2715 unus
1238 2663 1505 2716 Leidensis
1518 2700 1533 2727 ,
1551 2670 1729 2724 menti,

717 2735 855 2804 quod
897 2754 1005 2788 non
1037 2737 1268 2806 displicet
1306 2739 1545 2793 Heinsio.
1581 2741 1736 2810 Regii

716 2813 910 2879 nostri,
929 2819 1101 2866 meriti.
1113 2843 1180 2854 —
1194 2818 1422 2868 Favebat
1443 2817 1621 2871 Minos
1640 2819 1736 2871 ad-

713 2892 935 2960 spiciens
969 2892 1170 2946 crinem
1218 2894 1282 2945 ab
1325 2894 1430 2962 ipsa
1479 2895 1589 2948 Nisi
1631 2896 1734 2948 filia

717 2966 948 3021 allatum.

782 3064 863 3115 9¹·
889 3047 1186 3113 Patn‘osque
1214 3057 1314 3100 etc.
1348 3057 1401 3100 et
1434 3048 1657 3118 patriam
1682 3059 1738 3101 et

719 3121 940 3175 domum
966 3142 1141 3175 meam
1166 3144 1179 3176 t
1214 3126 1286 3178 sic
1314 3126 1482 3193 infra,
1509 3130 1737 3180 Patriam

641 3215 651 3225 ‘
717 3210 896 3267 caput,
920 3201 1076 3252 vitam
1093 3201 1379 3256 etsalutem
1398 3202 1570 3272 patris.
1584 3204 1735 3255 Vers-

726 3297 744 3330 1
759 3281 817 3332 15
837 3297 948 3347 sqq.
971 3318 986 3344 ,
1003 3285 1170 3344 patris
1189 3301 1279 3333 ora
1293 3280 1484 3335 dicitur
1502 3281 1735 3335 donasse.

719 3356 887 3426 lmpie
912 3357 1250 3412 commendat
1273 3378 1468 3412 munus
1488 3377 1660 3411 suum.

785 3441 865 3509 95.
881 3439 1056 3490 Mi'nos
1057 3448 1290 3503 porrecta
1296 3438 1504 3508 refugit,-
1520 3438 1737 3509 pulchre

720 3512 973 3566 decorum
994 3525 1167 3569 servat
1198 3527 1382 3585 poeta,
1411 3535 1516 3584 quo
1543 3516 1739 3584 ubique

720 3593 919 3659 justum
930 3594 1070 3648 hunc
1087 3595 1332 3649 ostendit.
1350 3598 1741 3662 Ed.-1ma51'ne

706 3668 877 3738 sacti,
904 3672 1215 3741 cogitatione
1241 3676 1387 3742 sacti,
1413 3687 1472 3729 ut
1491 3675 1609 3729 alibi
1631 3677 1739 3744 jam

721 3749 1073 3802 observatum.
1083 3777 1150 3790 ——
1161 3754 1312 3814 Noai,
1342 3751 1580 3804 inauditi.
1591 3780 1658 3793 —-
1667 3755 1749 3804 Di

720 3839 771 3881 te
793 3831 1118 3882 submoveant
1137 3828 1237 3880 suit
1263 3829 1322 3880 in
1348 3829 1742 3898 imprecationi·-

722 3906 839 3973 bus,
857 3916 917 3958 ut
933 3908 1015 3958 Di
1022 3915 1071 3958 te
1081 3907 1349 3967 eradicent,
1355 3909 1744 3972 perdentem.—

729 3986 861 4038 Orbe
871 4002 997 4050 ,σιω
1022 3985 1209 4039 Heins.
1228 3983 1476 4038 suadebat
1490 3988 1738 4057 Orbepi05

726 4060 881 4116 male.
910 4067 1041 4118 Orbe
1066 4083 1161 4118 suo
1177 4063 1346 4135 (quod
1376 4064 1570 4120 babent
1594 4067 1743 4138 Regii

729 4140 894 4193 nostri
915 4138 939 4209 )
965 4152 1018 4194 et
1036 4161 1158 4195 mox
1177 4162 1314 4198 meus
1333 4148 1468 4197 orbis
1494 4146 1630 4200 bene
1648 4147 1742 4200 sibi

728 4230 1093 4288 opponuntur:
1109 4226 1222 4275 orbe
1234 4242 1347 4290 suo,
1358 4233 1469 4276 toto
1481 4234 1744 4278 terrarum

730 4297 855 4350 orbe
871 4334 887 4364 ,
911 4297 967 4350 in
986 4316 1145 4367 quem
1169 4295 1413 4353 Deorum
1437 4313 1678 4370 potestas.

1895 2446 1976 2499 99.
2022 2428 2168 2477 Jon's
2205 2424 2525 2475 incunabula.
2571 2420 2784 2489 Jupiter
2818 2441 2846 2474 a

1830 2504 2008 2557 multis
2031 2503 2088 2555 in
2117 2503 2288 2561 Creta,
2328 2501 2391 2554 ab
2413 2500 2522 2553 aliis
2546 2499 2598 2551 in
2627 2499 2848 2552 Arcadia

1832 2596 1985 2639 natus
2019 2603 2127 2637 esse
2150 2582 2475 2636 credebatur.
2502 2580 2639 2634 Vide
2677 2580 2848 2633 Calli-

1830 2662 2003 2715 machi
2029 2661 2292 2733 hymnum
2321 2661 2490 2725 Jov.4
2518 2678 2612 2729 sqq
2631 2699 2645 2724 ‚
2675 2659 2851 2728 ibique

1833 2741 2121 2810 spanhem.
2151 2741 2349 2795 Noster
2380 2759 2534 2809 supra
2553 2778 2567 2804 ,
2600 2739 2654 2792 11
2674 2776 2688 2803 ,
2718 2741 2814 2805 405
2836 2779 2850 2802 ,

1833 2817 1928 2870 bos
1937 2817 2271 2886 sequebatur,
2289 2836 2433 2870 nunc
2448 2816 2573 2869 illos.
2590 2815 2736 2866 Bene
2754 2813 2853 2865 boc

1829 2895 2020 2968 mytho
2044 2897 2209 2949 utitur
2224 2937 2239 2963 ,
2257 2906 2316 2949 ut
2329 2895 2658 2950 sanctitatem
2672 2893 2854 2947 insulae

1831 2993 1939 3028 sua:
1950 2973 2442 3027 addat—Contactu
2459 2972 2737 3024 hominum
2755 2991 2854 3024 ne·-

1832 3052 2086 3104 sariorum
2122 3050 2492 3119 polluebantur
2513 3059 2703 3102 sancta.

1905 3147 2012 3182 101.
2029 3130 2213 3195 Dim,-
2236 3138 2288 3181 e!
2301 3169 2313 3190 ‚
2341 3139 2400 3181 ut
2418 3133 2550 3195 leges
2568 3138 2663 3180 etc.
2683 3126 2852 3178 Festi—

1835 3217 1926 3259 nat
1939 3217 1994 3259 et
2006 3207 2203 3260 omittit
2215 3207 2654 3275 expugnationem
2676 3203 2817 3254 urbis
2835 3242 2849 3266 ,

1835 3306 1952 3355 quae
1978 3287 2053 3339 nil
2080 3286 2144 3339 ad
2169 3306 2301 3340 rem.
2326 3314 2394 3328 —-
2419 3290 2634 3344 Auctor,
2661 3282 2853 3337 scilicet

1832 3368 2010 3436 legum
2030 3408 2045 3433 ‚
2083 3369 2354 3437 legislator.
2391 3366 2554 3420 Plane
2584 3364 2690 3429 sic,
2723 3364 2849 3431 XV,

1835 3446 1932 3498 833
1951 3486 1966 3513 ,
1984 3445 2049 3498 de
2075 3446 2313 3516 Augusto
2326 3484 2341 3511 ‚
2361 3449 2583 3512 legesque
2587 3443 2726 3511 stret
2729 3444 2855 3512 jus-

1834 3527 2061 3576 tissimus
2074 3523 2378 3577 aneton—A
2384 3524 2417 3575 b
2415 3524 2624 3590 justitia
2635 3532 2686 3575 et
2700 3522 2856 3591 aequi·

1835 3609 1942 3653 tate
1979 3601 2167 3669 passim
2208 3600 2450 3654 laudatur
2491 3600 2685 3653 Minos.
2720 3600 2858 3651 Pro-

1837 3677 2048 3746 pertius,
2067 3676 2206 3730 dicto
2221 3678 2360 3732 loco:
2389 3681 2858 3741 Vt‘ctoreratquam-

1837 3757 1914 3805 vis
1930 3791 1944 3818 ,
1969 3773 2138 3821 equus
2160 3760 2214 3807 in
2238 3759 2381 3809 hoste
2384 3755 2511 3824 suit.
2536 3749 2740 3818 Tragici
2767 3758 2856 3799 ta-

1837 3846 1960 3881 men
1998 3831 2149 3898 greci
2182 3852 2310 3885 eum
2333 3871 2347 3896 ,
2398 3841 2649 3894 tanquam
2684 3824 2857 3878 serum

1840 3919 2127 3980 tyrannum
2146 3919 2402 3965 notarunt
2417 3945 2432 3972 ‚
2464 3903 2677 3973 propter
2694 3905 2862 3958 tribu-

1839 3996 1951 4039 tum
1969 3988 2378 4042 Atheniensibus
2393 3985 2728 4051 imperatum.
2741 3985 2862 4037 Plu·

1841 4067 2087 4123 tharchus
2105 4110 2121 4136 ,
2148 4069 2306 4120 Thes.
2325 4082 2435 4131 cap.
2465 4062 2538 4115 16.
2556 4091 2622 4104 -—
2636 4067 2859 4118 Retina-

1839 4151 1956 4199 cula
1970 4188 1982 4208 ,
2001 4155 2232 4212 πείσματα
2248 4181 2262 4209 ,
2288 4144 2438 4194 funes
2458 4180 2473 4209 ,
2500 4143 2687 4211 quibus
2703 4163 2861 4198 naves

1841 4224 2180 4293 alligabantur
2203 4221 2258 4272 in
2285 4220 2434 4273 litore
2463 4260 2478 4286 ,
2519 4241 2587 4274 ne
2624 4241 2652 4273 a
2692 4223 2865 4276 ventis

1839 4302 2148 4356 fluctibusve
2175 4301 2527 4356 auferrentur.
2550 4330 2617 4343 —
2646 4302 2724 4356 Ea
2750 4307 2858 4356 sol-
