3185 5138
571 542 1655 626 METAM'ORPHOSEON
1694 557 1898 625 Lm.
1957 558 2182 626 xlv,

2322 555 2446 642 441

333 700 696 788 Contudit,
734 716 803 773 et
833 700 1020 795 rugis
1052 700 1375 800 peraravit
1409 697 1697 773 anilibus
1731 726 1887 772 ora:

326 820 632 918 Totaque
666 815 919 890 velatos
948 815 1209 889 flaventi
1247 842 1525 916 corpora
1560 812 1719 887 villo

331 936 629 1011 Misitin
666 935 786 1008 has
821 933 1007 1007 sedes
1037 962 1052 1006 ε
1087 961 1208 1006 nec
1242 961 1382 1006 non
1416 933 1604 1035 prius
1638 930 1918 1007 abstulit
1948 960 2139 1007 usum

330 1053 744 1138 Verborum,
783 1067 849 1122 et
878 1069 1046 1122 natae
1079 1049 1221 1123 dira
1250 1048 1322 1122 in
1357 1049 1647 1149 perjuria
1678 1046 1920 1144 lingua!
1952 1078 1970 1136 ;

323 1171 542 1243 Posse
577 1167 762 1269 queri
798 1184 1053 1240 tantum
1088 1193 1289 1240 rauco
1325 1164 1611 1240 stridore
1643 1163 1979 1267 relinquit.

2372 1200 2465 1237 100

429 1289 571 1361 Has
603 1285 720 1360 ubi
750 1283 1063 1385 praetcriit
1084 1338 1102 1369 ‚
1140 1300 1206 1356 et
1236 1282 1718 1383 Parthenopeia
1754 1283 1982 1358 dextra

331 1403 581 1477 Moenia
616 1399 941 1486 deseruit,
980 1397 1138 1473 laeva
1175 1398 1255 1472 de
1283 1417 1467 1499 parte
1503 1400 1730 1472 canori

332 1517 610 1592 AEolidae
647 1515 974 1590 tumulum
990 1557 1014 1603 ‚·
1047 1533 1115 1588 et
1145 1512 1287 1587 loca
1325 1515 1458 1589 feta
1492 1514 1901 1617 palustribus
1932 1514 2104 1589 ulvis

333 1630 563 1705 Litora
595 1631 993 1716 Cumarum,
1031 1627 1402 1729 vivacisque
1436 1648 1622 1704 antra
1655 1630 1923 1732 Sibyllae

333 1751 583 1835 Intrat;
622 1763 727 1834 et,
763 1763 840 1819 ut
869 1771 1095 1819 manes
1130 1744 1318 1819 adeat
1350 1745 1469 1847 pe'r
1498 1747 1760 1823 Averna
1792 1764 2141 1847 paternoS‚

339 1910 552 1981 quidem
580 1909 817 1964 Salmasii
843 1909 907 1964 ad
925 1909 1091 1964 Solin.
1115 1930 1227 1980 pag.
1249 1910 1315 1963 68
1332 1949 1348 1978 ,

332 1994 541 2043 mse'mus
565 2030 578 2051 ,
621 1990 876 2057 ἀναίσιμος,
916 2006 1022 2057 quo
1055 1999 1110 2041 et
1142 1987 1347 2055 Varro,

339 2066 633 2122 Columella
670 2078 724 2120 et
765 2066 849 2121 alii
887 2067 965 2120 usi
1009 2076 1133 2119 sunt
1173 2086 1188 2129 3
1229 2065 1348 2119 vide

337 2144 734 2200 Heinsium.1ta
752 2146 979 2197 contudit
987 2148 1198 2197 resimas
1217 2143 1316 2197 erit
1330 2183 1346 2211 ,

335 2223 605 2289 contudit,
640 2233 701 2276 ut
739 2234 910 2276 essent
943 2217 1147 2275 resima
1170 2261 1186 2288 ,
1227 2234 1282 2276 et
1311 2241 1350 2274 a

321 2301 527 2368 fiante.
564 2300 660 2353 sub
691 2299 885 2352 fronte.
924 2299 1098 2351 Miror
1134 2309 1310 2351 tamen
1332 2336 1347 2362 ,

336 2379 391 2431 in
417 2378 572 2432 nullis
604 2378 750 2432 MSS
775 2383 828 2432 τὶ
849 2382 1057 2431 resimas
1073 2419 1086 2438 ,
1122 2388 1213 2431 aut
1237 2377 1349 2430 sal—

338 2467 446 2509 tem
483 2456 759 2524 vestigium
798 2454 953 2521 hujus
982 2455 1097 2508 lect.
1121 2466 1347 2519 restare;

339 2551 463 2586 nam
496 2533 729 2603 plerique
756 2530 1043 2598 exhibent,
1081 2535 1351 2585 remissas:

336 2615 484 2684 pauci
508 2653 524 2680 ‚
562 2617 784 2666 mulsos
803 2653 816 2673 ,
858 2621 948 2664 aut
982 2620 1189 2665 musas.
1225 2613 1349 2665 Jam

338 2689 474 2761 vulg.
486 2694 951 2743 mmessrsas‘sensum
975 2687 1105 2741 mibi
1123 2687 1350 2740 sundere

338 2768 548 2821 videtur
571 2766 692 2821 satis
716 2767 919 2820 bonum
941 2786 954 2820 τ
980 2767 1145 2821 Nares
1166 2766 1354 2821 homi-

338 2865 471 2899 num
492 2845 729 2899 elatiores
753 2856 806 2899 et
827 2864 950 2898 cum
968 2845 1145 2899 fronte
1162 2864 1354 2899 coeun-

341 2935 418 2978 tes
444 2944 474 2977 a
495 2923 673 2977 fronte
701 2923 904 2977 remisit
931 2934 985 2977 et
1014 2922 1269 2977 contudit.
1286 2951 1354 2964 —

342 3005 492 3075 Regii
529 3004 730 3058 codices
761 3003 957 3057 habent
987 3003 1265 3073 vulgatam.
1288 3031 1356 3045 —

327 3081 610 3152 Exquisite
622 3088 883 3151 peraravit
912 3085 934 3149 (
951 3093 1010 3135 ut
1028 3083 1081 3137 11
1099 3083 1213 3136 Art.
1230 3083 1352 3137 Am.

343 3163 470 3226 2183
503 3163 691 3215 Horat.
715 3160 1075 3230 Epod.V111,
1101 3162 1206 3229 3),
1231 3162 1355 3231 quia

341 3257 485 3307 ruge
510 3239 671 3291 veluti
700 3238 826 3292 sulci
851 3249 989 3291 sunt.
1027 3239 1170 3293 Hinc
1199 3259 1355 3310 supra

345 3316 429 3369 111
453 3354 469 3381 ,
502 3316 598 3384 276
622 3353 637 3380 ‚
672 3317 898 3372 Sulcum?
924 3325 1083 3370 cutem
1114 3322 1267 3386 ragis.
1287 3346 1357 3360 --

344 3393 501 3444 Posse
517 3397 677 3460 queri,
711 3403 768 3445 ut
773 3411 927 3458 posse
940 3398 1082 3461 loqui
1095 3394 1180 3462 11,
1209 3394 1322 3461 483.

416 3487 524 3521 ιοι.
561 3472 923 3536 Parthenopeia
951 3475 1137 3523 maem‘a
1151 3511 1165 3533 ,
1202 3472 1356 3525 Nea-

344 3545 476 3614 polis
487 3585 501 3611 ,
526 3545 589 3599 ab
607 3563 710 3599 una
727 3546 976 3599 Sirenum
991 3548 1063 3601 sic
1080 3547 1246 3611 dicta;
1265 3549 1357 3603 Sil.

348 3623 486 3691 ΧΠ,
504 3623 867 3676 aas-Mida
886 3628 1131 3687 malus,
1159 3625 1211 3678 h.
1233 3645 1360 3695 pro-

345 3702 671 3757 montorium
687 3741 703 3768 ‚
729 3702 871 3771 quod
890 3701 1046 3771 paulo
1065 3714 1182 3772 post
1199 3724 1229 3758 a
1247 3704 1361 3758 Mi-

346 3798 506 3847 seno,
536 3780 679 3833 AEoli
712 3779 820 3833 filio
838 3818 854 3846 ,
893 3780 1119 3833 tubicine
1156 3780 1323 3835 classis
1342 3820 1358 3849 ,

347 3877 550 3911 ‘nomen
576 3858 772 3928 accepit
797 3877 813 3921 ς
846 3857 1068 3930 Dionys.
1098 3859 1264 3913 Halic.
1297 3858 1358 3925 1,

353 3938 432 3992 53.
446 3937 642 3992 AEneas
656 3938 801 3992 enim
821 3937 963 3991 infra
975 3938 1174 3993 Cumas
1187 3958 1365 4009 egres-

345 4010 436 4069 ·sus
476 4016 652 4070 statim
694 4026 906 4069 antrum
940 4016 1149 4088 Sibyllae
1185 4016 1364 4071 intrat.

353 4097 432 4150 lbi
455 4115 622 4166 quum
647 4114 958 4165 responsum
982 4097 1210 4163 tulisset,
1241 4108 1364 4151 ante

350 4174 690 4229 condendum
709 4194 820 4229 esse
840 4193 1029 4245 corpus
1053 4174 1205 4229 amici
1223 4176 1367 4230 inse-

349 4252 556 4322 pultum
579 4292 596 4320 ‚
638 4271 799 4322 quam
841 4253 1047 4307 oracula
1089 4253 1324 4307 consulat
1346 4292 1363 4322 ,

347 4332 559 4390 rediens
593 4333 658 4389 ad
678 4332 803 4389 litus
834 4333 1031 4404 reperit
1058 4333 1329 4390 Misenum
1349 4373 1364 4402 ,

335 4502 376 4513 a-

2302 1797 2307 1801 -
2373 1763 2464 1816 105

1447 1930 1476 1964 a
1501 1911 1723 1965 Tritone
1742 1950 1757 1977 ‚
1788 1929 2017 1980 quocum
2038 1918 2194 1963 cantu
2219 1918 2465 1962 certave-

1445 2001 1529 2044 rat
1545 2031 1560 2057 ,
1586 1991 1947 2044 interemtum.
1973 1991 2117 2045 Turn
2140 2009 2328 2059 corpus
2351 1990 2465 2058 ejus

1446 2068 1736 2135 comburit,
1754 2068 2099 2137 reliquiasque
2115 2067 2211 2120 sub
2228 2067 2466 2137 proximo

1445 2156 1628 2200 monte
1663 2145 1879 2214 sepelit;
1922 2144 2049 2198 AEn.
2082 2145 2200 2211 v1,
2238 2146 2329 2198 163
2353 2165 2464 2214 sqq.

1447 2225 1513 2278 ln
1537 2222 1626 2275 illo
1644 2221 1790 2275 litore
1811 2221 2072 2288 spelunca
2089 2230 2266 2287 erant,
2290 2221 2464 2273 fontes

1445 2298 1595 2352 calidi
1614 2338 1627 2363 ,
1649 2296 1758 2351 loca
1776 2296 1976 2350 sulfure
1995 2296 2255 2349 fumantia
2272 2335 2287 2361 ‚
2304 2297 2464 2366 palu-

1446 2375 1538 2428 des
1560 2375 1878 2444 ferrugineis
1909 2374 2051 2442 aquis
2080 2383 2134 2426 et
2163 2372 2290 2426 ulvis
2314 2373 2465 2426 obsi-

1446 2465 1512 2508 toe
1531 2492 1546 2519 ‚
1580 2454 1706 2507 binc
1729 2458 1843 2507 loca
1849 2454 1970 2521 sela
1984 2456 2297 2520 palustribus
2318 2457 2462 2506 alode.

1448 2533 1692 2602 (Vulgo,
1716 2542 1773 2585 et
1790 2532 1843 2585 in
1866 2530 2128 2585 codicibus
2147 2530 2351 2600 Regiis,
2361 2549 2466 2598 pa-

1445 2614 1685 2663 lustribus
1705 2611 1854 2662 undis
1878 2630 1895 2661 .·
1919 2612 2049 2662 ulvelr
2083 2618 2160 2661 est
2193 2627 2253 2660 ex
2291 2607 2463 2676 primo

1446 2687 1685 2740 Gronov.
1712 2687 1909 2741 Norico
1925 2726 1940 2752 ,
1966 2687 2224 2755 Bernegg.
2249 2704 2346 2754 pro
2371 2685 2465 2739 di·-

1445 2784 1595 2820 versa
1625 2764 1846 2818 lectione
1866 2803 1881 2830 ‚
1916 2764 2188 2817 Ber-sman.
2222 2773 2276 2816 et
2303 2762 2464 2816 tribus

1447 2843 1582 2905 aliis:
1604 2842 1708 2896 duo
1719 2845 1997 2910 paludibus
2011 2844 2126 2894 udis
2141 2842 2180 2906 ).
2203 2840 2281 2894 Ibi
2304 2841 2464 2894 etiam

1447 2931 1643 2974 antrum
1668 2922 1898 2973 immane
1919 2960 1934 2988 ,
1961 2929 2221 2973 secretum
2243 2918 2464 2972 horren-

1448 2999 1578 3052 dum
1616 2996 1825 3070 Sibyllae
1850 3037 1865 3065 ,
1912 2999 2061 3066 cujus
2099 3014 2346 3066 responsa
2370 3036 2385 3063 ,
2433 3015 2462 3049 a

1451 3077 1652 3132 Pboebo
1676 3078 1923 3146 inspirata
1943 3115 1957 3141 ,
1985 3095 2082 3146 per
2104 3087 2318 3129 centum
2336 3075 2467 3130 ostia

1450 3154 1589 3207 antri
1615 3154 1937 3209 remeabant.
1952 3153 2075 3206 AEn.
2096 3153 2202 3219 Vl,
2220 3172 2289 3205 vs.
2307 3153 2385 3219 43.
2400 3180 2469 3193 --

1448 3234 1691 3304 Sibyllam
1724 3232 1830 3285 adit
1868 3232 2060 3284 AEneas
2094 3231 2219 3283 olim
2254 3230 2317 3283 ab
2340 3231 2467 3283 He-

1450 3311 1621 3381 leno(
1650 3309 1778 3363 AEn.
1806 3310 1926 3374 111,
1954 3310 2158 3380 441-59
2186 3307 2211 3377 )
2237 3347 2253 3374 ‚
2289 3318 2468 3376 postea

1451 3389 1515 3442 ab
1530 3388 1758 3443 Anchisa
1774 3393 1919 3457 patre
1942 3386 1995 3439 in
2020 3385 2219 3439 somnis
2236 3385 2467 3440 monitus

1453 3472 1475 3536 (
1494 3470 1565 3534 V,
1585 3468 1781 3537 731-37
1798 3469 1819 3534 )
1837 3506 1852 3534 ,
1880 3476 1938 3519 ut
1959 3486 2019 3519 ea
2035 3466 2239 3519 ducein
2258 3485 2470 3536 campos

1453 3546 1657 3617 Elysios
1683 3542 1995 3610 descendat,
2026 3542 2235 3612 fataque
2263 3543 2466 3597 instan-

1452 3626 1526 3677 tia
1568 3633 1860 3693 cognoscat.
1898 3622 2119 3676 Fundus
2161 3622 2352 3677 fabula
2392 3635 2471 3678 est

1452 3703 1538 3757 bic
1563 3723 1578 3757 τ
1608 3703 1805 3756 AEneas
1841 3713 2124 3771 antequam
2162 3722 2225 3756 ex
2258 3703 2468 3757 Troade

1454 3779 1745 3835 discederet
1763 3818 1779 3847 ,
1816 3779 2013 3833 adierat
2036 3780 2286 3853 Sibyllam
2319 3780 2468 3853 Ery-

1454 3860 1704 3927 throeam‚
1730 3860 1782 3913 h.
1814 3872 1984 3914 vatem
2016 3860 2296 3930 quamdam
2322 3862 2471 3934 Ery-

1447 3940 1586 3994 thris
1613 3941 1667 3993 in
1691 3939 1930 4004 AEolide;
1965 3941 2184 4014 Dionys.
2212 3941 2379 3995 Halic.
2408 3944 2470 4009 1,

1459 4024 1538 4074 ⁵5.
1566 4021 1691 4073 Jam
1729 4039 1893 4090 quum
1923 4019 2111 4075 Cumoe
2148 4021 2202 4073 in
2234 4020 2382 4074 ltalia
2410 4040 2474 4074 ex

1462 4096 1637 4151 Cuma
1684 4097 1905 4153 AEolidis
1960 4098 2172 4153 colonos
2224 4100 2472 4170 accepisse

1458 4177 1802 4234 crederentur
1825 4218 1841 4245 ‚
1881 4179 1937 4232 in
1968 4179 2131 4234 ltalia
2158 4189 2335 4233 autem
2361 4199 2472 4234 non

1458 4255 1636 4310 minus
1665 4255 1875 4328 sibylla
1903 4256 2118 4325 alicujus
2157 4257 2334 4326 prisca
2356 4277 2476 4311 me-

1456 4335 1627 4391 moria
1644 4333 2073 4392 circumferretur
2088 4377 2104 4406 ,
2127 4336 2372 4393 Cumana
2389 4338 2474 4391 illa
