3185 5138
681 762 804 867 P.
912 757 1485 864 ovum
1576 756 2291 866 NASONIS

525 1006 2449 1145 METAMORPHOSEON

821 1290 1200 1377 LIBER
1274 1291 2160 1380 DUODECIMUS.

510 1934 589 1995 N.
623 1933 704 1996 B.
761 1935 1182 2020 Argumentum
1232 1937 1405 2020 hujus
1448 1939 1609 2002 Libri
1653 1941 1976 2004 duodecimi
2020 1945 2564 2028 metamorphoseon

432 2047 665 2110 relatum
699 2050 954 2112 invenies
990 2049 1052 2109 in
1081 2051 1226 2112 serie
1256 2051 1581 2131 Caurum,
1623 2068 1763 2117 tom.
1796 2058 1886 2116 111
1908 2101 1927 2132 ‚
1963 2079 2091 2140 pag.
2120 2057 2221 2132 40.

432 2369 601 2443 Fu.
636 2373 686 2442 1.
726 2340 1116 2445 NESCIUS
1145 2368 1467 2444 adsumtis
1501 2372 1805 2445 Priamus
1838 2391 2027 2474 pater
2055 2373 2347 2447 AEsacon
2381 2372 2501 2448 alis

434 2487 672 2560 Vivere
693 2544 713 2576 ‚
749 2485 1064 2584 lugebat:
1105 2485 1364 2561 tumulo
1397 2516 1667 2590 quoque
1700 2515 1944 2563 nomen
1978 2490 2254 2565 habenti

432 2603 710 2678 Inferias
743 2604 1013 2678 dederat
1044 2631 1193 2677 eum
1227 2604 1548 2679 fratribus
1583 2606 1841 2679 Hector
1872 2606 2123 2680 inanes.

432 2718 665 2793 Defuit
695 2719 914 2794 officio
949 2719 1209 2793 Paridis
1241 2721 1592 2820 praesentia
1625 2718 1799 2793 tristi
1820 2779 1837 2810 ,

430 2835 794 2910 Postmodo
831 2836 947 2936 qui
977 2853 1165 2936 rapta
1204 2835 1485 2932 longum
1514 2865 1666 2911 cum
1708 2835 1988 2935 conjuge
2022 2833 2276 2909 bellum
2538 2859 2597 2917 5*-

500 3027 646 3081 1-38.
679 3028 853 3080 Greci
867 3025 924 3079 in
949 3028 1165 3085 Aule'de‚
1196 3026 1288 3080 ubi
1308 3044 1452 3080 con·-

433 3116 640 3175 gregata
663 3123 850 3158 eorum
874 3104 1044 3157 classis
1063 3103 1153 3156 diu
1177 3102 1452 3157 detineba-

434 3193 534 3247 tur,
558 3194 611 3236 et
634 3193 844 3243 ostento,
867 3182 987 3235 belli
1005 3200 1208 3235 moram
1232 3193 1454 3252 porten-

432 3262 589 3316 dente
619 3303 634 3329 ,
673 3264 1047 3333 obstupescunt
1072 3302 1088 3326 ,
1127 3272 1182 3315 et
1220 3262 1451 3315 Dianam

431 3342 696 3407 Iphigenia
718 3350 939 3393 mactata
964 3340 1164 3410 placare
1187 3341 1455 3393 volunt.—

434 3419 713 3471 Adsumtis.
765 3418 1016 3471 Heinsius
1055 3418 1354 3487 conjecerat
1395 3426 1459 3470 a!

434 3500 643 3557 ,rumuli-‚-
677 3505 856 3548 tamen
882 3495 1164 3548 lectionem
1188 3497 1451 3564 vulgatam

434 3573 561 3627 ferri
585 3590 731 3643 posse
752 3573 912 3628 fassus
932 3574 1316 3629 est.—Codices
1342 3574 1454 3628 Re-

435 3651 502 3722 gii
526 3658 781 3705 assumtis.

502 3751 548 3782 2.
582 3731 825 3784 Tumulus
843 3749 1017 3783 nomen
1040 3733 1195 3783 babet
1209 3770 1222 3790 ‚
1255 3741 1316 3783 ut
1340 3731 1421 3785 xl
1437 3771 1453 3798 ‚

434 3808 534 3878 4²9
554 3844 569 3871 ,
609 3808 698 3860 ubi
721 3806 839 3860 vide
868 3818 1065 3861 notam.
1080 3809 1452 3876 —Insertlasm

432 3888 626 3937 thanes.
651 3883 885 3940 Florent.
913 3887 967 3940 S.
998 3885 1164 3939 Marci
1191 3925 1205 3952 ,
1242 3898 1295 3940 et
1316 3906 1454 3940 unus

435 3961 710 4019 Medireus
727 3972 899 4032 inam}
917 3966 1168 4020 Heinsius
1187 3966 1321 4019 male
1337 3985 1458 4019 sua-

434 4040 593 4095 debat
615 4081 630 4108 ,
664 4049 842 4104 thane.
879 4045 984 4098 scil.
1008 4063 1197 4098 nomen.
1237 4044 1456 4113 Proprie

431 4120 733 4187 sepulerum
769 4128 923 4175 inane
950 4164 964 4184 ‚
1008 4124 1060 4176 in
1106 4141 1212 4192 quo
1252 4121 1458 4175 nullum

433 4217 624 4267 corpus
662 4199 952 4254 conditum.
993 4200 1098 4254 sed
1143 4211 1308 4271 poete
1344 4198 1460 4253 licet

435 4277 596 4330 etiam
616 4280 831 4345 inserebas
851 4284 1033 4332 thanes
1055 4279 1228 4333 dicere
1243 4319 1259 4345 ,
1293 4279 1461 4331 saeri-

436 4352 555 4409 ficia
571 4395 588 4424 ,
614 4373 731 4426 que
755 4356 872 4412 Diis
894 4356 1146 4413 Manibus
1175 4355 1241 4412 ad
1272 4356 1461 4425 sepul-

1547 3045 1699 3080 crum
1713 3026 1870 3079 inane
1888 3023 2186 3079 offeruntur
2208 3046 2219 3079 ε
2241 3027 2359 3082 vide
2375 3027 2439 3082 ad
2457 3030 2536 3086 vl
2550 3071 2566 3099 ‚

1551 3105 1663 3158 568.
1689 3101 1843 3156 Cous.
1865 3104 2011 3172 Virg.
2037 3103 2160 3156 AEn.
2188 3104 2271 3159 111
2294 3145 2309 3171 ,
2335 3107 2428 3158 301
2456 3128 2567 3180 sqq.

1549 3182 1673 3234 Alio
1685 3201 1836 3235 sensu
1853 3199 2008 3251 supra
2025 3181 2077 3234 11
2092 3221 2108 3247 ,
2130 3182 2229 3248 340
2247 3221 2262 3250 ,
2279 3189 2457 3236 &ania
2469 3206 2571 3239 mu-

1547 3279 1696 3313 nera:
1716 3259 2057 3312 Burmannus
2074 3259 2231 3312 etiam
2247 3280 2368 3314 cum
2394 3262 2570 3318 codice

1549 3337 1794 3392 Leidensi
1820 3341 1976 3393 tertio
2002 3339 2212 3405 mallet,
2248 3340 2468 3407 Inferias
2488 3352 2572 3395 lu-

1547 3424 1701 3477 Ierat.
1733 3431 1791 3473 ut
1815 3417 1877 3472 ad
1903 3418 2114 3485 inferias
2138 3417 2399 3472 alludatur
2418 3460 2433 3487 ,
2459 3440 2573 3489 quoe

1552 3497 1617 3549 ab
1638 3495 1895 3563 insen-ndo
1919 3496 2068 3548 dictae
2091 3505 2244 3560 sunt,
2276 3496 2388 3548 sine
2407 3517 2574 3553 causa.

1549 3576 1695 3626 Dare
1716 3583 1769 3626 et
1780 3574 1921 3638 serre
1938 3573 2229 3641 promiscue
2255 3587 2575 3643 usurpantur

1552 3651 1618 3704 de
1641 3651 1810 3703 sacris.
1828 3646 2040 3703 Servius
2054 3648 2118 3702 ad
2143 3650 2379 3719 Virgilii,
2400 3653 2573 3723 VIII,

1562 3727 1656 3780 106
1673 3767 1687 3792 ,
1707 3728 1864 3779 verba
1880 3766 1896 3792 ‚
1913 3737 2026 3779 tura
2046 3729 2260 3786 dabant,
2280 3728 2388 3782 hec
2403 3742 2579 3784 notat:

1554 3826 1584 3850 ιι
1607 3805 1783 3857 Verbo
1796 3822 2062 3857 sacrorum
2079 3823 2200 3859 usus
2214 3816 2315 3864 est;
2334 3826 2457 3859 nam
2476 3809 2580 3863 dici

1557 3906 1586 3932 κ
1607 3884 1804 3937 solebat
1830 3886 1885 3936 in
1910 3884 2065 3937 sacris
2094 3904 2107 3936 ι
2138 3884 2220 3936 Da
2244 3885 2384 3954 quod
2418 3886 2579 3941 debes

1556 3985 1584 4010 »a
1608 3962 1673 4016 de
1703 3981 1864 4016 manu
1906 3963 2116 4015 dextera
2154 3964 2254 4015 aris
2278 3986 2291 4027 ;
2318 3986 2345 4012 ιο
2384 3963 2500 4018 vide
2526 3975 2583 4019 et

1555 4041 1786 4094 Brisson.
1813 4041 1877 4094 de
1897 4042 2075 4093 Form.
2104 4042 2127 4095 1
2150 4082 2164 4109 ,
2184 4061 2231 4110 p.
2258 4045 2336 4094 25.
2358 4041 2582 4108 Inferias

1552 4128 1746 4172 mittere
1778 4119 1997 4187 legimus
2035 4119 2113 4172 xl
2142 4157 2158 4186 ‚
2200 4120 2311 4173 381.
2336 4147 2402 4159 —
2427 4120 2581 4192 Regii

1555 4201 1757 4256 codices
1781 4200 1977 4253 habent
1998 4207 2192 4253 thanes.

1637 4283 1682 4332 5.
1730 4282 1970 4348 Longum.
2020 4278 2329 4332 Basileensis
2373 4284 2547 4334 durum
2564 4319 2581 4344 ,

1559 4357 1703 4429 quod
1735 4360 2003 4430 eleganter
2030 4358 2232 4415 dietum
2256 4370 2405 4431 putat
2431 4360 2584 4413 Bur-
