3185 5138
705 517 835 584 affl

1009 679 1258 735 mmm
1303 680 1413 734 ιιι

703 838 952 894 Draconis
977 838 1150 892 dentes
1171 838 1229 891 in
1254 837 1391 890 viros
1414 848 1645 890 armatos.

705 919 928 972 Cadmus
951 917 1165 969 Boeotioe
1187 915 1437 969 conditor.

704 1002 913 1051 Actaeon
937 997 992 1048 in
1015 1015 1238 1047 cervum.

704 1075 932 1128 Bacchus
952 1095 1011 1126 ex
1034 1072 1233 1126 Semele
1254 1069 1440 1124 Cadmi
1463 1068 1588 1125 filia.

704 1157 737 1208 J
743 1174 844 1205 nno
870 1155 925 1205 in
950 1172 1123 1204 mum.

704 1231 894 1285 Bacchi
919 1230 1164 1283 educatio.

703 1312 922 1365 Tiresias
948 1311 1001 1362 iu
1026 1309 1283 1362 seminam.

703 1388 922 1440 Tiresias
949 1387 1004 1440 in
1026 1407 1234 1440 marem.

703 1468 966 1520 Narcissus
992 1468 1047 1519 in
1072 1464 1265 1520 florem.

706 1546 848 1598 Echo
872 1547 929 1597 in
952 1565 1145 1598 vocem.

702 1623 956 1696 Tyrrheni
981 1636 1147 1676 nautae
1174 1625 1229 1676 in
1252 1622 1531 1696 delphinos.

702 1701 930 1755 Bacchus
952 1703 1009 1754 in
1034 1722 1263 1775 puerum.
1646 1705 1655 1712 '

704 1778 914 1832 Penthei
935 1779 1215 1852 descriptio.

1010 1936 1263 1988 LIBER
1305 1936 1407 1989 IV.

702 2093 890 2147 Bacchi
916 2092 1143 2146 nomina.

702 2174 926 2229 Dercetis
949 2171 1237 2243 Babylonia
1258 2171 1315 2223 in
1336 2170 1537 2243 piscem.

703 2252 996 2309 Semiramis
1023 2252 1079 2304 in
1101 2249 1404 2304 columbam.

699 2334 826 2387 Nais
853 2333 908 2385 in
932 2332 1130 2405 piscem.

698 2414 850 2467 Mora
875 2432 934 2465 ex
958 2410 1082 2463 albis
1105 2408 1254 2481 nigra
1274 2405 1486 2479 Pyrami
1503 2417 1554 2459 et
1567 2404 1721 2458 Thia-

768 2491 853 2544 ba
879 2488 1126 2562 sanguine
1144 2488 1336 2539 effecta.

699 2573 910 2626 Veneris
938 2591 1053 2624 cum
1080 2569 1246 2623 Marte
1272 2565 1589 2619 adulterium.

700 2650 983 2705 Leucothoe
1008 2650 1064 2701 in
1089 2646 1247 2700 thuris
1271 2645 1518 2699 arborem.

705 2730 869 2802 Clytie
891 2729 943 2780 in
969 2725 1324 2798 heliotropium
1349 2722 1578 2776 herbam.

698 2805 931 2879 Daphnis
957 2806 1120 2858 Idaens
1146 2804 1203 2856 in
1220 2822 1413 2857 saxum.

702 2886 932 2958 Scython
958 2884 1013 2935 in
1034 2884 1292 2935 feminam.

700 2962 907 3016 Celmns
930 2979 1053 3034 puer
1077 2960 1131 3012 in
1154 2961 1489 3011 adamantem.

704 3041 890 3095 Crocos
915 3059 1028 3093 cum
1056 3038 1275 3091 Smilace
1298 3038 1354 3090 in
1371 3036 1538 3091 flores.

706 3118 1006 3175 Salmacidis
1028 3116 1183 3170 fontis
1208 3128 1402 3169 natura.
1532 3167 1536 3171 ,

702 3194 1152 3270 Hermaphroditus
1160 3214 1275 3248 cum
1282 3192 1565 3247 Salmacide
1575 3210 1719 3265 aymo

767 3277 865 3352 pha
889 3276 1159 3351 copulatus.

700 3355 950 3410 Mineides
974 3355 1029 3408 in
1050 3351 1438 3427 vespertiliones.

699 3437 795 3488 Ino
820 3433 1135 3488 Athamantis
1163 3452 1289 3485 uxor
1310 3433 1364 3485 in
1387 3433 1567 3484 Deam.

697 3516 810 3568 viae
835 3514 900 3566 ad
929 3514 1119 3566 inferos
1143 3510 1419 3586 descriptio.

696 3597 729 3648 J
734 3611 835 3645 uno
862 3593 926 3646 ad
947 3592 1151 3648 Inferu.

698 3671 961 3727 Melicerta
981 3671 1036 3723 in
1063 3672 1234 3723 Deum
1256 3669 1527 3723 marinum.

700 3748 922 3802 Comites
946 3749 1065 3801 Inus
1087 3748 1143 3800 in
1160 3766 1279 3801 saxa
1298 3760 1349 3800 et
1366 3767 1498 3800 aves.

700 3829 920 3882 Cadmus
942 3846 1056 3880 cum
1081 3845 1235 3880 uxore
1256 3826 1311 3878 in
1332 3844 1564 3900 anguem.

694 3911 891 3983 Jupiter
920 3909 973 3962 in
1000 3928 1193 3962 aurum.

696 3990 866 4043 Persei
891 4004 1041 4063 gesta.

697 4068 864 4120 Guttae
904 4067 1163 4143 sanguinis
1185 4066 1414 4122 Medusae
1450 4065 1626 4140 capitis
1659 4064 1717 4119 iu

762 4161 1029 4219 serpentes.

698 4224 838 4278 Atlas
867 4225 922 4277 in
945 4239 1188 4281 montem.

699 4303 1028 4359 Andromeda
1053 4317 1159 4358 ceto
1186 4304 1419 4379 exposita.

1589 510 1954 582 INDEX.

1821 678 2059 749 Virgnlta
2082 679 2138 731 in
2160 681 2361 733 coralia.

1820 757 2164 812 Andromeda
2189 758 2458 832 Perseiqne
2479 765 2708 835 nuptia.

1818 833 2884 967 Pffleqwalamemguinene-

1822 1307 2082 1381 Cephenes
2116 1307 2353 1363 Perseum
2392 1325 2754 1385 oppugnantes
2796 1315 2866 1366 ἰιι

1885 1406 2018 1440 saxa.

1823 1465 2116 1538 Cephenum
2141 1466 2383 1519 nunnitus
2407 1467 2695 1540 descriptio.

1816 1547 2040 1600 Phineus
2064 1547 2254 1620 Cephei
2276 1549 2427 1600 frater
2452 1549 2509 1600 in
2531 1561 2772 1602 statuam.

1815 1626 2014 1680 Proetns
2039 1626 2096 1679 in
2122 1626 2358 1700 lapidem.

1815 1702 2108 1777 Polydectes
2131 1704 2189 1756 in
2206 1724 2396 1756 saxum.

1815 1787 2154 1860 Hippocrenes
2179 1787 2334 1839 fontis
2358 1785 2639 1859 descriptio.

1815 1861 2034 1933 Pyrenei
2057 1863 2393 1937 sacrilegium.

1818 1941 1985 1994 Musae
2009 1941 2064 1994 in
2090 1961 2221 1995 aves.

1815 2017 2039 2072 Pierides
2065 2020 2120 2071 in
2149 2020 2297 2092 picas.

1815 2096 2249 2168 Gigantomachiae
2272 2097 2549 2171 descriptio.

1815 2176 2016 2247 Jupiter
2042 2176 2093 2228 in
2123 2176 2344 2229 arietem.

1814 2253 1998 2326 Apollo
2020 2256 2075 2307 in
2098 2275 2320 2308 corvum.

1812 2331 2040 2384 Bacchus
2066 2332 2122 2383 in
2146 2350 2366 2404 caprum.

1814 2409 1986 2462 Diana
2007 2410 2062 2461 in
2092 2409 2255 2462 selem.

1812 2492 1845 2543 J
1849 2510 1952 2543 uno
1979 2491 2035 2542 in
2057 2510 2275 2543 vaccam.

1813 2572 1988 2624 Venus
2014 2573 2071 2624 in
2097 2572 2300 2644 piscem.

1814 2652 2094 2705 Mercurius
2117 2652 2173 2703 in
2193 2651 2338 2704 ibim.
2429 2648 2430 2653 ¹

1819 2730 2011 2783 Cereris
2038 2729 2227 2782 laudes-

1812 2808 2127 2881 Proserpinae
2154 2820 2340 2882 raptus.

1814 2886 1966 2960 Pergi
1991 2887 2126 2941 lacus
2151 2885 2433 2959 descriptio.

1815 2966 1991 3037 Cyane
2017 2964 2243 3039 nympha
2263 2965 2317 3017 in
2340 2976 2590 3037 stagnum.

1813 3046 1947 3098 Puer
1972 3043 2261 3097 temerarius
2281 3044 2336 3096 in
2357 3043 2653 3096 stellionem.

1814 3123 2059 3178 Arethusa
2079 3121 2303 3196 nympha
2328 3122 2384 3173 in
2405 3122 2611 3173 sontem.

1814 3200 2119 3273 Ascalaphus
2144 3200 2198 3252 in
2228 3198 2499 3251 hubonem.

1816 3281 2020 3334 Sirenes
2044 3279 2099 3331 in
2126 3298 2255 3332 aves.

1813 3361 2014 3430 Lyncus
2037 3377 2123 3410 rex
2144 3356 2446 3429 Scytharum
2469 3354 2525 3406 in
2546 3355 2765 3427 lyncem.

2126 3515 2170 3567 1.
2182 3512 2260 3564 113
2270 3512 2370 3566 ER
2425 3513 2475 3565 V
2487 3513 2527 3565 1.

1813 3670 2045 3724 Arachne
2072 3672 2129 3723 in
2155 3689 2405 3723 araneam.

1812 3747 2069 3801 Arachnes
2091 3766 2207 3800 cum
2232 3746 2437 3799 Pallade
2463 3758 2731 3799 certamen.

1812 3826 1977 3879 Pallas
2002 3827 2057 3879 in
2085 3826 2319 3878 vetulam.

1813 3907 2052 3997 'telarum
2088 3905 2311 3958 Palladis
2348 3903 2704 3976 Arachnesqne
2735 3902 2840 3957 de-
2876 3948 2881 3951 .

1811 3996 2097 4117 Ηὲἰῖεῃέ
2117 4060 2363 4136 Rhodope
2389 4061 2447 4115 in
2472 4074 2686 4115 montes.

1813 4145 2056 4219 Pygmaea
2083 4142 2138 4196 in
2163 4162 2356 4217 gruem.

1760 4290 1765 4295 ⁴
1815 4224 2071 4296 Antigone
2097 4224 2150 4275 in
2179 4223 2441 4278 ciconiam.

1819 4302 2036 4374 Cynarae
2063 4301 2185 4357 filiae
2210 4302 2268 4357 in
2291 4320 2421 4355 saxa.
