3185 5138
665 538 789 603 186

1238 539 1320 603 P.
1388 537 1745 603 OVIDII
1797 535 2243 603 NASONIS

658 676 766 751 Ad
806 675 1076 751 thalami
1109 693 1439 751 certamen
1472 675 1704 750 adest:
1739 704 1818 749 ex
1854 675 2171 749 omnibus
2206 704 2419 749 unum

661 792 854 889 Elige
878 850 897 881 ‚
934 794 1209 895 Myrrha
1232 850 1252 881 ‚
1293 794 1418 868 tibi
1439 820 1470 883 ,·
1498 793 1655 867 dum
1691 821 1775 866 ne
1812 791 1900 864 sit
1932 792 2002 864 in
2038 791 2356 865 omnibus
2388 820 2584 865 unus.

659 909 784 983 Illa
820 910 1089 1013 quidem
1125 911 1331 986 sentit
1354 968 1373 999 ‚
1411 910 1725 1011 soedoque
1761 925 2089 1010 repugnat
2121 908 2331 982 amori
2361 939 2379 981 ε

659 1026 753 1099 Et
786 1055 1006 1101 secum
1027 1083 1046 1114 ‚
1084 1060 1118 1091 α
1151 1028 1313 1123 Quo
1347 1044 1569 1100 mente
1602 1027 1828 1100 feror?
1860 1024 2020 1127 quid
2056 1024 2350 1098 molior?
2385 1023 2626 1125 inquit.
2706 1044 2807 1097 320

663 1177 699 1208 υ
741 1145 833 1216 Di
854 1200 873 1231 ‚
904 1172 1179 1245 precor,
1217 1161 1284 1218 et
1313 1143 1535 1218 Pietas
1557 1200 1576 1231 ‚
1617 1160 1998 1243 sacrataque
2029 1143 2175 1241 jura
2209 1158 2556 1242 parentum
2577 1196 2598 1228 ‚

661 1292 698 1325 ι»
741 1261 894 1333 Hoc
926 1258 1278 1360 prohibete
1309 1259 1529 1347 nefas,
1573 1257 1937 1361 scelerique
1971 1260 2259 1333 resistite
2295 1275 2481 1331 tanto
2510 1287 2528 1346 ;

661 1409 697 1440 n
739 1375 812 1448 Si
848 1393 1064 1449 tamen
1097 1374 1226 1450 hoc
1264 1376 1483 1451 scelus
1516 1395 1661 1451 est:
1697 1377 1813 1451 sed
1853 1376 2025 1450 enim
2064 1376 2370 1450 damnare
2402 1390 2683 1469 negatur

664 1524 701 1556 »
748 1492 937 1565 Hanc
970 1494 1296 1566 Venerem
1329 1493 1542 1593 pietas
1569 1523 1586 1579 3
1630 1511 2005 1595 coeuntque
2038 1492 2343 1567 animalia
2371 1490 2563 1566 nullo

664 1642 700 1675 υ
745 1609 977 1685 Cetera
1009 1607 1306 1696 delectu;
1339 1638 1459 1683 nec
1494 1609 1783 1684 habetur
1821 1627 2013 1710 turpe
2042 1609 2341 1708 juvencae

2707 1631 2809 1684 325

665 1758 701 1790 »
744 1727 941 1800 Ferre
977 1744 1234 1826 patrem
1264 1745 1453 1821 tergo
1487 1756 1502 1799 ε
1537 1725 1616 1799 fit
1649 1755 1824 1828 equo
1858 1754 1978 1800 sua
2010 1725 2145 1800 filia
2179 1726 2461 1825 conjux;

656 1910 824 1962 quum
847 1892 1006 1945 facilis
1026 1891 1072 1945 ei
1095 1901 1229 1946 esset
1245 1891 1481 1945 nubendi
1506 1892 1651 1962 copia
1665 1930 1680 1958 ,

658 1982 813 2040 atque
828 1971 1078 2023 maritum
1094 1971 1188 2023 sibi
1200 1969 1465 2041 deligendi
1481 1992 1509 2024 e
1526 1971 1682 2023 maxi-

660 2066 748 2100 mo
773 2066 1001 2101 numero
1036 2052 1276 2101 lectorum
1298 2088 1311 2108 ,
1363 2047 1686 2117 praestantis·

654 2128 911 2180 simorum
933 2166 947 2193 ,
976 2117 1260 2194 proceriun,
1296 2126 1555 2193 juvenum
1584 2143 1683 2177 re-

656 2204 863 2275 giorum
889 2244 904 2271 ,
945 2205 1033 2273 qui
1070 2222 1189 2257 eam
1215 2206 1486 2270 cupiebant
1504 2241 1518 2262 ,
1555 2219 1683 2254 am—

656 2283 871 2337 biebant
891 2283 1087 2353 nuptiis
1103 2321 1117 2348 ,
1149 2293 1205 2336 et
1234 2285 1448 2336 aderant
1471 2285 1547 2334 ad
1562 2283 1688 2333 lba-

656 2365 1054 2425 lamicertamen‚
1080 2372 1365 2431 presentes
1380 2359 1653 2413 certabant
1665 2396 1681 2424 ,

659 2453 717 2496 ut
740 2462 857 2497 eam
879 2443 978 2496 sibi
1001 2442 1219 2512 quisque
1243 2442 1527 2511 conjugem
1553 2439 1684 2492 vin-

658 2522 870 2577 dicaret.
889 2551 956 2563 —-
984 2525 1203 2592 Totoque
1231 2523 1450 2574 Oriente.
1474 2518 1534 2574 ld
1562 2519 1683 2589 quia

659 2600 817 2654 nimis
829 2601 1093 2671 poeticum
1109 2600 1376 2670 judicabat
1392 2597 1685 2667 Casp.Hos-

660 2698 886 2733 mannus
902 2719 917 2746 ,
937 2679 1231 2750 corrigebat
1251 2687 1452 2746 totoque
1473 2679 1681 2738 Oronte,

663 2765 718 2807 ut
736 2756 1188 2825 intelligereturea
1200 2775 1317 2825 pars
1333 2755 1685 2828 Syriae‚quam

662 2833 900 2888 Orontes
917 2836 1128 2905 irrigat;
1157 2835 1249 2888 sed
1271 2836 1408 2888 bene
1432 2835 1684 2887 Orientem

663 2913 1007 2965 Burmannus
1023 2913 1259 2967 defendit
1274 2914 1337 2966 ab
1353 2912 1433 2965 his
1446 2912 1563 2965 libri
1581 2911 1683 2978 lv,

662 2991 726 3044 56
740 3030 755 3056 ‚
782 2989 849 3044 de
874 2991 1070 3044 Thisbe
1094 3010 1106 3043 ι
1131 3010 1259 3059 quas
1295 2992 1474 3043 Oriens
1509 2992 1692 3042 babuit

652 3072 871 3136 prelata
878 3072 1082 3136 puellis.
1097 3069 1304 3139 Nempe
1318 3069 1359 3121 si
1377 3058 1616 3121 ditissimi
1631 3078 1687 3121 et

663 3147 1012 3218 potentissimi
1045 3147 1180 3218 regis
1215 3145 1321 3198 filia
1345 3165 1376 3198 a
1407 3144 1575 3214 procis
1602 3155 1686 3198 to-

661 3227 763 3281 tius
781 3227 1021 3281 Orientis
1038 3235 1365 3295 exspectatur
1377 3263 1393 3292 ,
1411 3224 1686 3277 historicus

660 3326 771 3361 non
797 3318 1073 3361 vereretur
1105 3307 1203 3359 hoc
1236 3304 1341 3358 fide
1373 3315 1516 3358 certa
1549 3323 1686 3356 nar—

661 3407 777 3441 rare
801 3410 813 3452 ;
841 3406 938 3440 eur
957 3404 1068 3454 non
1092 3379 1272 3454 poeta,
1295 3383 1378 3437 cui
1401 3393 1541 3437 certe
1567 3382 1686 3436 licet

660 3470 858 3524 samam
884 3468 1251 3540 pulcherrime
1269 3467 1456 3536 puelle
1482 3465 1684 3537 fingere

660 3552 822 3604 etiam
848 3550 910 3603 ad
941 3549 1094 3619 longe
1121 3557 1350 3601 remotas
1373 3555 1555 3618 gentes
1579 3544 1688 3597 dis-

660 3634 828 3685 susam
853 3652 962 3686 esse
985 3631 1008 3685 ?
1032 3634 1132 3687 Ed.
1146 3633 1403 3698 —·Ele'5e,
1429 3631 1644 3699 Myrrha
1661 3669 1676 3690 ‚

658 3714 766 3763 te‘be’.
786 3710 935 3779 Regii
953 3709 1137 3773 nostri,
1155 3710 1320 3775 Eleke.
1339 3709 1573 3776 Myrrha,
1603 3710 1687 3758 νί-

660 3808 768 3843 rum
787 3828 800 3855 ‚
822 3787 962 3857 quod
983 3786 1215 3858 placebat
1231 3786 1455 3840 Heinsio
1468 3825 1483 3852 ,
1502 3785 1546 3838 si
1565 3801 1687 3837 mox

662 3867 929 3939 legeretur
950 3870 1066 3919 dum
1088 3885 1187 3918 noa
1199 3884 1264 3917 ex
1279 3868 1508 3917 omm’bus
1518 3882 1685 3915 unum.

667 3944 1013 4000 Constantius
1060 3944 1187 3996 Fan.
1221 3941 1427 3996 delebat
1464 3941 1685 3994 verbum

661 4027 1046 4080 substantivum
1070 4046 1084 4088 ;
1129 4023 1219 4078 sed
1263 4023 1507 4094 Micyllus
1540 4021 1688 4076 dedit

664 4124 786 4157 cum
821 4105 1013 4159 nostris
1047 4103 1222 4175 Regiis
1242 4142 1256 4171 ,
1282 4106 1399 4156 dum
1422 4121 1523 4154 non
1543 4106 1616 4154 se’t
1630 4106 1685 4154 in

664 4187 919 4247 omnibus,
941 4196 1001 4238 ut
1021 4204 1196 4237 versus
1210 4193 1387 4237 staret.
1406 4182 1571 4235 Bene.
1584 4182 1683 4236 Ed.

663 4289 729 4301 —
745 4264 880 4315 Dum
904 4284 969 4316 ne
989 4268 1061 4317 se't
1074 4275 1169 4316 etc.
1186 4283 1293 4315 uno
1311 4272 1454 4333 patre
1478 4281 1540 4314 ex
1553 4280 1686 4313 om·-

665 4342 819 4399 nibus
841 4354 1074 4413 excepto.
1099 4344 1249 4398 Lusit
1268 4342 1327 4399 in
1345 4361 1529 4399 vocem
1542 4361 1688 4397 unus.

1847 1894 1961 1966 3¹9·
1981 1894 2158 1945 Sentit.
2184 1891 2415 1945 Sensum
2434 1892 2579 1944 enim
2597 1890 2807 1944 bonesti

1782 1982 1836 2024 et
1876 1973 2042 2041 turpis
2077 1972 2323 2026 omnibus
2364 1971 2666 2023 bominibus
2698 1971 2806 2022 im-

1782 2050 1967 2119 pressit
1991 2050 2153 2103 Deus.
2195 2050 2267 2102 Et
2291 2049 2332 2103 is
2354 2068 2537 2101 sensus
2566 2049 2727 2100 etiam
2749 2048 2806 2098 in

1780 2146 1908 2197 seqq
1944 2128 2130 2181 mediis
2174 2128 2228 2180 in
2268 2126 2532 2180 furoribus
2568 2125 2807 2197 Myrrhae

1781 2207 2008 2259 subinde
2033 2207 2418 2276 expergiscitur.

1847 2286 1963 2337 320.
2005 2289 2081 2338 Et
2109 2304 2293 2339 secum.
2332 2284 2588 2352 Sequitur
2619 2282 2807 2336 solilo-

1785 2364 1971 2432 quium
1988 2403 2003 2430 ,
2035 2365 2091 2416 in
2112 2384 2218 2432 quo
2236 2383 2357 2417 mox
2381 2363 2599 2415 affectus
2615 2360 2773 2415 vincit
2789 2401 2804 2425 .

1782 2461 1906 2494 mox
1927 2461 2053 2495 sana
2077 2445 2212 2496 ratio
2233 2483 2248 2508 ,
2295 2454 2353 2496 ut
2380 2461 2538 2512 supra
2575 2442 2684 2506 lx,
2712 2442 2807 2509 473

1781 2540 1877 2590 sqq
1898 2561 1912 2588 ,
1938 2521 1992 2574 in
2018 2519 2361 2575 fluctuatione
2385 2519 2639 2594 Byblidis.
2678 2520 2810 2573 Pri-

1783 2620 1935 2654 mum
1949 2620 2075 2654 sana
2091 2601 2211 2654 satis
2227 2612 2322 2667 est,
2342 2612 2398 2653 et
2414 2601 2657 2653 Deorum
2673 2599 2810 2651 auxi-

1738 2677 1741 2680 ’
1784 2679 1915 2732 lium
1937 2679 2182 2749 implorat
2196 2698 2208 2731 ε
2231 2683 2344 2745 Quo
2355 2678 2662 2746 menteseror
2671 2678 2807 2730 bene

1784 2757 1848 2811 de
1873 2759 1935 2811 iis
1953 2798 1968 2825 ,
1997 2758 2085 2827 qui
2113 2759 2350 2811 sentiunt
2381 2777 2437 2809 se
2459 2757 2654 2810 suriosa
2675 2775 2810 2809 con-

1782 2838 1896 2890 silia
1923 2857 2127 2907 capere.
2155 2866 2221 2878 —
2250 2837 2432 2889 Moliri
2446 2835 2513 2889 de
2537 2835 2685 2888 omni
2715 2854 2810 2888 co-

1782 2928 1930 2970 natu.
1951 2945 2019 2959 —
2045 2922 2249 2978 Pietas,
2281 2915 2577 2969 reverentia
2602 2932 2806 2984 paren-

1784 2996 1921 3048 tibus
1945 2995 2120 3048 debita
2134 3035 2148 3060 ‚
2170 3005 2434 3064 spectatur
2448 3004 2505 3047 ut
2522 3010 2810 3044 numen.—

1783 3079 2027 3139 Sacrala‚
2072 3095 2214 3129 sacra
2237 3115 2250 3140 ,
2279 3085 2338 3127 ut
2364 3073 2613 3142 Virgilius
2633 3112 2647 3137 ,
2676 3072 2806 3124 AEn.

1786 3155 1874 3219 II,
1918 3159 2024 3224 157.
2062 3181 2128 3193 —
2162 3155 2611 3207 Scelen'...tanto.
2650 3149 2807 3219 Regii

1782 3233 1983 3299 nostri,
2008 3238 2192 3286 sceleri
2208 3274 2220 3285 .
2241 3272 2253 3284 .
2271 3273 2283 3287 .
2306 3240 2475 3285 nostro
2496 3271 2509 3293 ,
2543 3222 2686 3299 quod
2708 3249 2805 3299 po·

1784 3324 1885 3368 test
1909 3312 2140 3366 defendi.
2166 3315 2265 3365 Ed.

1847 3395 1961 3460 324.
1991 3395 2288 3460 Coeuntque.
2323 3390 2520 3462 Regius
2553 3401 2735 3444 noster
2757 3391 2804 3444 B

1781 3478 1832 3529 το·
1853 3493 1951 3541 que
1969 3473 2198 3539 omittit,
2247 3490 2354 3540 quo
2387 3471 2603 3540 quidem
2639 3481 2807 3541 potest

1780 3573 1980 3606 vacare.
2009 3554 2107 3605 Ed.
2126 3581 2192 3593 —
2217 3556 2413 3607 Coeunt
2435 3556 2576 3605 nullo
2595 3556 2807 3605 delectu.

1783 3633 1933 3688 Olim
1956 3633 2213 3686 edebatur
2236 3636 2376 3686 nullo
2393 3636 2612 3697 delei-tm·
2637 3631 2807 3684 Hein-

1779 3712 1884 3765 sius
1912 3711 2063 3764 malit
2085 3714 2272 3762 dilectu
2292 3751 2305 3767 .
2349 3710 2461 3762 sine
2486 3728 2639 3762 causa
2664 3727 2677 3761 z
2704 3710 2807 3760 de·-

1779 3794 1932 3857 ligere
1957 3790 2104 3843 euim
2142 3798 2196 3841 et
2229 3792 2439 3854 diligere
2466 3787 2624 3839 verba
2653 3786 2805 3854 ejus-

1781 3867 1906 3921 dem
1920 3867 2152 3921 notionis
2166 3885 2275 3919 esse
2295 3865 2448 3918 docet
2462 3864 2807 3916 Burmannus

1781 3947 2018 4017 plurimis
2051 3945 2330 4014 exemplis,
2365 3962 2528 4012 quem
2570 3941 2708 3995 vide.
2740 3967 2806 3981 —-·

1781 4028 1934 4099 Regii
1958 4027 2123 4081 nostri
2146 4030 2348 4080 delei-to.
2370 4050 2436 4062 ——
2460 4022 2545 4075 Ab
2562 4021 2810 4076 animali-

1779 4109 1876 4163 bus
1911 4109 2075 4161 brutis
2116 4106 2313 4159 discere
2349 4103 2494 4169 vult,
2529 4101 2657 4171 quid
2695 4100 2806 4153 ho·—

1779 4189 1913 4243 mini
1938 4189 2103 4241 liceat.
2132 4189 2280 4239 Denn
2310 4196 2456 4238 unter
2479 4186 2652 4235 demet
2679 4183 2806 4232 Les-

1777 4280 1828 4321 te
1851 4270 2026 4320 Beate
2057 4266 2236 4318 Se‘nkst
2267 4267 2338 4317 du
2370 4282 2471 4316 von
2496 4266 2633 4314 eines
2655 4260 2808 4311 Men-

1780 4348 1934 4400 seben
1996 4345 2186 4404 W'eirde
2231 4363 2328 4397 zur
2369 4341 2682 4408 Ne‘edre’gkee't
2713 4338 2806 4389 des
