<?xml version="1.0" encoding="UTF-8"?>
<!DOCTYPE html PUBLIC "-//W3C//DTD XHTML 1.0 Transitional//EN"
    "http://www.w3.org/TR/xhtml1/DTD/xhtml1-transitional.dtd">
<html xmlns="http://www.w3.org/1999/xhtml" xml:lang="en" lang="en">
 <head>
  <title>
</title>
<meta http-equiv="Content-Type" content="text/html;charset=utf-8" />
  <meta name='ocr-system' content='tesseract 3.04.00' />
  <meta name='ocr-capabilities' content='ocr_page ocr_carea ocr_par ocr_line ocrx_word'/>
</head>
<body>
  <div class='ocr_page' id='page_1' title='image "./publiusovidiusn02giergoog_0567.png"; bbox 0 0 3185 5138; ppageno 0'>
   <div class='ocr_carea' id='block_1_1' title="bbox 614 539 2135 634">
    <p class='ocr_par' dir='ltr' id='par_1_1' title="bbox 614 539 2135 634">
     <span class='ocr_line' id='line_1_1' title="bbox 614 539 2135 634; baseline -0.002 0"><span class='ocrx_word' id='word_1_1' title='bbox 614 539 1665 634; x_wconf 77' lang='lat' dir='ltr'>METAMonPnosEoN</span> <span class='ocrx_word' id='word_1_2' title='bbox 1709 559 1910 629; x_wconf 71' lang='grc' dir='ltr'>ΜΒ.</span> <span class='ocrx_word' id='word_1_3' title='bbox 1960 561 2135 631; x_wconf 86' lang='lat' dir='ltr'>xv.</span> 
     </span>
    </p>
   </div>
   <div class='ocr_carea' id='block_1_2' title="bbox 296 702 2305 2904">
    <p class='ocr_par' dir='ltr' id='par_1_2' title="bbox 296 702 2305 2904">
     <span class='ocr_line' id='line_1_2' title="bbox 296 702 2091 808; baseline -0.002 -26"><span class='ocrx_word' id='word_1_4' title='bbox 296 712 362 784; x_wconf 83' lang='lat' dir='ltr'>F</span> <span class='ocrx_word' id='word_1_5' title='bbox 362 706 943 808; x_wconf 88' lang='lat' dir='ltr'>lammiserumque</span> <span class='ocrx_word' id='word_1_6' title='bbox 973 704 1239 780; x_wconf 86' lang='lat' dir='ltr'>trahens</span> <span class='ocrx_word' id='word_1_7' title='bbox 1269 704 1565 807; x_wconf 84' lang='lat' dir='ltr'>spatioso</span> <span class='ocrx_word' id='word_1_8' title='bbox 1600 702 1808 778; x_wconf 86' lang='lat' dir='ltr'>limite</span> <span class='ocrx_word' id='word_1_9' title='bbox 1845 703 2091 779; x_wconf 89' lang='lat' dir='ltr'>crinem</span> 
     </span>
     <span class='ocr_line' id='line_1_3' title="bbox 300 820 2062 924; baseline -0.003 -24"><span class='ocrx_word' id='word_1_10' title='bbox 300 824 529 900; x_wconf 83' lang='lat' dir='ltr'><strong>Stella</strong></span> <span class='ocrx_word' id='word_1_11' title='bbox 557 824 793 911; x_wconf 87' lang='lat' dir='ltr'>micat,</span> <span class='ocrx_word' id='word_1_12' title='bbox 831 823 1101 924; x_wconf 89' lang='lat' dir='ltr'>natique</span> <span class='ocrx_word' id='word_1_13' title='bbox 1142 821 1374 896; x_wconf 82' lang='lat' dir='ltr'>videns</span> <span class='ocrx_word' id='word_1_14' title='bbox 1403 820 1782 909; x_wconf 82' lang='lat' dir='ltr'>benefacta,</span> <span class='ocrx_word' id='word_1_15' title='bbox 1816 820 2062 897; x_wconf 87' lang='lat' dir='ltr'>fatetur</span> 
     </span>
     <span class='ocr_line' id='line_1_4' title="bbox 298 937 1846 1039; baseline -0.002 -23"><span class='ocrx_word' id='word_1_16' title='bbox 298 944 485 1016; x_wconf 87' lang='lat' dir='ltr'>Esse</span> <span class='ocrx_word' id='word_1_17' title='bbox 518 940 655 1015; x_wconf 89' lang='lat' dir='ltr'>suis</span> <span class='ocrx_word' id='word_1_18' title='bbox 689 940 937 1039; x_wconf 88' lang='lat' dir='ltr'>majora</span> <span class='ocrx_word' id='word_1_19' title='bbox 957 998 977 1028; x_wconf 89' lang='lat'>,</span> <span class='ocrx_word' id='word_1_20' title='bbox 1015 957 1085 1014; x_wconf 86' lang='lat' dir='ltr'>et</span> <span class='ocrx_word' id='word_1_21' title='bbox 1106 937 1281 1014; x_wconf 82' lang='lat' dir='ltr'>vinci</span> <span class='ocrx_word' id='word_1_22' title='bbox 1312 939 1554 1034; x_wconf 84' lang='lat' dir='ltr'>gaudet</span> <span class='ocrx_word' id='word_1_23' title='bbox 1585 938 1670 1014; x_wconf 86' lang='lat' dir='ltr'>ab</span> <span class='ocrx_word' id='word_1_24' title='bbox 1702 937 1846 1013; x_wconf 89' lang='lat' dir='ltr'>illo.</span> 
     </span>
     <span class='ocr_line' id='line_1_5' title="bbox 300 1053 2111 1155; baseline -0.001 -26"><span class='ocrx_word' id='word_1_25' title='bbox 300 1055 452 1129; x_wconf 87' lang='lat' dir='ltr'>Hic</span> <span class='ocrx_word' id='word_1_26' title='bbox 489 1082 605 1128; x_wconf 91' lang='lat' dir='ltr'>sua</span> <span class='ocrx_word' id='word_1_27' title='bbox 640 1053 934 1155; x_wconf 71' lang='lat' dir='ltr'>praeferri</span> <span class='ocrx_word' id='word_1_28' title='bbox 969 1080 1368 1155; x_wconf 84' lang='lat' dir='ltr'>quamquam</span> <span class='ocrx_word' id='word_1_29' title='bbox 1401 1069 1577 1128; x_wconf 81' lang='lat' dir='ltr'>vetat</span> <span class='ocrx_word' id='word_1_30' title='bbox 1609 1070 1752 1126; x_wconf 90' lang='lat' dir='ltr'>acta</span> <span class='ocrx_word' id='word_1_31' title='bbox 1782 1053 2071 1154; x_wconf 89' lang='lat' dir='ltr'>paternis</span> <span class='ocrx_word' id='word_1_32' title='bbox 2091 1109 2111 1139; x_wconf 86' lang='lat'>‚</span> 
     </span>
     <span class='ocr_line' id='line_1_6' title="bbox 300 1169 1989 1272; baseline -0.002 -24"><span class='ocrx_word' id='word_1_33' title='bbox 300 1173 564 1248; x_wconf 87' lang='lat' dir='ltr'>Libera</span> <span class='ocrx_word' id='word_1_34' title='bbox 595 1170 767 1246; x_wconf 83' lang='lat' dir='ltr'>fama</span> <span class='ocrx_word' id='word_1_35' title='bbox 800 1187 1055 1259; x_wconf 87' lang='lat' dir='ltr'>tamen,</span> <span class='ocrx_word' id='word_1_36' title='bbox 1089 1169 1427 1272; x_wconf 82' lang='lat' dir='ltr'>nullisque</span> <span class='ocrx_word' id='word_1_37' title='bbox 1461 1170 1759 1246; x_wconf 84' lang='lat' dir='ltr'>obnoxia</span> <span class='ocrx_word' id='word_1_38' title='bbox 1787 1169 1989 1269; x_wconf 87' lang='lat' dir='ltr'>jussis</span> 
     </span>
     <span class='ocr_line' id='line_1_7' title="bbox 298 1285 1953 1390; baseline -0.002 -28"><span class='ocrx_word' id='word_1_39' title='bbox 298 1287 611 1362; x_wconf 84' lang='lat' dir='ltr'>Invitum</span> <span class='ocrx_word' id='word_1_40' title='bbox 644 1285 946 1389; x_wconf 83' lang='lat' dir='ltr'>praefert,</span> <span class='ocrx_word' id='word_1_41' title='bbox 981 1316 1246 1390; x_wconf 85' lang='lat' dir='ltr'>unaque</span> <span class='ocrx_word' id='word_1_42' title='bbox 1281 1287 1350 1361; x_wconf 90' lang='lat' dir='ltr'>in</span> <span class='ocrx_word' id='word_1_43' title='bbox 1386 1303 1574 1390; x_wconf 88' lang='lat' dir='ltr'>parte</span> <span class='ocrx_word' id='word_1_44' title='bbox 1607 1303 1953 1388; x_wconf 86' lang='lat' dir='ltr'><strong>repugnat.</strong></span> 
     </span>
     <span class='ocr_line' id='line_1_8' title="bbox 302 1397 2023 1498; baseline 0 -23"><span class='ocrx_word' id='word_1_45' title='bbox 302 1397 430 1476; x_wconf 84' lang='lat' dir='ltr'>Sic</span> <span class='ocrx_word' id='word_1_46' title='bbox 464 1403 689 1498; x_wconf 80' lang='lat' dir='ltr'>magni</span> <span class='ocrx_word' id='word_1_47' title='bbox 720 1400 894 1476; x_wconf 83' lang='lat' dir='ltr'><strong>cedit</strong></span> <span class='ocrx_word' id='word_1_48' title='bbox 924 1399 1139 1477; x_wconf 88' lang='lat' dir='ltr'>titulis</span> <span class='ocrx_word' id='word_1_49' title='bbox 1172 1402 1689 1496; x_wconf 76' lang='lat' dir='ltr'>Agamemnonis</span> <span class='ocrx_word' id='word_1_50' title='bbox 1728 1402 1970 1475; x_wconf 86' lang='lat' dir='ltr'><strong>Atreus</strong></span> <span class='ocrx_word' id='word_1_51' title='bbox 2003 1429 2023 1475; x_wconf 75' lang='lat' dir='ltr'>z</span> 
     </span>
     <span class='ocr_line' id='line_1_9' title="bbox 302 1513 1973 1614; baseline 0 -23"><span class='ocrx_word' id='word_1_52' title='bbox 302 1520 526 1614; x_wconf 83' lang='lat' dir='ltr'>AEgea</span> <span class='ocrx_word' id='word_1_53' title='bbox 559 1518 652 1594; x_wconf 88' lang='lat' dir='ltr'>sic</span> <span class='ocrx_word' id='word_1_54' title='bbox 685 1518 1025 1607; x_wconf 84' lang='lat' dir='ltr'>Theseus,</span> <span class='ocrx_word' id='word_1_55' title='bbox 1062 1513 1158 1594; x_wconf 90' lang='lat' dir='ltr'>sic</span> <span class='ocrx_word' id='word_1_56' title='bbox 1195 1517 1393 1593; x_wconf 85' lang='lat' dir='ltr'>Pelea</span> <span class='ocrx_word' id='word_1_57' title='bbox 1425 1516 1629 1591; x_wconf 81' lang='lat' dir='ltr'>vincit</span> <span class='ocrx_word' id='word_1_58' title='bbox 1658 1516 1973 1593; x_wconf 87' lang='lat' dir='ltr'>Achilles.</span> 
     </span>
     <span class='ocr_line' id='line_1_10' title="bbox 299 1631 1976 1736; baseline -0.001 -28"><span class='ocrx_word' id='word_1_59' title='bbox 299 1633 629 1734; x_wconf 84' lang='lat' dir='ltr'>Denique</span> <span class='ocrx_word' id='word_1_60' title='bbox 658 1649 737 1707; x_wconf 87' lang='lat' dir='ltr'>ut</span> <span class='ocrx_word' id='word_1_61' title='bbox 772 1631 1089 1734; x_wconf 84' lang='lat' dir='ltr'>exemplis</span> <span class='ocrx_word' id='word_1_62' title='bbox 1122 1633 1306 1734; x_wconf 87' lang='lat' dir='ltr'>ipsos</span> <span class='ocrx_word' id='word_1_63' title='bbox 1335 1631 1755 1736; x_wconf 69' lang='lat' dir='ltr'>aequantibus</span> <span class='ocrx_word' id='word_1_64' title='bbox 1788 1648 1976 1721; x_wconf 91' lang='lat' dir='ltr'>utar,</span> 
     </span>
     <span class='ocr_line' id='line_1_11' title="bbox 305 1748 2091 1851; baseline 0 -29"><span class='ocrx_word' id='word_1_65' title='bbox 305 1750 430 1822; x_wconf 91' lang='lat' dir='ltr'>Sic</span> <span class='ocrx_word' id='word_1_66' title='bbox 472 1767 540 1823; x_wconf 91' lang='lat' dir='ltr'>et</span> <span class='ocrx_word' id='word_1_67' title='bbox 575 1750 904 1823; x_wconf 87' lang='lat' dir='ltr'>Saturnus</span> <span class='ocrx_word' id='word_1_68' title='bbox 937 1750 1156 1824; x_wconf 88' lang='lat' dir='ltr'>minor</span> <span class='ocrx_word' id='word_1_69' title='bbox 1185 1766 1287 1824; x_wconf 89' lang='lat' dir='ltr'>est</span> <span class='ocrx_word' id='word_1_70' title='bbox 1314 1751 1482 1823; x_wconf 81' lang='lat' dir='ltr'>Jove</span> <span class='ocrx_word' id='word_1_71' title='bbox 1516 1778 1534 1821; x_wconf 76' lang='grc' dir='ltr'><strong><em>ε</em></strong></span> <span class='ocrx_word' id='word_1_72' title='bbox 1566 1748 1883 1851; x_wconf 87' lang='lat' dir='ltr'>Juppiter</span> <span class='ocrx_word' id='word_1_73' title='bbox 1909 1774 2091 1822; x_wconf 63' lang='lat' dir='ltr'>arces</span> 
     </span>
     <span class='ocr_line' id='line_1_12' title="bbox 300 1865 2043 1967; baseline -0.001 -26"><span class='ocrx_word' id='word_1_74' title='bbox 300 1869 672 1967; x_wconf 85' lang='lat' dir='ltr'>Temperat</span> <span class='ocrx_word' id='word_1_75' title='bbox 704 1866 1004 1942; x_wconf 66' lang='lat' dir='ltr'>aetherias</span> <span class='ocrx_word' id='word_1_76' title='bbox 1023 1923 1042 1957; x_wconf 91' lang='lat'>,</span> <span class='ocrx_word' id='word_1_77' title='bbox 1078 1884 1145 1942; x_wconf 89' lang='lat' dir='ltr'>et</span> <span class='ocrx_word' id='word_1_78' title='bbox 1177 1865 1413 1942; x_wconf 86' lang='lat' dir='ltr'>mundi</span> <span class='ocrx_word' id='word_1_79' title='bbox 1441 1894 1646 1964; x_wconf 82' lang='lat' dir='ltr'>regna</span> <span class='ocrx_word' id='word_1_80' title='bbox 1679 1865 2043 1940; x_wconf 82' lang='lat' dir='ltr'>triformis:</span> 
     </span>
     <span class='ocr_line' id='line_1_13' title="bbox 305 1984 2107 2089; baseline 0 -31"><span class='ocrx_word' id='word_1_81' title='bbox 305 1987 525 2058; x_wconf 89' lang='lat' dir='ltr'>Terra</span> <span class='ocrx_word' id='word_1_82' title='bbox 556 1984 683 2059; x_wconf 89' lang='lat' dir='ltr'>sub</span> <span class='ocrx_word' id='word_1_83' title='bbox 712 1987 1025 2083; x_wconf 80' lang='lat' dir='ltr'>Augusto</span> <span class='ocrx_word' id='word_1_84' title='bbox 1054 2016 1072 2060; x_wconf 90' lang='lat'>:</span> <span class='ocrx_word' id='word_1_85' title='bbox 1101 2003 1291 2089; x_wconf 88' lang='lat' dir='ltr'>pater</span> <span class='ocrx_word' id='word_1_86' title='bbox 1324 2003 1425 2060; x_wconf 89' lang='lat' dir='ltr'>est</span> <span class='ocrx_word' id='word_1_87' title='bbox 1455 2003 1522 2059; x_wconf 89' lang='lat' dir='ltr'>et</span> <span class='ocrx_word' id='word_1_88' title='bbox 1554 2002 1777 2061; x_wconf 88' lang='lat' dir='ltr'>rector</span> <span class='ocrx_word' id='word_1_89' title='bbox 1811 2003 2107 2086; x_wconf 87' lang='lat' dir='ltr'>uterque.</span> 
     </span>
     <span class='ocr_line' id='line_1_14' title="bbox 417 2099 2305 2202; baseline 0.001 -29"><span class='ocrx_word' id='word_1_90' title='bbox 417 2100 547 2191; x_wconf 90' lang='lat' dir='ltr'>Di,</span> <span class='ocrx_word' id='word_1_91' title='bbox 581 2130 854 2202; x_wconf 84' lang='lat' dir='ltr'><strong>precor,</strong></span> <span class='ocrx_word' id='word_1_92' title='bbox 890 2104 1116 2179; x_wconf 82' lang='lat' dir='ltr'>AEneae</span> <span class='ocrx_word' id='word_1_93' title='bbox 1150 2103 1460 2189; x_wconf 84' lang='lat' dir='ltr'>comites,</span> <span class='ocrx_word' id='word_1_94' title='bbox 1501 2102 1753 2202; x_wconf 88' lang='lat' dir='ltr'>quibus</span> <span class='ocrx_word' id='word_1_95' title='bbox 1784 2100 1999 2184; x_wconf 90' lang='lat' dir='ltr'>ensis,</span> <span class='ocrx_word' id='word_1_96' title='bbox 2036 2118 2104 2173; x_wconf 92' lang='lat' dir='ltr'>et</span> <span class='ocrx_word' id='word_1_97' title='bbox 2132 2099 2305 2195; x_wconf 84' lang='lat' dir='ltr'>ignis</span> 
     </span>
     <span class='ocr_line' id='line_1_15' title="bbox 313 2216 2206 2320; baseline -0.004 -23"><span class='ocrx_word' id='word_1_98' title='bbox 313 2223 713 2308; x_wconf 80' lang='lat' dir='ltr'>Cesserunt3</span> <span class='ocrx_word' id='word_1_99' title='bbox 749 2221 972 2320; x_wconf 89' lang='lat' dir='ltr'>Dique</span> <span class='ocrx_word' id='word_1_100' title='bbox 1003 2218 1374 2314; x_wconf 84' lang='lat' dir='ltr'>Indigetes,</span> <span class='ocrx_word' id='word_1_101' title='bbox 1411 2219 1806 2318; x_wconf 85' lang='lat' dir='ltr'>genitorque</span> <span class='ocrx_word' id='word_1_102' title='bbox 1827 2274 1845 2303; x_wconf 90' lang='lat'>,</span> <span class='ocrx_word' id='word_1_103' title='bbox 1885 2216 2206 2313; x_wconf 87' lang='lat' dir='ltr'>Quirine,</span> 
     </span>
     <span class='ocr_line' id='line_1_16' title="bbox 311 2333 1971 2432; baseline -0.004 -22"><span class='ocrx_word' id='word_1_104' title='bbox 311 2335 569 2422; x_wconf 87' lang='lat' dir='ltr'>Urbis,</span> <span class='ocrx_word' id='word_1_105' title='bbox 606 2352 675 2409; x_wconf 91' lang='lat' dir='ltr'>et</span> <span class='ocrx_word' id='word_1_106' title='bbox 706 2335 934 2408; x_wconf 81' lang='lat' dir='ltr'>invicti</span> <span class='ocrx_word' id='word_1_107' title='bbox 968 2334 1261 2431; x_wconf 84' lang='lat' dir='ltr'>genitor,</span> <span class='ocrx_word' id='word_1_108' title='bbox 1305 2334 1627 2424; x_wconf 81' lang='lat' dir='ltr'>Gradive,</span> <span class='ocrx_word' id='word_1_109' title='bbox 1657 2333 1971 2432; x_wconf 83' lang='lat' dir='ltr'>Quirini,</span> 
     </span>
     <span class='ocr_line' id='line_1_17' title="bbox 311 2452 1864 2553; baseline -0.001 -27"><span class='ocrx_word' id='word_1_110' title='bbox 311 2459 662 2553; x_wconf 84' lang='lat' dir='ltr'>Vestaque</span> <span class='ocrx_word' id='word_1_111' title='bbox 689 2453 1025 2526; x_wconf 83' lang='lat' dir='ltr'>Caesareos</span> <span class='ocrx_word' id='word_1_112' title='bbox 1056 2452 1229 2526; x_wconf 86' lang='lat' dir='ltr'>inter</span> <span class='ocrx_word' id='word_1_113' title='bbox 1260 2470 1508 2528; x_wconf 88' lang='lat' dir='ltr'>sacrata</span> <span class='ocrx_word' id='word_1_114' title='bbox 1539 2453 1820 2527; x_wconf 86' lang='lat' dir='ltr'>Penates</span> <span class='ocrx_word' id='word_1_115' title='bbox 1839 2508 1864 2541; x_wconf 82' lang='lat'>,</span> 
     </span>
     <span class='ocr_line' id='line_1_18' title="bbox 314 2566 2072 2659; baseline -0.002 -14"><span class='ocrx_word' id='word_1_116' title='bbox 314 2574 416 2645; x_wconf 87' lang='lat' dir='ltr'>Et</span> <span class='ocrx_word' id='word_1_117' title='bbox 450 2597 601 2643; x_wconf 88' lang='lat' dir='ltr'>cum</span> <span class='ocrx_word' id='word_1_118' title='bbox 638 2568 929 2643; x_wconf 78' lang='lat' dir='ltr'>Caesarea</span> <span class='ocrx_word' id='word_1_119' title='bbox 963 2584 1036 2642; x_wconf 91' lang='lat' dir='ltr'>tu</span> <span class='ocrx_word' id='word_1_120' title='bbox 1056 2624 1075 2656; x_wconf 93' lang='lat'>,</span> <span class='ocrx_word' id='word_1_121' title='bbox 1109 2566 1363 2657; x_wconf 78' lang='lat' dir='ltr'>Phoebe</span> <span class='ocrx_word' id='word_1_122' title='bbox 1400 2566 1755 2642; x_wconf 83' lang='lat' dir='ltr'>domestice</span> <span class='ocrx_word' id='word_1_123' title='bbox 1778 2567 2072 2659; x_wconf 38' lang='lat' dir='ltr'>,Vesta</span> 
     </span>
     <span class='ocr_line' id='line_1_19' title="bbox 317 2682 1962 2787; baseline -0.001 -27"><span class='ocrx_word' id='word_1_124' title='bbox 317 2686 597 2787; x_wconf 79' lang='lat' dir='ltr'>Quique</span> <span class='ocrx_word' id='word_1_125' title='bbox 629 2703 811 2760; x_wconf 89' lang='lat' dir='ltr'>tenes</span> <span class='ocrx_word' id='word_1_126' title='bbox 844 2682 1021 2758; x_wconf 86' lang='lat' dir='ltr'>altus</span> <span class='ocrx_word' id='word_1_127' title='bbox 1052 2684 1367 2785; x_wconf 89' lang='lat' dir='ltr'>Tarpeias</span> <span class='ocrx_word' id='word_1_128' title='bbox 1395 2685 1711 2786; x_wconf 84' lang='lat' dir='ltr'>Juppiter</span> <span class='ocrx_word' id='word_1_129' title='bbox 1745 2712 1962 2771; x_wconf 83' lang='lat' dir='ltr'>arces,</span> 
     </span>
     <span class='ocr_line' id='line_1_20' title="bbox 319 2798 1906 2904; baseline -0.002 -28"><span class='ocrx_word' id='word_1_130' title='bbox 319 2807 656 2902; x_wconf 80' lang='lat' dir='ltr'>Quosque</span> <span class='ocrx_word' id='word_1_131' title='bbox 689 2798 855 2875; x_wconf 89' lang='lat' dir='ltr'>alios</span> <span class='ocrx_word' id='word_1_132' title='bbox 891 2801 1024 2875; x_wconf 86' lang='lat' dir='ltr'>vati</span> <span class='ocrx_word' id='word_1_133' title='bbox 1054 2800 1154 2874; x_wconf 87' lang='lat' dir='ltr'>fas</span> <span class='ocrx_word' id='word_1_134' title='bbox 1189 2800 1518 2904; x_wconf 87' lang='lat' dir='ltr'>adpellare</span> <span class='ocrx_word' id='word_1_135' title='bbox 1552 2801 1906 2904; x_wconf 88' lang='lat' dir='ltr'>piumque;</span> 
     </span>
    </p>
   </div>
   <div class='ocr_carea' id='block_1_3' title="bbox 2315 561 2444 630">
    <p class='ocr_par' dir='ltr' id='par_1_3' title="bbox 2315 561 2444 630">
     <span class='ocr_line' id='line_1_21' title="bbox 2315 561 2444 630; baseline 0.008 -1"><span class='ocrx_word' id='word_1_136' title='bbox 2315 561 2444 630; x_wconf 83' lang='lat'>555</span> 
     </span>
    </p>
   </div>
   <div class='ocr_carea' id='block_1_4' title="bbox 2351 842 2454 899">
    <p class='ocr_par' dir='ltr' id='par_1_4' title="bbox 2351 842 2454 899">
     <span class='ocr_line' id='line_1_22' title="bbox 2351 842 2454 899; baseline -0.058 -1"><span class='ocrx_word' id='word_1_137' title='bbox 2351 842 2454 899; x_wconf 82' lang='lat'>850</span> 
     </span>
    </p>
   </div>
   <div class='ocr_carea' id='block_1_5' title="bbox 2350 2006 2453 2058">
    <p class='ocr_par' dir='ltr' id='par_1_5' title="bbox 2350 2006 2453 2058">
     <span class='ocr_line' id='line_1_23' title="bbox 2350 2006 2453 2058; baseline -0.068 1"><span class='ocrx_word' id='word_1_138' title='bbox 2350 2006 2453 2058; x_wconf 83' lang='lat'>860</span> 
     </span>
    </p>
   </div>
   <div class='ocr_carea' id='block_1_6' title="bbox 2353 2586 2496 2663">
    <p class='ocr_par' dir='ltr' id='par_1_6' title="bbox 2353 2586 2496 2663">
     <span class='ocr_line' id='line_1_24' title="bbox 2353 2586 2496 2663; baseline 0 -23"><span class='ocrx_word' id='word_1_139' title='bbox 2353 2586 2496 2663; x_wconf 13' lang='lat'>⁸⁶⁵,</span> 
     </span>
    </p>
   </div>
   <div class='ocr_carea' id='block_1_7' title="bbox 390 2964 2455 3072">
    <p class='ocr_par' dir='ltr' id='par_1_7' title="bbox 390 2964 2455 3072">
     <span class='ocr_line' id='line_1_25' title="bbox 390 2964 2455 3072; baseline -0.002 -18"><span class='ocrx_word' id='word_1_140' title='bbox 390 3002 504 3072; x_wconf 80' lang='lat'><em>849.</em></span> <span class='ocrx_word' id='word_1_141' title='bbox 527 2998 995 3067; x_wconf 68' lang='lat' dir='ltr'>Mammisetunqaee</span> <span class='ocrx_word' id='word_1_142' title='bbox 1019 2999 1220 3052; x_wconf 78' lang='lat' dir='ltr'>trabeas</span> <span class='ocrx_word' id='word_1_143' title='bbox 1243 3008 1344 3053; x_wconf 85' lang='lat' dir='ltr'>etc.</span> <span class='ocrx_word' id='word_1_144' title='bbox 1447 2964 1453 2969; x_wconf 89' lang='lat'><strong>·</strong></span> <span class='ocrx_word' id='word_1_145' title='bbox 1504 3000 1619 3072; x_wconf 81' lang='lat'><strong>859.</strong></span> <span class='ocrx_word' id='word_1_146' title='bbox 1652 2997 1947 3065; x_wconf 74' lang='lat' dir='ltr'>Traesom125‚·</span> <span class='ocrx_word' id='word_1_147' title='bbox 1970 2996 2090 3051; x_wconf 82' lang='lat' dir='ltr'>vide</span> <span class='ocrx_word' id='word_1_148' title='bbox 2113 2995 2178 3050; x_wconf 81' lang='lat' dir='ltr'>ad</span> <span class='ocrx_word' id='word_1_149' title='bbox 2204 2995 2311 3052; x_wconf 85' lang='lat' dir='ltr'>XII</span> <span class='ocrx_word' id='word_1_150' title='bbox 2331 3036 2347 3063; x_wconf 91' lang='lat'>,</span> <span class='ocrx_word' id='word_1_151' title='bbox 2375 2999 2455 3064; x_wconf 61' lang='lat' dir='ltr'>Coa</span> 
     </span>
    </p>
   </div>
   <div class='ocr_carea' id='block_1_8' title="bbox 322 3077 1352 4391">
    <p class='ocr_par' dir='ltr' id='par_1_8' title="bbox 322 3077 1352 4020">
     <span class='ocr_line' id='line_1_26' title="bbox 322 3077 1346 3146; baseline -0.003 -13"><span class='ocrx_word' id='word_1_152' title='bbox 322 3080 617 3134; x_wconf 80' lang='lat' dir='ltr'>Suetonius</span> <span class='ocrx_word' id='word_1_153' title='bbox 632 3118 649 3146; x_wconf 90' lang='lat'>,</span> <span class='ocrx_word' id='word_1_154' title='bbox 672 3078 781 3132; x_wconf 84' lang='lat' dir='ltr'>Jul.</span> <span class='ocrx_word' id='word_1_155' title='bbox 801 3077 934 3132; x_wconf 66' lang='lat' dir='ltr'>Ces.</span> <span class='ocrx_word' id='word_1_156' title='bbox 954 3078 1020 3133; x_wconf 86' lang='grc'>88</span> <span class='ocrx_word' id='word_1_157' title='bbox 1037 3096 1050 3131; x_wconf 88' lang='lat'>:</span> <span class='ocrx_word' id='word_1_158' title='bbox 1067 3098 1095 3124; x_wconf 66' lang='grc' dir='ltr'><strong><em>κ</em></strong></span> <span class='ocrx_word' id='word_1_159' title='bbox 1116 3079 1180 3135; x_wconf 87' lang='lat' dir='ltr'>ln</span> <span class='ocrx_word' id='word_1_160' title='bbox 1195 3078 1346 3131; x_wconf 92' lang='lat' dir='ltr'>Deo-</span> 
     </span>
     <span class='ocr_line' id='line_1_27' title="bbox 324 3159 1344 3226; baseline 0.001 -16"><span class='ocrx_word' id='word_1_161' title='bbox 324 3182 357 3209; x_wconf 78' lang='lat'><strong>»</strong></span> <span class='ocrx_word' id='word_1_162' title='bbox 387 3179 511 3213; x_wconf 85' lang='lat' dir='ltr'>rum</span> <span class='ocrx_word' id='word_1_163' title='bbox 547 3178 836 3214; x_wconf 87' lang='lat' dir='ltr'>numerum</span> <span class='ocrx_word' id='word_1_164' title='bbox 872 3159 1065 3214; x_wconf 85' lang='lat' dir='ltr'>relatus</span> <span class='ocrx_word' id='word_1_165' title='bbox 1099 3167 1206 3226; x_wconf 80' lang='lat' dir='ltr'>est,</span> <span class='ocrx_word' id='word_1_166' title='bbox 1232 3177 1344 3212; x_wconf 89' lang='lat' dir='ltr'>non</span> 
     </span>
     <span class='ocr_line' id='line_1_28' title="bbox 326 3237 1348 3304; baseline 0.004 -17"><span class='ocrx_word' id='word_1_167' title='bbox 326 3259 360 3286; x_wconf 70' lang='grc' dir='ltr'><strong><em>κ</em></strong></span> <span class='ocrx_word' id='word_1_168' title='bbox 388 3257 479 3290; x_wconf 88' lang='lat' dir='ltr'>ore</span> <span class='ocrx_word' id='word_1_169' title='bbox 519 3239 680 3292; x_wconf 88' lang='lat' dir='ltr'>modo</span> <span class='ocrx_word' id='word_1_170' title='bbox 714 3238 1117 3293; x_wconf 84' lang='lat' dir='ltr'>decernentium</span> <span class='ocrx_word' id='word_1_171' title='bbox 1134 3276 1150 3304; x_wconf 88' lang='lat'>,</span> <span class='ocrx_word' id='word_1_172' title='bbox 1177 3237 1268 3291; x_wconf 87' lang='lat' dir='ltr'>sed</span> <span class='ocrx_word' id='word_1_173' title='bbox 1293 3248 1348 3292; x_wconf 85' lang='lat' dir='ltr'>et</span> 
     </span>
     <span class='ocr_line' id='line_1_29' title="bbox 328 3315 1348 3387; baseline 0 -19"><span class='ocrx_word' id='word_1_174' title='bbox 328 3337 361 3363; x_wconf 73' lang='lat'>›-</span> <span class='ocrx_word' id='word_1_175' title='bbox 388 3316 721 3385; x_wconf 82' lang='lat' dir='ltr'>persuasione</span> <span class='ocrx_word' id='word_1_176' title='bbox 755 3315 910 3386; x_wconf 76' lang='lat' dir='ltr'>vulgi.</span> <span class='ocrx_word' id='word_1_177' title='bbox 943 3316 1221 3387; x_wconf 85' lang='lat' dir='ltr'>Siquidem</span> <span class='ocrx_word' id='word_1_178' title='bbox 1251 3315 1348 3368; x_wconf 87' lang='lat' dir='ltr'>lu·-</span> 
     </span>
     <span class='ocr_line' id='line_1_30' title="bbox 328 3396 1348 3471; baseline 0.007 -24"><span class='ocrx_word' id='word_1_179' title='bbox 328 3419 361 3446; x_wconf 80' lang='lat'>&gt;·</span> <span class='ocrx_word' id='word_1_180' title='bbox 390 3396 488 3463; x_wconf 84' lang='lat' dir='ltr'>dis,</span> <span class='ocrx_word' id='word_1_181' title='bbox 501 3416 632 3466; x_wconf 84' lang='lat' dir='ltr'>quos</span> <span class='ocrx_word' id='word_1_182' title='bbox 642 3398 837 3468; x_wconf 86' lang='lat' dir='ltr'>primos</span> <span class='ocrx_word' id='word_1_183' title='bbox 850 3400 899 3452; x_wconf 87' lang='lat' dir='ltr'>ei</span> <span class='ocrx_word' id='word_1_184' title='bbox 912 3399 1348 3471; x_wconf 72' lang='lat' dir='ltr'>haeresAugustus</span> 
     </span>
     <span class='ocr_line' id='line_1_31' title="bbox 328 3474 1347 3547; baseline 0.005 -21"><span class='ocrx_word' id='word_1_185' title='bbox 328 3498 365 3524; x_wconf 69' lang='lat' dir='ltr'>a·</span> <span class='ocrx_word' id='word_1_186' title='bbox 391 3474 580 3528; x_wconf 89' lang='lat' dir='ltr'>edebat</span> <span class='ocrx_word' id='word_1_187' title='bbox 597 3513 613 3540; x_wconf 86' lang='lat'>,</span> <span class='ocrx_word' id='word_1_188' title='bbox 640 3475 787 3529; x_wconf 85' lang='lat' dir='ltr'>stella</span> <span class='ocrx_word' id='word_1_189' title='bbox 812 3476 999 3530; x_wconf 85' lang='lat' dir='ltr'>crinita</span> <span class='ocrx_word' id='word_1_190' title='bbox 1029 3497 1123 3547; x_wconf 88' lang='lat' dir='ltr'>per</span> <span class='ocrx_word' id='word_1_191' title='bbox 1145 3489 1347 3547; x_wconf 82' lang='lat' dir='ltr'>septem</span> 
     </span>
     <span class='ocr_line' id='line_1_32' title="bbox 332 3552 1349 3621; baseline 0.005 -18"><span class='ocrx_word' id='word_1_192' title='bbox 332 3576 364 3603; x_wconf 70' lang='grc' dir='ltr'><strong><em>κ</em></strong></span> <span class='ocrx_word' id='word_1_193' title='bbox 396 3553 508 3607; x_wconf 83' lang='lat' dir='ltr'>dies</span> <span class='ocrx_word' id='word_1_194' title='bbox 551 3554 828 3607; x_wconf 84' lang='lat' dir='ltr'>continuos</span> <span class='ocrx_word' id='word_1_195' title='bbox 873 3552 1015 3607; x_wconf 77' lang='lat' dir='ltr'>fulsit</span> <span class='ocrx_word' id='word_1_196' title='bbox 1041 3593 1057 3621; x_wconf 86' lang='lat'>,</span> <span class='ocrx_word' id='word_1_197' title='bbox 1110 3555 1349 3608; x_wconf 81' lang='lat' dir='ltr'>exoriens</span> 
     </span>
     <span class='ocr_line' id='line_1_33' title="bbox 331 3630 1350 3685; baseline 0.003 -5"><span class='ocrx_word' id='word_1_198' title='bbox 331 3654 363 3680; x_wconf 72' lang='lat'>›-</span> <span class='ocrx_word' id='word_1_199' title='bbox 392 3631 526 3685; x_wconf 89' lang='lat' dir='ltr'>circa</span> <span class='ocrx_word' id='word_1_200' title='bbox 549 3630 883 3684; x_wconf 85' lang='lat' dir='ltr'>undecimam</span> <span class='ocrx_word' id='word_1_201' title='bbox 916 3630 1102 3684; x_wconf 83' lang='lat' dir='ltr'>horam</span> <span class='ocrx_word' id='word_1_202' title='bbox 1128 3650 1142 3684; x_wconf 92' lang='lat'>:</span> <span class='ocrx_word' id='word_1_203' title='bbox 1166 3630 1350 3685; x_wconf 87' lang='lat' dir='ltr'>credi-</span> 
     </span>
     <span class='ocr_line' id='line_1_34' title="bbox 333 3710 1350 3781; baseline 0.005 -21"><span class='ocrx_word' id='word_1_204' title='bbox 333 3734 365 3760; x_wconf 74' lang='lat'>„</span> <span class='ocrx_word' id='word_1_205' title='bbox 392 3722 610 3781; x_wconf 88' lang='lat' dir='ltr'>tumque</span> <span class='ocrx_word' id='word_1_206' title='bbox 626 3720 703 3764; x_wconf 80' lang='lat' dir='ltr'>est</span> <span class='ocrx_word' id='word_1_207' title='bbox 716 3750 732 3777; x_wconf 85' lang='lat'>,</span> <span class='ocrx_word' id='word_1_208' title='bbox 758 3711 988 3765; x_wconf 86' lang='lat' dir='ltr'>animam</span> <span class='ocrx_word' id='word_1_209' title='bbox 1002 3730 1111 3766; x_wconf 82' lang='lat' dir='ltr'>esse</span> <span class='ocrx_word' id='word_1_210' title='bbox 1130 3710 1350 3765; x_wconf 66' lang='lat' dir='ltr'>Caesaris</span> 
     </span>
     <span class='ocr_line' id='line_1_35' title="bbox 332 3789 1349 3859; baseline 0.006 -21"><span class='ocrx_word' id='word_1_211' title='bbox 332 3811 366 3838; x_wconf 68' lang='grc' dir='ltr'><strong><em>κ</em></strong></span> <span class='ocrx_word' id='word_1_212' title='bbox 391 3790 450 3842; x_wconf 85' lang='lat' dir='ltr'>in</span> <span class='ocrx_word' id='word_1_213' title='bbox 470 3790 654 3844; x_wconf 61' lang='lat' dir='ltr'>calum</span> <span class='ocrx_word' id='word_1_214' title='bbox 675 3790 895 3859; x_wconf 83' lang='lat' dir='ltr'>recepti:</span> <span class='ocrx_word' id='word_1_215' title='bbox 919 3801 973 3845; x_wconf 85' lang='lat' dir='ltr'>et</span> <span class='ocrx_word' id='word_1_216' title='bbox 991 3790 1088 3845; x_wconf 83' lang='lat' dir='ltr'>hac</span> <span class='ocrx_word' id='word_1_217' title='bbox 1107 3789 1175 3844; x_wconf 89' lang='lat' dir='ltr'>de</span> <span class='ocrx_word' id='word_1_218' title='bbox 1198 3809 1349 3845; x_wconf 84' lang='lat' dir='ltr'>causa</span> 
     </span>
     <span class='ocr_line' id='line_1_36' title="bbox 332 3869 1352 3936; baseline 0.005 -18"><span class='ocrx_word' id='word_1_219' title='bbox 332 3891 366 3918; x_wconf 65' lang='lat'>&gt;2</span> <span class='ocrx_word' id='word_1_220' title='bbox 392 3869 669 3923; x_wconf 85' lang='lat' dir='ltr'>simulacro</span> <span class='ocrx_word' id='word_1_221' title='bbox 694 3869 809 3936; x_wconf 78' lang='lat' dir='ltr'>eins</span> <span class='ocrx_word' id='word_1_222' title='bbox 838 3869 894 3921; x_wconf 89' lang='lat' dir='ltr'>in</span> <span class='ocrx_word' id='word_1_223' title='bbox 922 3871 1117 3924; x_wconf 78' lang='lat' dir='ltr'>vertice</span> <span class='ocrx_word' id='word_1_224' title='bbox 1140 3869 1352 3924; x_wconf 87' lang='lat' dir='ltr'>additur</span> 
     </span>
     <span class='ocr_line' id='line_1_37' title="bbox 336 3944 1232 4020; baseline 0 -19"><span class='ocrx_word' id='word_1_225' title='bbox 336 3968 367 3994; x_wconf 68' lang='grc' dir='ltr'><strong>υ</strong></span> <span class='ocrx_word' id='word_1_226' title='bbox 390 3946 553 4002; x_wconf 84' lang='lat' dir='ltr'>stella.</span> <span class='ocrx_word' id='word_1_227' title='bbox 568 3969 596 3994; x_wconf 72' lang='lat' dir='ltr'>n</span> <span class='ocrx_word' id='word_1_228' title='bbox 622 3944 760 3999; x_wconf 87' lang='lat' dir='ltr'>Vide</span> <span class='ocrx_word' id='word_1_229' title='bbox 782 3965 939 4015; x_wconf 83' lang='lat' dir='ltr'>supra</span> <span class='ocrx_word' id='word_1_230' title='bbox 955 3986 970 4013; x_wconf 92' lang='lat'>,</span> <span class='ocrx_word' id='word_1_231' title='bbox 1002 3950 1111 4020; x_wconf 74' lang='lat'>749.</span> <span class='ocrx_word' id='word_1_232' title='bbox 1133 3949 1232 4001; x_wconf 77' lang='lat' dir='ltr'>Ed.</span> 
     </span>
    </p>

    <p class='ocr_par' dir='ltr' id='par_1_9' title="bbox 329 4024 1352 4391">
     <span class='ocr_line' id='line_1_38' title="bbox 402 4024 1350 4094; baseline 0.002 -18"><span class='ocrx_word' id='word_1_233' title='bbox 402 4025 517 4078; x_wconf 86' lang='lat'><strong>855.</strong></span> <span class='ocrx_word' id='word_1_234' title='bbox 557 4026 641 4078; x_wconf 80' lang='lat' dir='ltr'>Sic</span> <span class='ocrx_word' id='word_1_235' title='bbox 663 4030 839 4092; x_wconf 64' lang='lat' dir='ltr'>magni</span> <span class='ocrx_word' id='word_1_236' title='bbox 853 4027 1002 4078; x_wconf 74' lang='lat' dir='ltr'>cedit.</span> <span class='ocrx_word' id='word_1_237' title='bbox 1028 4024 1204 4094; x_wconf 83' lang='lat' dir='ltr'>Vulgo</span> <span class='ocrx_word' id='word_1_238' title='bbox 1227 4045 1350 4078; x_wconf 83' lang='lat' dir='ltr'>ma-</span> 
     </span>
     <span class='ocr_line' id='line_1_39' title="bbox 329 4099 1348 4170; baseline 0.005 -19"><span class='ocrx_word' id='word_1_239' title='bbox 329 4106 451 4167; x_wconf 54' lang='lat' dir='ltr'>gne&amp;</span> <span class='ocrx_word' id='word_1_240' title='bbox 470 4140 484 4162; x_wconf 90' lang='lat'>,</span> <span class='ocrx_word' id='word_1_241' title='bbox 530 4100 671 4169; x_wconf 88' lang='lat' dir='ltr'>quod</span> <span class='ocrx_word' id='word_1_242' title='bbox 710 4099 1023 4170; x_wconf 61' lang='lat' dir='ltr'>preferebat</span> <span class='ocrx_word' id='word_1_243' title='bbox 1061 4102 1348 4166; x_wconf 84' lang='lat' dir='ltr'>Heinsius;</span> 
     </span>
     <span class='ocr_line' id='line_1_40' title="bbox 334 4176 1352 4251; baseline 0.006 -22"><span class='ocrx_word' id='word_1_244' title='bbox 334 4176 508 4245; x_wconf 87' lang='lat' dir='ltr'>multi,</span> <span class='ocrx_word' id='word_1_245' title='bbox 523 4189 578 4232; x_wconf 85' lang='lat' dir='ltr'>et</span> <span class='ocrx_word' id='word_1_246' title='bbox 594 4179 760 4233; x_wconf 83' lang='lat' dir='ltr'>nostri</span> <span class='ocrx_word' id='word_1_247' title='bbox 777 4179 948 4251; x_wconf 74' lang='lat' dir='ltr'>Regii,</span> <span class='ocrx_word' id='word_1_248' title='bbox 964 4199 1190 4248; x_wconf 68' lang='lat' dir='ltr'>magnus,</span> <span class='ocrx_word' id='word_1_249' title='bbox 1212 4180 1352 4249; x_wconf 87' lang='lat' dir='ltr'>quod</span> 
     </span>
     <span class='ocr_line' id='line_1_41' title="bbox 336 4256 1352 4328; baseline 0.004 -19"><span class='ocrx_word' id='word_1_250' title='bbox 336 4267 393 4309; x_wconf 88' lang='lat' dir='ltr'>et</span> <span class='ocrx_word' id='word_1_251' title='bbox 418 4256 473 4309; x_wconf 90' lang='lat' dir='ltr'>in</span> <span class='ocrx_word' id='word_1_252' title='bbox 496 4276 589 4311; x_wconf 87' lang='lat' dir='ltr'>suo</span> <span class='ocrx_word' id='word_1_253' title='bbox 610 4258 1042 4328; x_wconf 82' lang='lat' dir='ltr'>Berneggeriano</span> <span class='ocrx_word' id='word_1_254' title='bbox 1062 4256 1188 4328; x_wconf 78' lang='lat' dir='ltr'>legit</span> <span class='ocrx_word' id='word_1_255' title='bbox 1209 4257 1352 4313; x_wconf 84' lang='lat' dir='ltr'>idem</span> 
     </span>
     <span class='ocr_line' id='line_1_42' title="bbox 337 4336 729 4391; baseline 0.003 -1"><span class='ocrx_word' id='word_1_256' title='bbox 337 4336 604 4391; x_wconf 81' lang='lat' dir='ltr'>Heinsius.</span> <span class='ocrx_word' id='word_1_257' title='bbox 632 4340 729 4391; x_wconf 77' lang='lat' dir='ltr'>Ed.</span> 
     </span>
    </p>
   </div>
   <div class='ocr_carea' id='block_1_9' title="bbox 1440 3076 2532 4403">
    <p class='ocr_par' dir='ltr' id='par_1_10' title="bbox 1440 3076 2532 3613">
     <span class='ocr_line' id='line_1_43' title="bbox 1440 3076 2455 3149; baseline -0.002 -16"><span class='ocrx_word' id='word_1_258' title='bbox 1440 3077 1707 3149; x_wconf 83' lang='lat' dir='ltr'>Expressit</span> <span class='ocrx_word' id='word_1_259' title='bbox 1730 3088 1908 3133; x_wconf 80' lang='lat' dir='ltr'>autem</span> <span class='ocrx_word' id='word_1_260' title='bbox 1931 3076 2142 3131; x_wconf 84' lang='lat' dir='ltr'>Horatii</span> <span class='ocrx_word' id='word_1_261' title='bbox 2165 3077 2338 3130; x_wconf 87' lang='lat' dir='ltr'>locum</span> <span class='ocrx_word' id='word_1_262' title='bbox 2353 3116 2368 3143; x_wconf 93' lang='lat'>,</span> <span class='ocrx_word' id='word_1_263' title='bbox 2394 3078 2418 3131; x_wconf 91' lang='lat'>1</span> <span class='ocrx_word' id='word_1_264' title='bbox 2439 3116 2455 3142; x_wconf 89' lang='lat'>,</span> 
     </span>
     <span class='ocr_line' id='line_1_44' title="bbox 1443 3154 2532 3223; baseline -0.004 -13"><span class='ocrx_word' id='word_1_265' title='bbox 1443 3155 1551 3211; x_wconf 87' lang='lat' dir='ltr'>od.</span> <span class='ocrx_word' id='word_1_266' title='bbox 1587 3172 1698 3222; x_wconf 80' lang='lat' dir='ltr'>xn,</span> <span class='ocrx_word' id='word_1_267' title='bbox 1733 3160 1830 3210; x_wconf 83' lang='lat'>50:</span> <span class='ocrx_word' id='word_1_268' title='bbox 1852 3178 1879 3203; x_wconf 76' lang='grc' dir='ltr'><strong>α</strong></span> <span class='ocrx_word' id='word_1_269' title='bbox 1909 3155 2048 3209; x_wconf 85' lang='lat' dir='ltr'>Orte</span> <span class='ocrx_word' id='word_1_270' title='bbox 2069 3155 2338 3223; x_wconf 84' lang='lat' dir='ltr'>Saturno,</span> <span class='ocrx_word' id='word_1_271' title='bbox 2365 3154 2459 3207; x_wconf 82' lang='lat' dir='ltr'>tibi</span> <span class='ocrx_word' id='word_1_272' title='bbox 2525 3194 2532 3199; x_wconf 84' lang='lat'><strong>.</strong></span> 
     </span>
     <span class='ocr_line' id='line_1_45' title="bbox 1443 3231 2459 3304; baseline -0.007 -14"><span class='ocrx_word' id='word_1_273' title='bbox 1443 3254 1473 3282; x_wconf 63' lang='grc' dir='ltr'><strong>υ</strong></span> <span class='ocrx_word' id='word_1_274' title='bbox 1498 3254 1625 3290; x_wconf 83' lang='lat' dir='ltr'>cura</span> <span class='ocrx_word' id='word_1_275' title='bbox 1643 3235 1821 3304; x_wconf 77' lang='lat' dir='ltr'>magni</span> <span class='ocrx_word' id='word_1_276' title='bbox 1847 3232 2065 3289; x_wconf 65' lang='lat' dir='ltr'>Cesaris</span> <span class='ocrx_word' id='word_1_277' title='bbox 2082 3233 2205 3287; x_wconf 79' lang='lat' dir='ltr'>satis</span> <span class='ocrx_word' id='word_1_278' title='bbox 2226 3231 2374 3284; x_wconf 81' lang='lat' dir='ltr'>data:</span> <span class='ocrx_word' id='word_1_279' title='bbox 2400 3240 2459 3284; x_wconf 87' lang='lat' dir='ltr'>tu</span> 
     </span>
     <span class='ocr_line' id='line_1_46' title="bbox 1443 3309 2460 3382; baseline -0.005 -15"><span class='ocrx_word' id='word_1_280' title='bbox 1443 3334 1473 3360; x_wconf 70' lang='lat'>³·</span> <span class='ocrx_word' id='word_1_281' title='bbox 1496 3312 1729 3367; x_wconf 84' lang='lat' dir='ltr'>secundo</span> <span class='ocrx_word' id='word_1_282' title='bbox 1746 3311 1953 3368; x_wconf 65' lang='lat' dir='ltr'>Cesare</span> <span class='ocrx_word' id='word_1_283' title='bbox 1970 3329 2174 3382; x_wconf 82' lang='lat' dir='ltr'>regnes.</span> <span class='ocrx_word' id='word_1_284' title='bbox 2188 3310 2269 3364; x_wconf 85' lang='lat' dir='ltr'>Te</span> <span class='ocrx_word' id='word_1_285' title='bbox 2283 3309 2460 3363; x_wconf 82' lang='lat' dir='ltr'>minor</span> 
     </span>
     <span class='ocr_line' id='line_1_47' title="bbox 1444 3389 2457 3462; baseline -0.003 -17"><span class='ocrx_word' id='word_1_286' title='bbox 1444 3392 1668 3445; x_wconf 81' lang='lat' dir='ltr'>»latum</span> <span class='ocrx_word' id='word_1_287' title='bbox 1712 3400 1861 3462; x_wconf 78' lang='lat' dir='ltr'>reget</span> <span class='ocrx_word' id='word_1_288' title='bbox 1895 3409 2077 3461; x_wconf 63' lang='lat' dir='ltr'>equus</span> <span class='ocrx_word' id='word_1_289' title='bbox 2115 3389 2341 3443; x_wconf 82' lang='lat' dir='ltr'>orbem:</span> <span class='ocrx_word' id='word_1_290' title='bbox 2371 3390 2457 3443; x_wconf 88' lang='lat' dir='ltr'>Tu</span> 
     </span>
     <span class='ocr_line' id='line_1_48' title="bbox 1443 3466 2459 3540; baseline -0.004 -19"><span class='ocrx_word' id='word_1_291' title='bbox 1443 3489 1474 3517; x_wconf 67' lang='lat' dir='ltr'>&gt;v</span> <span class='ocrx_word' id='word_1_292' title='bbox 1500 3470 1642 3540; x_wconf 76' lang='lat' dir='ltr'>gravi</span> <span class='ocrx_word' id='word_1_293' title='bbox 1677 3487 1838 3521; x_wconf 85' lang='lat' dir='ltr'>curru</span> <span class='ocrx_word' id='word_1_294' title='bbox 1865 3468 2067 3536; x_wconf 82' lang='lat' dir='ltr'>quaties</span> <span class='ocrx_word' id='word_1_295' title='bbox 2091 3466 2403 3539; x_wconf 84' lang='lat' dir='ltr'>Olympum.</span> <span class='ocrx_word' id='word_1_296' title='bbox 2431 3487 2459 3512; x_wconf 74' lang='grc' dir='ltr'>ιο</span> 
     </span>
     <span class='ocr_line' id='line_1_49' title="bbox 1447 3546 2074 3613; baseline -0.002 -13"><span class='ocrx_word' id='word_1_297' title='bbox 1447 3546 1655 3601; x_wconf 78' lang='lat' dir='ltr'>Confer</span> <span class='ocrx_word' id='word_1_298' title='bbox 1678 3547 1814 3601; x_wconf 76' lang='lat' dir='ltr'>Fast-</span> <span class='ocrx_word' id='word_1_299' title='bbox 1844 3547 1933 3613; x_wconf 88' lang='lat'>11,</span> <span class='ocrx_word' id='word_1_300' title='bbox 1967 3547 2074 3599; x_wconf 79' lang='lat'>130.</span> 
     </span>
    </p>

    <p class='ocr_par' dir='ltr' id='par_1_11' title="bbox 1441 3625 2494 4403">
     <span class='ocr_line' id='line_1_50' title="bbox 1507 3625 2466 3693; baseline -0.003 -15"><span class='ocrx_word' id='word_1_301' title='bbox 1507 3625 1623 3678; x_wconf 81' lang='lat'>861.</span> <span class='ocrx_word' id='word_1_302' title='bbox 1638 3627 1808 3679; x_wconf 80' lang='lat' dir='ltr'>AEneae</span> <span class='ocrx_word' id='word_1_303' title='bbox 1818 3629 2040 3687; x_wconf 77' lang='lat' dir='ltr'>comites,</span> <span class='ocrx_word' id='word_1_304' title='bbox 2067 3625 2313 3690; x_wconf 86' lang='lat' dir='ltr'>Penates,</span> <span class='ocrx_word' id='word_1_305' title='bbox 2331 3641 2466 3693; x_wconf 86' lang='lat' dir='ltr'>quos</span> 
     </span>
     <span class='ocr_line' id='line_1_51' title="bbox 1441 3702 2459 3773; baseline -0.002 -17"><span class='ocrx_word' id='word_1_306' title='bbox 1441 3702 1690 3758; x_wconf 87' lang='lat' dir='ltr'>incendio</span> <span class='ocrx_word' id='word_1_307' title='bbox 1704 3702 1943 3771; x_wconf 78' lang='lat' dir='ltr'>Troiano</span> <span class='ocrx_word' id='word_1_308' title='bbox 1957 3713 2165 3773; x_wconf 84' lang='lat' dir='ltr'>ereptos</span> <span class='ocrx_word' id='word_1_309' title='bbox 2176 3702 2231 3755; x_wconf 91' lang='lat' dir='ltr'>in</span> <span class='ocrx_word' id='word_1_310' title='bbox 2250 3702 2459 3757; x_wconf 85' lang='lat' dir='ltr'>Latium</span> 
     </span>
     <span class='ocr_line' id='line_1_52' title="bbox 1444 3782 2462 3838; baseline -0.003 -1"><span class='ocrx_word' id='word_1_311' title='bbox 1444 3783 1650 3837; x_wconf 76' lang='lat' dir='ltr'>advexit</span> <span class='ocrx_word' id='word_1_312' title='bbox 1685 3783 1897 3838; x_wconf 83' lang='lat' dir='ltr'>AEneas.</span> <span class='ocrx_word' id='word_1_313' title='bbox 1931 3784 2017 3838; x_wconf 81' lang='lat' dir='ltr'>Ab</span> <span class='ocrx_word' id='word_1_314' title='bbox 2052 3783 2130 3837; x_wconf 86' lang='lat' dir='ltr'>his</span> <span class='ocrx_word' id='word_1_315' title='bbox 2160 3782 2350 3836; x_wconf 83' lang='lat' dir='ltr'>diversi</span> <span class='ocrx_word' id='word_1_316' title='bbox 2375 3787 2462 3834; x_wconf 75' lang='lat' dir='ltr'>iu-</span> 
     </span>
     <span class='ocr_line' id='line_1_53' title="bbox 1444 3861 2460 3938; baseline -0.001 -22"><span class='ocrx_word' id='word_1_317' title='bbox 1444 3865 1639 3932; x_wconf 67' lang='lat' dir='ltr'>digetes</span> <span class='ocrx_word' id='word_1_318' title='bbox 1661 3903 1677 3925; x_wconf 84' lang='lat'>,</span> <span class='ocrx_word' id='word_1_319' title='bbox 1733 3866 1949 3938; x_wconf 67' lang='grc' dir='ltr'>ἐγχώριοι</span> <span class='ocrx_word' id='word_1_320' title='bbox 1974 3903 1989 3930; x_wconf 90' lang='grc'><strong>,</strong></span> <span class='ocrx_word' id='word_1_321' title='bbox 2030 3863 2086 3916; x_wconf 89' lang='lat' dir='ltr'>in</span> <span class='ocrx_word' id='word_1_322' title='bbox 2126 3862 2314 3932; x_wconf 85' lang='lat' dir='ltr'>quibus</span> <span class='ocrx_word' id='word_1_323' title='bbox 2352 3861 2460 3931; x_wconf 88' lang='lat' dir='ltr'>ipse</span> 
     </span>
     <span class='ocr_line' id='line_1_54' title="bbox 1447 3943 2464 4013; baseline -0.003 -16"><span class='ocrx_word' id='word_1_324' title='bbox 1447 3943 1678 4008; x_wconf 84' lang='lat' dir='ltr'>AEneas;</span> <span class='ocrx_word' id='word_1_325' title='bbox 1706 3945 1873 4010; x_wconf 84' lang='lat' dir='ltr'>XIV,</span> <span class='ocrx_word' id='word_1_326' title='bbox 1909 3945 2024 3999; x_wconf 79' lang='lat'><strong>608.</strong></span> <span class='ocrx_word' id='word_1_327' title='bbox 2054 3943 2336 4013; x_wconf 83' lang='lat' dir='ltr'>Expressus</span> <span class='ocrx_word' id='word_1_328' title='bbox 2360 3961 2464 3995; x_wconf 82' lang='lat' dir='ltr'>au-</span> 
     </span>
     <span class='ocr_line' id='line_1_55' title="bbox 1446 4022 2459 4095; baseline -0.005 -17"><span class='ocrx_word' id='word_1_329' title='bbox 1446 4033 1557 4078; x_wconf 84' lang='lat' dir='ltr'>tem</span> <span class='ocrx_word' id='word_1_330' title='bbox 1574 4024 1758 4080; x_wconf 87' lang='lat' dir='ltr'>locuse</span> <span class='ocrx_word' id='word_1_331' title='bbox 1775 4023 1998 4095; x_wconf 79' lang='lat' dir='ltr'>Virgilio</span> <span class='ocrx_word' id='word_1_332' title='bbox 2016 4063 2032 4090; x_wconf 92' lang='lat'>,</span> <span class='ocrx_word' id='word_1_333' title='bbox 2057 4023 2250 4091; x_wconf 73' lang='lat' dir='ltr'>Geor-g.</span> <span class='ocrx_word' id='word_1_334' title='bbox 2269 4022 2293 4076; x_wconf 93' lang='lat'>1</span> <span class='ocrx_word' id='word_1_335' title='bbox 2311 4059 2326 4087; x_wconf 88' lang='lat'>,</span> <span class='ocrx_word' id='word_1_336' title='bbox 2347 4023 2459 4094; x_wconf 79' lang='lat'><strong>498.</strong></span> 
     </span>
     <span class='ocr_line' id='line_1_56' title="bbox 1446 4098 2463 4168; baseline -0.003 -12"><span class='ocrx_word' id='word_1_337' title='bbox 1446 4104 1756 4166; x_wconf 55' lang='lat' dir='ltr'>*Genium</span> <span class='ocrx_word' id='word_1_338' title='bbox 1786 4101 2060 4168; x_wconf 78' lang='lat' dir='ltr'>conditor,</span> <span class='ocrx_word' id='word_1_339' title='bbox 2085 4105 2238 4155; x_wconf 72' lang='lat' dir='ltr'>urbis.</span> <span class='ocrx_word' id='word_1_340' title='bbox 2266 4098 2375 4154; x_wconf 90' lang='lat' dir='ltr'>Cic.</span> <span class='ocrx_word' id='word_1_341' title='bbox 2397 4098 2463 4154; x_wconf 83' lang='lat' dir='ltr'>de</span> 
     </span>
     <span class='ocr_line' id='line_1_57' title="bbox 1446 4173 2494 4249; baseline -0.003 -13"><span class='ocrx_word' id='word_1_342' title='bbox 1446 4181 1567 4236; x_wconf 81' lang='lat' dir='ltr'>Div.</span> <span class='ocrx_word' id='word_1_343' title='bbox 1594 4183 1622 4237; x_wconf 92' lang='lat'>1</span> <span class='ocrx_word' id='word_1_344' title='bbox 1639 4220 1654 4248; x_wconf 89' lang='lat'>,</span> <span class='ocrx_word' id='word_1_345' title='bbox 1680 4202 1710 4234; x_wconf 82' lang='lat'>2</span> <span class='ocrx_word' id='word_1_346' title='bbox 1730 4221 1745 4249; x_wconf 89' lang='lat'>,</span> <span class='ocrx_word' id='word_1_347' title='bbox 1782 4183 1953 4248; x_wconf 77' lang='lat' dir='ltr'>Hujus</span> <span class='ocrx_word' id='word_1_348' title='bbox 1981 4185 2121 4234; x_wconf 56' lang='lat' dir='ltr'>urbe&amp;</span> <span class='ocrx_word' id='word_1_349' title='bbox 2134 4199 2320 4248; x_wconf 77' lang='lat' dir='ltr'>pareas</span> <span class='ocrx_word' id='word_1_350' title='bbox 2341 4183 2464 4233; x_wconf 74' lang='lat' dir='ltr'>Ro·</span> <span class='ocrx_word' id='word_1_351' title='bbox 2489 4173 2494 4179; x_wconf 64' lang='grc'><strong><em>’</em></strong></span> 
     </span>
     <span class='ocr_line' id='line_1_58' title="bbox 1445 4260 2468 4328; baseline -0.003 -13"><span class='ocrx_word' id='word_1_352' title='bbox 1445 4265 1650 4326; x_wconf 71' lang='lat' dir='ltr'>mulns‚·</span> <span class='ocrx_word' id='word_1_353' title='bbox 1672 4261 1830 4315; x_wconf 87' lang='lat' dir='ltr'>Silius</span> <span class='ocrx_word' id='word_1_354' title='bbox 1848 4300 1864 4327; x_wconf 88' lang='lat'>,</span> <span class='ocrx_word' id='word_1_355' title='bbox 1886 4261 1942 4315; x_wconf 86' lang='grc' dir='ltr'>Π</span> <span class='ocrx_word' id='word_1_356' title='bbox 1960 4299 1975 4325; x_wconf 86' lang='grc'><em>,</em></span> <span class='ocrx_word' id='word_1_357' title='bbox 2000 4260 2100 4328; x_wconf 80' lang='grc'>654</span> <span class='ocrx_word' id='word_1_358' title='bbox 2117 4299 2133 4327; x_wconf 86' lang='grc'><strong><em>,</em></strong></span> <span class='ocrx_word' id='word_1_359' title='bbox 2151 4277 2339 4327; x_wconf 75' lang='lat' dir='ltr'>pareus</span> <span class='ocrx_word' id='word_1_360' title='bbox 2358 4280 2468 4313; x_wconf 75' lang='lat' dir='ltr'>ma-</span> 
     </span>
     <span class='ocr_line' id='line_1_59' title="bbox 1445 4337 2461 4403; baseline -0.004 -10"><span class='ocrx_word' id='word_1_361' title='bbox 1445 4357 1634 4403; x_wconf 71' lang='lat' dir='ltr'>mrum,</span> <span class='ocrx_word' id='word_1_362' title='bbox 1668 4338 1759 4393; x_wconf 83' lang='lat' dir='ltr'>ubi</span> <span class='ocrx_word' id='word_1_363' title='bbox 1775 4337 1893 4393; x_wconf 82' lang='lat' dir='ltr'>vide</span> <span class='ocrx_word' id='word_1_364' title='bbox 1912 4337 2461 4393; x_wconf 79' lang='lat' dir='ltr'>Drakenb.—·Dome-</span> 
     </span>
    </p>
   </div>
  </div>
 </body>
</html>
