3185 5138
672 553 1744 626 METAMORPHOSEON
1788 561 1978 630 LIB.
2035 566 2180 634 IX.

2352 590 2474 661 129

356 721 391 753 n
428 691 519 762 Et
552 689 772 763 crebri·
799 691 1177 792 amplexus,
1212 712 1280 769 et
1316 725 1491 797 quae‚
1528 700 1585 771 si
1615 701 1781 773 forte
1814 705 2093 792 notasti,

353 835 391 868 »
432 805 682 878 Oscula
718 807 947 879 sentiri
978 837 1120 881 non
1153 836 1293 884 esse
1326 813 1581 887 sororia
1617 834 1932 915 possent:

351 950 390 984 >²
430 923 584 1020 Ipsa
617 938 868 1009 tamen,
907 925 1202 1023 quamvis
1237 926 1455 1001 animo
1485 957 1674 1022 grave
1710 931 1950 1007 vulnus
1985 933 2306 1011 habebam
2327 995 2347 1028 ,

355 1036 750 1138 »Quamvis
786 1036 963 1112 intus
1000 1057 1139 1111 erat
1169 1041 1359 1114 furor
1383 1044 1654 1138 igneuS,
1694 1050 1910 1123 omnia
1945 1049 2102 1138 feci,

2376 1078 2475 1146 540

293 1222 297 1226 ⁴
355 1183 389 1216 »
430 1152 602 1224 Sunt
632 1152 794 1225 mihi
832 1155 922 1226 Di
953 1172 1150 1229 testes
1174 1212 1192 1242 ‚
1230 1174 1307 1230 ut
1341 1160 1601 1234 tandem
1636 1163 1858 1237 sanior
1893 1192 2135 1241 essem:

353 1301 390 1332 »
429 1269 861 1369 Pugnavique
895 1270 1010 1344 diu
1042 1271 1328 1347 violenta
1367 1275 1719 1376 Cupidinis
1752 1303 1926 1354 arma

351 1415 387 1448 »
427 1383 737 1478 Effugere
772 1385 1042 1474 infelix;
1081 1405 1148 1459 et
1178 1388 1368 1488 pluS,
1408 1393 1804 1491 quamserre
1838 1395 2126 1495 puellam

352 1530 389 1561 >›
427 1499 632 1572 Posse
664 1519 891 1600 putes,
933 1531 1058 1597 ego
1093 1504 1256 1577 dura
1288 1505 1408 1578 tuli
1440 1537 1454 1578 ε
1486 1527 1790 1608 superata
1825 1510 2013 1584 fateri

347 1648 385 1682 >2
428 1617 691 1712 Cogor,
730 1647 1055 1719 opemque
1089 1638 1267 1695 tuam
1303 1621 1551 1696 timidis
1582 1654 1933 1725 exposcere
1968 1629 2161 1700 votis,

2374 1653 2475 1721 545

351 1764 386 1796 »
420 1734 525 1804 Tu
564 1761 817 1807 servare
852 1753 1073 1834 pote8‚
1114 1754 1189 1809 tu
1220 1738 1493 1837 perdere
1522 1738 1708 1814 solus
1739 1760 2083 1816 amantem.

349 1880 386 1912 »
421 1848 650 1942 Elige,
687 1868 908 1924 utrum
943 1851 1138 1925 facias
1166 1880 1181 1923 ε
1212 1881 1348 1925 non
1378 1855 1508 1927 hoc
1545 1856 1807 1929 inimica
1840 1876 2183 1957 precatur:

350 1995 384 2027 »
435 1963 569 2038 Sed
601 1994 784 2069 quae,
823 1996 1025 2067 quum
1065 1967 1190 2040 tibi
1223 1970 1310 2041 sit
1338 1969 1785 2068 junctissima,
1819 1972 2110 2069 junctior
2144 2003 2284 2049 esse

352 2114 387 2146 »
429 2082 745 2182 Expetit,
781 2100 847 2156 et
881 2082 1096 2157 vinclo
1131 2102 1343 2157 tecum
1377 2086 1693 2185 propiore
1724 2086 1935 2182 ligari.

348 2228 383 2260 »
419 2198 583 2270 Jura
616 2224 804 2271 senes
839 2198 1103 2292 norint3
1138 2217 1203 2273 et
1238 2200 1402 2300 quid
1445 2200 1767 2301 liceatque
1788 2259 1806 2288 ,
1844 2203 2194 2303 nefasque,

2378 2225 2474 2277 550

347 2344 383 2377 »
419 2313 827 2412 Fasque'sit,
866 2313 1242 2411 inquirant,
1279 2313 1961 2415 legumquessexamina
1995 2335 2292 2390 servent:

336 2501 413 2556 sio
433 2502 665 2573 placebat
688 2521 700 2555 ε
721 2500 810 2555 sed
836 2511 973 2555 mota
990 2521 1100 2555 non
1129 2522 1357 2556 moven-
1455 2506 1642 2575 quibus
1658 2524 1820 2558 nemo
1843 2506 2079 2559 resistere
2106 2509 2473 2576 potest—Ha-

338 2584 465 2637 dum
491 2603 505 2637 :
534 2584 603 2636 ita
623 2593 762 2635 mota
781 2589 861 2636 e'm
877 2624 890 2644 ,
917 2584 1162 2650 excitata,
1183 2585 1351 2651 vlu,

339 2663 466 2723 355;
506 2672 562 2715 et
596 2662 809 2731 sapius,
847 2667 975 2713 moli
999 2664 1220 2723 dolones,
1263 2661 1351 2727 Π,

339 2743 463 2810 778;
493 2748 631 2794 mola
654 2744 887 2802 insania,
920 2739 1035 2805 111,
1069 2739 1353 2793 536.-Nec

335 2837 493 2870 causa
503 2822 732 2885 patenti,
769 2836 932 2885 quum
960 2817 1110 2869 tacita
1133 2816 1345 2880 sedens,

336 2906 423 2949 aut
446 2896 588 2948 inter
609 2913 878 2948 sermones
902 2913 1010 2948 non
1037 2896 1207 2948 tristes
1227 2915 1352 2949 sus-

334 2976 645 3045 pirat-eme-
656 2976 855 3027 Somre‘a
876 2979 1052 3028 oscula
1075 2975 1232 3028 etiam
1258 2996 1351 3028 su-

332 3075 456 3124 pra,
489 3055 590 3121 IV,
615 3056 728 3121 334.
753 3053 986 3120 Confer,
1016 3056 1102 3121 11,
1127 3057 1241 3122 431.

397 3137 511 3207 539.
530 3137 654 3202 Ipsa
667 3146 835 3188 tamen
848 3176 862 3197 ‚
890 3142 1114 3204 quamn&
1129 3147 1227 3190 etc.
1247 3139 1350 3190 Ar-

334 3211 596 3281 gumentis
614 3250 629 3277 ,
672 3212 857 3280 quibus
889 3223 1091 3281 poterat
1109 3253 1124 3278 ,
1154 3216 1350 3283 gravis-

331 3291 476 3343 simis
513 3291 680 3343 utitur
717 3289 781 3342 ad
830 3291 1345 3361 commiserationem

330 3366 622 3420 faciendam
639 3407 653 3433 ,
669 3366 944 3436 fratrisque
967 3370 1206 3421 animum
1223 3368 1347 3422 flec-

333 3444 735 3496 tendum.«Vim
747 3444 876 3496 mihi
891 3444 1008 3510 seei,
1027 3456 1085 3497 ut
1100 3445 1346 3499 insanum

333 3541 568 3576 amorem
585 3523 983 3592 restinguerem.
1001 3523 1051 3576 A
1070 3534 1120 3576 te
1138 3542 1348 3578 unoso-

331 3601 462 3653 roris
498 3599 633 3653 salus
672 3599 866 3668 pendet
892 3637 908 3663 ,
948 3617 1064 3667 quae
1101 3610 1152 3651 te
1192 3600 1344 3653 unice

332 3686 484 3735 amat.
500 3675 663 3744 Quod
680 3687 802 3746 peto
818 3675 957 3728 haud
971 3677 1346 3730 inconveniens

331 3764 405 3805 est
429 3753 581 3806 annis
601 3755 789 3807 nostris
805 3793 819 3820 ,
837 3764 890 3807 et
903 3753 1035 3807 clam
1053 3755 1227 3823 peragi
1254 3773 1346 3823 po-

331 3839 446 3884 test.
463 3833 720 3886 Miserere
733 3853 860 3902 ergo
877 3834 1001 3885 mei.
1019 3855 1044 3879 »ι
1062 3832 1167 3886 Sed
1193 3833 1311 3885 vide
1328 3872 1344 3900 ,

331 3926 490 3976 quam
528 3910 753 3979 graviter
791 3909 992 3979 singula
1035 3920 1089 3962 et
1125 3919 1242 3978 apte
1280 3908 1345 3961 ad

328 3986 536 4038 veniam
577 3987 966 4056 impetrandam
1004 3987 1345 4040 exornaverit.

328 4063 509 4119 Veluti
534 4068 598 4120 ab
624 4068 774 4120 initio
798 4085 1036 4121 amorem
1064 4084 1218 4119 suum
1247 4083 1342 4116 vo·

325 4154 409 4198 cat
425 4165 579 4212 grave
607 4150 790 4199 wlnus
809 4157 862 4198 et
871 4145 1096 4212 sutorem
1119 4149 1341 4211 qucum,

327 4240 436 4273 non
461 4242 489 4274 a
509 4243 564 4275 se
591 4224 696 4291 ipsa
722 4224 1000 4277 excitatum
1021 4262 1035 4290 ,
1063 4220 1160 4286 ‚sed
1192 4223 1348 4288 Cupi-

325 4303 463 4352 dinis
486 4302 647 4366 armis
675 4339 689 4366 ,
725 4299 780 4351 id
807 4311 918 4366 est,
943 4300 1056 4353 telis
1083 4302 1341 4361 violentis,

594 4399 737 4471 IV.

1451 2588 1627 2636 bebam
1655 2601 1672 2646 ‚·
1714 2584 2055 2638 Burmannus
2101 2585 2313 2653 conjicit
2349 2590 2468 2638 ale-

1452 2666 1591 2724 bam,
1616 2681 1936 2731 quamquam
1956 2682 2053 2715 nec
2071 2663 2295 2716 alterum
2314 2664 2468 2718 dam-

1451 2752 1543 2794 nat
1571 2762 1582 2794 :
1613 2743 1778 2794 immo
1812 2762 1839 2795 e
1873 2742 2043 2811 phrasi
2077 2744 2256 2795 babere
2286 2748 2468 2796 vulnus

1450 2819 1808 2889 explicandam
1837 2830 2021 2873 monet
2051 2821 2331 2874 formulam
2361 2825 2467 2874 ha-

1450 2899 1560 2952 bet!
1576 2901 1795 2952 ——Deos
1813 2899 1948 2968 ipsos
1965 2910 2201 2964 testatur,
2228 2919 2280 2953 se
2299 2906 2469 2953 omnia

1447 2977 1623 3030 secisse
1643 3016 1658 3042 ,
1686 2987 1739 3030 et
1761 2981 1851 3029 diu
1865 2997 2144 3044 pugnasse,
2170 2989 2228 3030 ut
2254 2980 2467 3032 tandem

1445 3057 1624 3109 sanior
1641 3060 1805 3122 esset,
1830 3077 1990 3126 seque
2014 3057 2146 3112 adeo
2167 3062 2347 3111 duram
2372 3059 2468 3126 (xid

1446 3144 1524 3186 est
1550 3174 1564 3200 ,
1598 3135 1912 3187 confirmato
1937 3136 2114 3188 animo
2138 3145 2199 3187 et·
2216 3136 2464 3205 sortiter)

1432 3216 1553 3279 plus
1576 3212 1749 3264 tulisse
1767 3251 1782 3276 ,
1811 3232 1968 3280 quam
1983 3216 2167 3279 puella·
2191 3213 2465 3265 infirmio—

1440 3308 1555 3340 rem
1568 3299 1774 3342 aetatem
1787 3299 1838 3342 et
1849 3309 2027 3342 sexum
2041 3292 2177 3343 serre
2192 3300 2358 3357 putes,
2369 3289 2463 3343 sed

1441 3384 1495 3418 se
1522 3376 1637 3435 post
1670 3364 1802 3418 hanc
1822 3376 2036 3418 tantam
2074 3376 2127 3417 et
2156 3364 2461 3417 diuturnam

1442 3462 1675 3512 pugnam
1704 3442 1914 3495 tandem
1939 3453 2223 3508 supe-talam
2246 3440 2389 3494 esses

1508 3522 1619 3590 549.
1664 3522 1899 3584 Propior-e
1938 3524 2120 3585 ligare}
2178 3519 2459 3571 Vossianus

1432 3601 1660 3663 propiore
1680 3602 1844 3649 teneri
1857 3616 1873 3647 .·
1894 3595 1993 3647 hoe
2015 3595 2234 3647 verbum
2258 3615 2382 3649 sane
2409 3607 2462 3649 et

1443 3676 1506 3729 de
1531 3676 1741 3729 vinculo
1758 3685 1811 3728 et
1835 3674 1900 3727 de
1917 3675 2210 3728 amantibus
2234 3676 2454 3741 dicitur;

1440 3753 1531 3807 sed
1557 3753 1806 3823 quoniam
1838 3763 1998 3805 tecum
2032 3751 2241 3805 additur
2259 3794 2274 3819 ,
2307 3760 2466 3822 ligari

1441 3850 1627 3884 verum
1652 3841 1744 3884 est.
1759 3858 1825 3870 —-
1843 3830 1994 3900 Regii
2013 3830 2178 3882 nostri
2202 3830 2336 3884 bene
2357 3831 2460 3884 ha-

1440 3910 1568 3964 bent
1588 3916 1753 3978 ligari.
2250 3930 2262 3959 ἢ

1507 3990 1621 4038 550.
1661 3988 1844 4040 Liceat
1868 4005 1962 4055 per
1995 3986 2162 4056 leges,
2193 3985 2341 4052 nesus
2363 4005 2459 4056 per

1439 4076 1716 4117 naturam:
1738 4062 1848 4117 Cic.
1868 4083 1965 4133 pro
1981 4064 2095 4116 Mil.
2118 4065 2175 4117 16
2192 4104 2206 4130 ,
2222 4067 2462 4132 quodaut

1431 4160 1526 4207 per
1547 4151 1775 4192 naturam
1789 4142 1889 4207 sas
1913 4151 2069 4203 esset,
2106 4150 2197 4193 aut
2211 4161 2306 4210 per
2322 4145 2459 4208 leges

1437 4223 1621 4281 licem.
1642 4243 1709 4256 —
1725 4221 1983 4270 Examina
2003 4229 2196 4271 seruent
2209 4256 2224 4278 ,
2250 4219 2456 4272 exami—

1441 4307 1572 4350 nent
1590 4336 1606 4363 ,
1632 4308 1867 4366 perstent
1889 4300 2183 4353 examinare
2205 4300 2344 4371 leges
2360 4337 2375 4365 ,
2397 4308 2457 4349 ut

2072 4426 2116 4489 9
