3185 5138
679 544 1721 631 METAMORPHOSEON
1771 569 1971 640 LIB.
2023 578 2256 650 VIII.

2437 604 2519 683 „19

400 678 762 771 Exsilium,
799 702 1175 791 tractusque
1207 694 1332 768 soli
1365 698 1602 774 natalis
1633 734 1886 797 amore,

403 793 684 871 Clausus
716 819 853 885 erat
886 802 1122 903 pelago
1154 836 1169 880 ε
1206 841 1240 874 «
1271 813 1507 889 Terras
1540 815 1732 908 licet,
1771 823 1991 926 inquit
2013 887 2031 915 ‚
2069 852 2136 906 et
2168 839 2375 916 undas
2426 870 2516 920 ,35

407 941 441 973 »
484 911 849 1002 Obstruat3
883 935 950 991 at
984 918 1209 996 caelum
1246 944 1421 1001 certe
1452 950 1674 1031 patet;
1715 936 1961 1014 ibimus
1996 943 2140 1021 illac
2169 981 2187 1024 ε

405 1057 442 1088 »
482 1028 725 1104 Omnia
758 1033 1132 1132 possideat,
1166 1069 1302 1114 non
1337 1048 1638 1144 possidet
1667 1080 1811 1127 aera
1849 1057 2094 1135 Minos.
2134 1099 2171 1131 »

397 1140 622 1229 Dixin
658 1162 724 1217 et
756 1146 1017 1241 ignotas
1051 1154 1338 1230 animum
1370 1159 1645 1238 dimittit
1677 1169 1743 1240 in
1778 1190 1992 1262 artes;

393 1255 842 1363 Naturamque
876 1285 1121 1342 novat:
1152 1299 1300 1346 nam
1332 1277 1527 1375 ponit
1553 1280 1621 1353 in
1659 1285 1886 1362 ordine
1915 1320 2205 1392 pennas,

388 1379 453 1453 A
485 1382 753 1459 minima
786 1408 1034 1491 coeptas
1055 1450 1073 1482 ‚
1112 1390 1379 1492 longam
1414 1402 1715 1483 breviore
1747 1419 2085 1514 sequenti;

390 1503 484 1575 Ut
510 1506 678 1580 clivo
715 1513 992 1587 crevisse
1030 1536 1224 1617 putes
1252 1552 1267 1594 ε
1297 1523 1391 1596 sic
1422 1529 1668 1605 rustica
1700 1538 2031 1634 quondam

383 1626 635 1703 Fistula
666 1631 1041 1734 disparibus
1066 1641 1382 1741 paulatim
1414 1653 1628 1748 surgit
1660 1659 1896 1733 avenis,

380 1751 553 1825 Tum
589 1753 726 1830 lino
758 1761 1043 1853 mediaS‚
1081 1784 1149 1840 et
1186 1771 1353 1844 ceris
1384 1773 1633 1872 adligat
1667 1780 1865 1872 imas,

380 1967 572 2022 Noster
588 1982 769 2025 narrat
792 1973 951 2028 etiam
969 1977 1085 2031 Art.
1104 1979 1276 2037 Amat.
1296 1984 1349 2038 11
1369 2024 1385 2053 ‚

382 2065 439 2099 αι
479 2067 588 2116 sqq.
618 2046 844 2104 Confer.
872 2065 925 2107 et
956 2056 1198 2128 Hyginus
1221 2100 1238 2127 ,
1278 2065 1386 2129 40‘5

379 2123 729 2193 Apollodorus
746 2168 760 2194 ,
783 2129 894 2197 ΠΙ,
916 2149 987 2184 xv
1004 2173 1018 2200 ‚
1046 2135 1076 2187 8
1091 2176 1106 2202 ,
1125 2158 1189 2210 9;
1211 2150 1265 2192 et
1280 2155 1387 2211 prae

377 2205 574 2257 ceteris
591 2205 874 2271 Diodorus,
895 2208 996 2277 lv,
1017 2213 1105 2280 76,
1127 2237 1203 2289 79.
1221 2218 1384 2287 Quod

375 2279 442 2333 de
466 2286 570 2335 alis
586 2278 793 2337 Doedali
819 2283 1069 2355 traditur,
1092 2289 1144 2342 id
1170 2291 1235 2346 de
1258 2295 1385 2350 velis

375 2359 774 2433 intelligendum
798 2374 906 2430 est,
932 2385 1047 2435 que
1068 2369 1267 2438 primus
1287 2372 1384 2425 in—

373 2440 519 2492 venit
537 2479 551 2506 ,
576 2450 629 2494 et
645 2442 831 2509 quibus
855 2445 1063 2513 adjutus
1084 2468 1264 2504 secure
1289 2473 1384 2522 per

371 2514 601 2568 mediam
618 2518 816 2574 Minois
832 2520 1043 2577 classem
1060 2526 1272 2595 aufugit.
1294 2531 1381 2582 Ve-

368 2596 523 2646 Iorum
537 2599 655 2647 alas
666 2595 792 2651 dixit
814 2597 958 2669 Virg.
981 2600 1104 2653 AEn.
1126 2601 1208 2656 ΠΙ
1223 2641 1238 2668 ,
1265 2607 1378 2656 520.

438 2675 544 2741 ¹⁸4·
563 2677 816 2730 Exsilium
832 2718 844 2736 ‚
883 2698 1077 2749 nempe
1102 2679 1379 2738 damnatus

292 2775 293 2778 ¹
362 2764 475 2806 erat
498 2753 561 2808 ab
588 2755 913 2828 Areopagitis
940 2770 1155 2832 propter
1178 2760 1376 2816 cedem

359 2833 784 2887 commissam—
808 2838 1018 2889 Tractus
1041 2837 1291 2893 Heinsius
1313 2859 1375 2893 ex

362 2909 604 2963 Mediceo
644 2912 837 2981 accepit
862 2953 877 2978 ,
915 2923 969 2967 et
1004 2919 1112 2968 soli
1140 2936 1201 2969 ex
1239 2917 1373 2971 Lei-

360 2984 503 3040 densi
522 3008 535 3049 ;
567 3006 691 3039 nam
710 3008 805 3058 pro
823 2989 909 3041 illo
926 2990 1234 3061 vulgabatur
1258 3005 1373 3050 tac-

358 3074 460 3127 tas,
495 3075 549 3118 et
570 3067 769 3120 Briant.
793 3068 1012 3124 habebat
1037 3083 1246 3139 capim,-
1274 3094 1369 3144 pro

359 3139 458 3196 hoc
472 3144 646 3198 ceteri
660 3183 675 3210 ‚
691 3148 805 3198 loci.
824 3148 997 3201 Nostri
1014 3149 1164 3220 Regii
1179 3190 1193 3216 ,
1205 3162 1371 3205 tactus

358 3229 411 3273 et
429 3225 543 3274 soli.
564 3249 631 3261 —
655 3225 1078 3279 Trahebatarnon
1101 3246 1129 3280 a
1145 3227 1254 3281 solo
1270 3249 1369 3282 na-

358 3298 471 3365 tali,
490 3309 547 3351 ut
568 3299 790 3354 Lenzius
807 3304 1049 3372 putabat,
1065 3306 1155 3358 sed
1171 3327 1362 3370 amore,

358 3391 471 3441 quae
505 3376 731 3429 formula
759 3378 922 3433 obvia.
968 3381 1152 3449 Neque
1186 3393 1362 3437 tamen

354 3450 598 3506 Dedalus
622 3455 676 3507 in
703 3456 924 3525 patriam
958 3458 1147 3527 rediit,
1182 3462 1273 3515 sed
1306 3464 1362 3516 in

353 3527 581 3584 Siciliam
621 3552 676 3585 se
710 3536 946 3589 contulit.
977 3565 1043 3577 --
1083 3541 1309 3594 Terras..
1326 3582 1335 3592 .
1350 3581 1362 3593 .

354 3607 539 3660 mnas.
573 3609 773 3664 Similia
810 3613 919 3666 sere
954 3615 1139 3678 verba,
1166 3617 1218 3669 in
1249 3620 1361 3673 Art.

357 3683 532 3738 Amat.
558 3686 691 3739 libro
716 3689 768 3743 11
790 3729 805 3754 ,
831 3710 962 3744 vers.
987 3693 1050 3746 35
1072 3714 1181 3763 sqq.

418 3766 526 3818 188.
573 3766 812 3820 Animam
844 3774 1052 3824 dirm'tttt
1073 3790 1091 3835 ,·
1140 3776 1357 3845 Argent.

348 3847 567 3896 artemam
582 3853 855 3908 concerta,-
888 3863 1132 3920 quatuor,
1150 3859 1358 3910 dtbertit.

354 3916 602 3975 Heinsius
637 3925 849 3994 conjicit
890 3935 1061 3982 animo
1100 3935 1306 3987 devertit
1331 3952 1350 4004 ‚⁸

348 3993 710 4067 Lovaniensis,
732 4021 900 4056 cumm
922 4010 1141 4060 dimittit.
1166 4010 1358 4065 Noster

349 4073 397 4124 Α
411 4111 426 4138 ,
451 4079 685 4143 demekim
726 4080 914 4136 Noster
942 4085 987 4137 Β
1009 4125 1023 4151 ,
1058 4089 1262 4140 demtis-et.
1291 4119 1357 4131 —-

345 4151 581 4205 Anthium
599 4160 824 4218 dimittit,
857 4164 995 4214 varia
1012 4163 1222 4217 consilia
1246 4169 1355 4237 agi-

344 4236 442 4292 tat,
460 4242 519 4283 ut
541 4232 776 4301 ignotam
793 4240 1076 4309 effugiendi
1096 4254 1261 4296 artem
1281 4247 1354 4298 in-

343 4305 531 4360 veniat.
559 4308 730 4376 Supra
757 4313 871 4381 111,
899 4317 989 4371 381
1009 4356 1024 4385 ,
1054 4326 1354 4390 aciempar-

1484 1996 1561 2042 tes
1592 1994 1788 2046 dimisit
1819 2000 1875 2050 ia
1906 2018 2076 2054 omnes
2098 2019 2117 2066 ,·
2141 2004 2354 2061 AEneid.
2381 2008 2460 2064 Vl
2479 2052 2494 2078 ,

1486 2067 1580 2120 285
1602 2088 1615 2121 ε
1637 2076 1856 2141 ammam
1874 2094 2006 2129 nunc
2019 2083 2117 2133 bac
2129 2087 2326 2137 celerem
2338 2127 2350 2145 ,
2366 2106 2498 2143 nanc

1484 2145 1666 2197 dividit
1691 2151 1839 2211 illuc,
1879 2155 1942 2205 In
1955 2168 2220 2227 partesque
2239 2168 2376 2231 rapit
2401 2187 2497 2218 va-

1481 2226 1621 2288 rias,·
1647 2224 1833 2281 Senec.
1868 2230 1964 2301 Ep.
1997 2238 2059 2301 24
2086 2255 2098 2287 :
2122 2241 2187 2291 In
2210 2260 2494 2307 quamcum-

1477 2318 1570 2366 que
1581 2314 1776 2367 partem
1789 2325 1947 2361 rerum
1966 2321 2249 2367 memoriam
2267 2326 2495 2388 materie,-

1479 2376 1700 2444 Heroid.
1724 2381 1824 2449 IV,
1849 2385 1910 2455 37
1939 2406 1952 2438 :
1975 2394 2176 2454 &notas
2196 2399 2396 2448 m'torin
2414 2420 2493 2451 ar·

1475 2463 1562 2506 tes.
1576 2483 1643 2495 —
1661 2461 1905 2513 Naturam
1921 2477 2095 2525 novat,
2115 2487 2274 2523 novas
2290 2486 2492 2533 natura

1462 2528 1613 2602 leges
1636 2538 1919 2604 prescribit
1938 2562 1949 2605 ;
1976 2542 2153 2612 sugam
2169 2548 2312 2601 enim
2328 2571 2489 2620 para-

1472 2607 1561 2661 bat
1576 2619 1759 2682 peanis
1777 2635 1876 2668 non
1897 2620 2092 2673 bomini
2109 2625 2246 2678 datis
2257 2669 2270 2688 ‚
2302 2628 2489 2685 Horat.

1474 2686 1530 2753 Ι,
1553 2689 1657 2744 Od.
1676 2708 1744 2744 111
1763 2734 1778 2760 ,
1798 2694 1886 2757 35;
1909 2717 2062 2768 supra
2080 2703 2220 2771 ,1V,
2243 2728 2340 2781 279
2356 2748 2370 2775 ,
2399 2732 2486 2764 aa·

1468 2768 1709 2833 tum-jure
1716 2782 1895 2824 nocato
1905 2790 1924 2839 ,·
1946 2775 1989 2828 A
1998 2795 2129 2831 mor.
2146 2783 2207 2847 42
2218 2801 2228 2834 :
2241 2784 2356 2837 Sint
2361 2791 2493 2839 mihi

1469 2845 1785 2912 natura-jura
1798 2857 2032 2906 novanda
2040 2876 2171 2909 mee.
2187 2856 2481 2919 Commode

1468 2919 1569 2976 hoc
1590 2923 1656 2977 de
1681 2927 2054 2986 miraculorum
2072 2941 2365 2995 auctoribus
2381 2944 2481 2998 dici

1466 3010 1651 3067 potest.
1677 3031 1744 3045 —-
1773 3006 2024 3064 Heinsius
2059 3014 2283 3069 malebat
2318 3031 2480 3074 natu-

1464 3096 1663 3147 ramque
1676 3101 1881 3148 novans,
1901 3091 2154 3157 dlspoait;
2176 3096 2294 3163 quia
2308 3097 2362 3150 in
2379 3099 2478 3153 Bo·

1465 3156 1706 3211 noniensi
1727 3198 1742 3225 ‚
1783 3182 1974 3218 nomm.

1533 3253 1642 3307 ¹9⁰·
1664 3239 1720 3289 A
1746 3246 1953 3296 minema
1975 3257 2190 3315 coeptas,
2221 3263 2318 3306 etc.
2336 3255 2475 3310 Rem

1462 3318 1679 3366 tenuem
1703 3331 1891 3374 ornate
1917 3328 2175 3393 expressit.
2200 3329 2472 3398 Quoniam

1461 3406 1491 3440 a
1505 3395 1712 3444 minima
1729 3393 1921 3467 incepit
1935 3404 2113 3470 „sequi
2136 3403 2357 3459 debebat
2371 3413 2473 3462 bre-

1458 3472 1635 3523 viorem
1662 3476 1812 3542 longa
1836 3491 2066 3545 sequente
2083 3523 2096 3544 ‚
2136 3483 2226 3536 sed
2258 3485 2472 3542 invertit

1457 3544 1599 3601 bunc
1624 3549 1881 3606 ordinem.
1903 3583 1968 3594 —
1996 3560 2069 3610 Ut
2089 3564 2218 3613 clivo
2241 3573 2339 3616 etc.
2370 3565 2469 3620 His

1455 3626 1624 3680 verbis
1655 3630 1844 3685 frustra
1875 3636 2240 3694 offendebatur
2278 3642 2469 3699 Ciosa-

1456 3722 1556 3758 nus
1594 3724 1606 3757 ε
1647 3726 1837 3779 nempe
1876 3712 1930 3765 in
1970 3715 2028 3768 iis
2049 3755 2065 3782 ,
2101 3738 2216 3786 quae
2243 3721 2295 3774 in
2336 3724 2468 3776 clivo

1454 3796 1726 3852 crescunt,
1750 3794 2020 3858 sequentia
2050 3798 2288 3852 eminent
2309 3820 2466 3870 super

1456 3858 1720 3916 inferiora.
1747 3894 1813 3906 —-
1841 3868 1922 3922 De
1946 3880 2328 3944 rastecafistula
2346 3879 2464 3934 vide

1454 3935 1516 3986 ad
1556 3938 1615 4002 Ι,
1656 3961 1764 4007 7¹¹·
1798 3944 2035 4001 Tibullus
2062 3989 2076 4014 ,
2123 3952 2176 4002 ΙΙ
2200 3991 2215 4017 ,
2251 3968 2287 4002 v
2311 3993 2325 4019 ,
2361 3954 2425 4006 30
2453 3976 2466 4008 :

1452 4017 1676 4078 Fistula,
1712 4027 1804 4072 cui
1821 4043 2010 4090 semper
2029 4033 2270 4082 decrescit
2299 4053 2463 4086 arun-

1451 4094 1586 4142 dinis
1610 4098 1760 4159 ordo,·
1797 4102 1927 4150 Nam
1951 4108 2179 4156 calamus
2204 4128 2317 4161 cera
2320 4113 2462 4178 jan-

1446 4174 1582 4235 μίαν
1599 4191 1752 4239 usque
1770 4181 1938 4230 minor.
1957 4209 2022 4221 —
2040 4188 2299 4249 Quondam
2320 4192 2373 4244 in
2391 4194 2462 4243 si·-

1449 4248 1829 4309 militudinibus
1867 4256 2006 4313 idern
2041 4264 2211 4333 quod,
2246 4270 2368 4322 sere.
2396 4299 2462 4310 -

1450 4328 1642 4396 Surgit,
1694 4333 1753 4386 fit
1781 4336 1946 4392 altior.
1974 4368 2038 4383 -
2067 4346 2254 4400 :Uedio
2273 4360 2328 4403 et
2347 4356 2476 4403 ima

2193 4508 2207 4552 4
