3185 5138
647 540 1677 611 METAMORPHOSEON
1733 544 1927 612 LIB.
1981 546 2117 611 IX.

2330 548 2452 639 139

324 680 675 783 Implesset
707 683 1022 775 monstri3
1064 684 1119 758 si
1156 712 1295 756 non
1326 681 1634 758 miracula
1664 712 1876 785 nuper

327 800 563 900 Iphide
596 817 848 874 mutata
880 801 1075 874 Crete
1109 800 1431 900 propiora
1463 798 1741 873 tulisset.
1800 841 1809 850 ·

329 915 634 989 Proxima
674 917 1003 990 Gnosiaco
1035 945 1186 990 nam
1222 914 1555 1016 quondam
1594 915 1878 990 Phaestia
1907 943 2111 1011 regno

332 1032 696 1127 Progenuit
731 1031 923 1107 tellus
944 1088 963 1120 ,
999 1034 1234 1129 ignoto
1267 1032 1532 1105 nomine
1565 1031 1888 1126 Ligdum,

330 1150 623 1242 Ingenua
656 1148 737 1222 de
770 1147 965 1248 plebe
1000 1149 1212 1222 virum
1241 1178 1255 1219 ε
1285 1175 1402 1222 nec
1436 1175 1674 1221 census
1707 1148 1778 1220 in
1810 1147 1929 1222 illo
2354 1170 2453 1237 67o

331 1263 691 1338 Nobilitate
727 1293 847 1339 sua
879 1265 1125 1364 major3
1164 1263 1280 1339 sed
1310 1264 1442 1337 vita
1473 1264 1767 1364 fidesque

331 1379 670 1481 Inculpata
704 1380 834 1454 fuit
866 1412 882 1455 ε
921 1379 1199 1477 gravidae
1235 1380 1350 1481 qui
1387 1380 1690 1478 conjugis
1724 1408 1915 1454 aures

327 1496 622 1569 Vocibus
653 1498 759 1571 his
793 1498 1033 1584 movit,
1070 1526 1272 1597 quum
1301 1498 1433 1593 jam
1467 1525 1677 1597 prope
1709 1513 1940 1597 partus
1975 1493 2234 1568 adesset
2262 1524 2277 1566 :

335 1643 368 1673 «
412 1611 580 1708 Quae
614 1643 883 1688 voveam
919 1613 1053 1687 duo
1091 1631 1248 1688 sunt
1267 1669 1286 1701 ,
1316 1613 1592 1686 minimo
1625 1631 1702 1686 ut
1735 1610 2012 1686 relevere
2050 1609 2321 1696 labore;

336 1759 371 1788 »
410 1728 634 1827 thue
662 1757 907 1803 marem
939 1730 1156 1830 parias
1184 1759 1199 1803 :
1227 1730 1572 1803 onerosior
1604 1728 1807 1803 altera
1837 1757 1982 1802 sors
2019 1745 2161 1816 est3

337 1873 371 1903 »
408 1843 500 1913 Et
533 1826 1002 1919 vires'fortuna
1032 1853 1225 1940 negat
1254 1876 1269 1918 :
1302 1845 1480 1945 quod
1512 1844 1900 1932 abominor,
1934 1871 2092 1938 ergo

331 2043 446 2097 vide
482 2043 548 2096 ad
582 2045 726 2111 v11,
757 2047 868 2112 481.
888 2075 956 2086 —
977 2049 1256 2100 mmmm
1285 2056 1339 2099 et

330 2127 619 2178 miraculum
634 2166 647 2186 ,
683 2126 829 2179 mirae
852 2146 1134 2196 corporum
1160 2139 1337 2180 trans-

331 2202 666 2255 formationes
682 2243 697 2268 ,
723 2214 780 2257 ut
801 2204 855 2258 ll
870 2243 886 2271 ,
911 2205 1341 2274 367.—Tu11·sset.

333 2277 467 2331 Plin.
491 2280 628 2333 VIII
647 2320 663 2345 ,
682 2280 778 2350 Ep.
795 2297 866 2333 xx
884 2321 902 2346 ,
918 2303 947 2333 2
962 2321 979 2347 ‚
999 2282 1064 2335 de
1083 2283 1342 2336 miraculis

331 2367 531 2410 naturae
545 2396 560 2421 ‚
587 2377 693 2425 que
712 2364 767 2411 si
780 2364 980 2412 tulekset
993 2361 1212 2413 Achaia.

393 2434 505 2488 668.
540 2439 794 2498 Phaeslos,
832 2440 852 2503 (
877 2438 1015 2490 Plin.
1049 2437 1125 2490 lv
1148 2478 1163 2503 ,
1194 2458 1234 2490 s.
1261 2456 1340 2490 πο.

329 2512 602 2578 Phesturn)
613 2514 1341 2586 urbsetregioinsuloeCretoe.

305 2587 309 2590 ⁴
327 2588 432 2641 Sed
449 2594 654 2644 Gnosus
665 2594 833 2645 multo
849 2592 1102 2646 celebrior
1117 2592 1339 2647 Phaesto.

328 2671 598 2737 -Ligdus
621 2671 756 2740 apud
796 2672 1054 2724 Antonin.
1085 2671 1341 2740 Lamprus

328 2758 540 2800 vocatur
556 2788 573 2814 ‚
595 2761 646 2802 et
661 2769 791 2802 uxor
806 2789 822 2816 ,
844 2769 960 2820 quae
979 2752 1172 2805 Nostro
1196 2753 1342 2803 Tele-

326 2828 475 2880 thusa
493 2838 571 2880 est
587 2867 602 2894 ,
622 2826 855 2882 Galatea.
878 2830 1070 2882 Monet
1090 2827 1341 2882 Heinsius

326 2922 472 2972 posse
485 2907 777 2976 etLyfdum
787 2907 936 2960 scribi
953 2929 969 2972 ;
984 2926 1109 2960 nam
1123 2917 1176 2960 et
1191 2914 1341 2975 λίγθος

330 2992 383 3034 et
398 2988 559 3050 λύγδος
574 3002 738 3052 graeca
751 3003 877 3037 esse.
891 2984 1043 3038 Idem
1057 2985 1206 3038 malit
1217 3004 1339 3039 cum

327 3060 501 3128 paucis
516 3060 662 3115 MSS
678 3067 901 3129 &notum
916 3102 928 3122 ‚
954 3064 1066 3117 sine
1082 3083 1249 3118 causa.
1275 3066 1339 3117 ln

330 3156 527 3206 argum.
551 3138 806 3193 Lactantii
822 3180 840 3206 ,
865 3140 963 3194 Ed.
990 3141 1181 3194 Colon.
1201 3146 1341 3213 Lyc-

328 3224 435 3279 Ιιιε,
464 3227 523 3269 ut
546 3226 601 3270 et
625 3217 743 3271 Ald.
773 3216 825 3270 h.
851 3218 884 3270 l.
909 3220 1086 3287 Hujus
1109 3220 1339 3274 nominis

332 3294 452 3347 urbs
477 3295 531 3346 in
557 3294 956 3366 Cretae-Regii
975 3299 1141 3351 nostri
1156 3337 1172 3365 ,
1191 3304 1340 3366 igno-

327 3380 428 3423 tum
452 3374 683 3439 Ligdum.
704 3401 771 3412 —
791 3375 967 3441 Ignoto
990 3381 1210 3439 aornim,
1240 3396 1340 3431 nec

329 3446 525 3501 clarum
549 3450 705 3503 rebus
724 3452 905 3519 gestis,
933 3471 1032 3504 nec
1047 3454 1211 3506 nobili
1236 3473 1339 3523 ge-

214 3529 221 3535 '
329 3546 454 3581 nere
475 3540 678 3581 natum.
699 3528 940 3599 Utroque
967 3532 1126 3584 modo
1151 3532 1341 3586 dicitur

327 3625 528 3668 nomen,
560 3618 613 3659 et
631 3607 695 3660 de
713 3608 851 3661 sama
869 3619 922 3662 et
937 3608 1002 3661 de
1021 3611 1225 3679 generis
1242 3630 1342 3664 no-

326 3683 536 3738 bilitate.
556 3684 832 3755 Virgilius,
855 3686 1187 3755 AEneid.1x‚
1210 3689 1336 3756 343,

325 3764 541 3826 Multam
563 3772 674 3819 sinc
692 3772 888 3819 nomine
901 3770 1110 3835 plebem.
1133 3769 1341 3834 Ignotus

326 3854 503 3897 autem
531 3845 719 3913 passim
749 3864 845 3914 pro
880 3838 1095 3912 ignobili
1124 3856 1177 3899 et
1208 3846 1339 3899 obs—

326 3926 745 3985 curos-Census,
766 3923 956 3976 divitiae
975 3963 990 3988 ‚
1019 3934 1077 3975 ut
1096 3922 1208 3991 111,
1228 3925 1340 3977 588.

326 4003 454 4052 -In
472 4004 564 4053 illo
581 4041 594 4063 ‚
621 4001 1115 4055 iuius-Nobilitate
1127 4042 1141 4065 ,
1166 4004 1338 4070 jocose

327 4075 541 4131 dictum.
577 4077 718 4131 Male
752 4079 914 4148 igitur
942 4090 1124 4133 auctor
1152 4080 1340 4150 Argu-

328 4157 492 4209 menti
519 4176 808 4223 generosam
837 4158 885 4211 ei
914 4163 1115 4226 stirpem
1146 4158 1339 4212 tribuit.

331 4233 446 4288 Hac
483 4237 598 4304 ejus
631 4239 900 4293 notatione
937 4249 1116 4292 autem
1152 4251 1206 4293 et
1241 4238 1341 4293 viri

275 4334 280 4340 ’
329 4311 601 4369 decretum
629 4317 914 4373 illustratur
937 4328 991 4372 et
1015 4319 1261 4373 auxilium
1291 4318 1341 4373 ei

1435 2043 1614 2096 latum.
1664 2044 1728 2098 In
1773 2049 1883 2097 vilo
1919 2043 2199 2097 hominum
2218 2046 2361 2112 fides
2394 2042 2451 2095 in

1439 2122 1621 2194 primis
1662 2133 1927 2192 spectatur
1948 2162 1963 2187 ‚
2004 2122 2411 2175 fundamentum
2437 2161 2452 2186 ,

1438 2209 1527 2252 aut
1541 2239 1556 2264 ‚
1580 2200 1871 2253 secundum
1892 2201 2080 2253 Horat.
2100 2202 2155 2267 1,
2176 2199 2281 2254 Od-
2298 2213 2451 2265 xxxv,

1435 2277 1468 2329 6
1487 2316 1502 2343 ,
1531 2295 1682 2329 soror
1706 2278 1931 2346 justitia.

1499 2354 1613 2423 673.
1655 2357 1872 2407 Vocibus
1895 2358 1978 2407 his
2004 2359 2168 2408 movit.
2198 2353 2452 2408 Probita-

1434 2439 1544 2481 tem
1580 2429 1676 2482 viri
1713 2431 1898 2498 probat
1929 2431 2087 2482 etiam
2124 2450 2230 2498 seq.
2269 2430 2452 2481 oratio.

1434 2505 1518 2559 De
1554 2508 1719 2560 salute
1762 2507 1998 2578 conjugis
2044 2517 2123 2560 est
2164 2507 2409 2560 sollicitus
2432 2544 2448 2571 ,

1432 2585 1627 2639 invitus
1672 2585 1889 2638 mandat
1922 2625 1938 2652 ,
1989 2585 2134 2638 addit
2178 2585 2447 2656 lacrymas.
2546 2646 2547 2653 ἵ

1433 2662 1606 2715 Movet
1625 2683 1770 2716 aures
1791 2666 2000 2715 alterius
2020 2672 2073 2715 et
2099 2663 2140 2716 is
2157 2703 2172 2728 ,
2209 2663 2297 2731 qui
2327 2681 2451 2715 eum

1434 2742 1715 2812 alloquitur
1734 2782 1749 2810 ,
1789 2753 1845 2797 et
1876 2762 1958 2796 res
1977 2783 1993 2810 ,
2032 2762 2146 2812 quoe
2171 2753 2449 2795 narratur:

1434 2821 1537 2887 IV,
1554 2842 1612 2890 27
1626 2843 1666 2875 ι.
1683 2821 1803 2875 Hoc
1820 2822 1981 2892 magis
1995 2822 2278 2891 poeticum,
2292 2840 2451 2890 quam

1435 2898 1574 2967 quod
1596 2899 1818 2954 Heinsio
1833 2899 2095 2954 arridebat
2117 2905 2329 2963 monna,
2353 2920 2451 2970 pro

1434 2996 1538 3045 quo
1573 2978 1707 3031 bene
1741 2999 1769 3032 e
1804 2979 2035 3049 quinque
2075 2979 2221 3033 MSS
2255 2981 2452 3050 recepit

1433 3064 1612 3108 tamen
1650 3061 1816 3108 movit.
1845 3083 1912 3096 ·-
1936 3055 2087 3126 Regii
2126 3057 2289 3109 nostri
2324 3056 2454 3110 dant
2534 3122 2539 3129 1

1432 3140 1635 3188 monuit.
1644 3164 1712 3175 —
1720 3140 1775 3189 V
1764 3156 1901 3189 overe
1912 3176 1926 3198 ,
1955 3137 2170 3206 precari.
2178 3164 2246 3176 -
2256 3139 2453 3189 labore

1432 3213 1660 3282 praetulit
1672 3213 1814 3266 idem
1827 3214 2079 3267 Heinsius
2089 3234 2150 3266 ex
2164 3214 2425 3267 Urbinate
2435 3251 2451 3277 ,

1432 3291 1606 3360 primo
1632 3291 1829 3344 Erfurt.
1852 3302 1913 3353 et
1936 3287 2162 3360 quatuor
2186 3291 2295 3344 aliis
2311 3329 2329 3357 ,
2355 3309 2452 3358 pro

1433 3372 1603 3421 dolore
1626 3367 1808 3439 (quod
1828 3379 1906 3422 est
1923 3370 1977 3422 in
1995 3370 2185 3423 nostris
2204 3364 2450 3436 Regiis),

1434 3447 1556 3515 quia
1579 3447 1725 3499 labor
1749 3457 1825 3500 est
1850 3465 2242 3517 puerperarum,
2262 3446 2452 3497 -Al-

1431 3535 1538 3577 Iera
1557 3544 1683 3577 sors.
1714 3526 1927 3580 Sasstius
1952 3526 2107 3577 vertit
2127 3563 2143 3589 ,
2170 3530 2251 3577 ein
2274 3526 2456 3576 aadrer

1434 3600 1565 3653 Fall.
1594 3602 1711 3654 Imo
1725 3640 1740 3668 ,
1763 3621 1912 3655 sexus
1933 3601 2218 3654 femininus
2237 3599 2451 3669 intellig.

1435 3677 1522 3732 Sic
1542 3698 1655 3731 sors
1677 3679 1835 3732 etiam
1855 3718 1871 3745 ,
1896 3679 1978 3732 Ill
1996 3720 2011 3746 ‚
2040 3681 2171 3750 3293
2200 3678 2276 3732 Vl
2295 3719 2310 3744 ,
2338 3680 2451 3731 580.

1437 3758 1515 3811 Ea
1540 3778 1651 3812 sors
1676 3770 1755 3812 est
1779 3764 2056 3822 onerosior,
2101 3760 2221 3829 quia
2248 3769 2451 3829 patrem

1433 3857 1545 3892 non
1573 3837 1820 3907 adjuvare
1847 3849 2016 3908 potest
2046 3839 2101 3891 in
2131 3839 2270 3892 victu
2299 3857 2452 3908 que-

1435 3914 1689 3969 rendoae—
1699 3920 1841 3970 Vires
1858 3917 1958 3970 dici
1985 3937 2080 3988 pro
2102 3917 2420 3987 patrimonio
2436 3957 2450 3980 ,

1436 3994 1620 4065 opibus
1638 4034 1652 4059 ,
1679 3993 1870 4048 docent
1892 3994 2222 4063 Gronovius,
2251 3994 2454 4048 Obser-

1435 4084 1558 4126 vatt.
1587 4073 1687 4139 IV,
1716 4092 1781 4145 ²9
1796 4112 1811 4140 ,
1841 4084 1893 4125 et
1911 4074 2251 4127 Burmannus
2266 4073 2331 4126 ad
2350 4071 2400 4126 h.
2418 4073 2451 4125 l.

1437 4152 1544 4207 Sed
1563 4152 1842 4206 duodecim
1862 4155 2007 4209 MSS
2032 4156 2253 4220 babent,
2270 4162 2452 4209 natura

1435 4241 1611 4299 negat,
1641 4231 1781 4300 quod
1803 4234 1985 4302 probat
2004 4233 2268 4288 Heinsius.
2295 4232 2457 4287 Con-

1440 4307 1569 4363 ditio
1591 4320 1795 4365 naturae
1817 4310 2084 4366 muliebris
2107 4323 2261 4383 negat
2286 4312 2421 4365 vires
2435 4348 2451 4376 ,

2353 1746 2451 1816 675
2535 1757 2539 1761 '
