3185 5138
707 564 827 633 172

1245 547 1324 611 P.
1400 549 1750 619 OVIDII
1805 555 2255 627 NASONIS

690 684 751 754 Τ
753 681 952 756 ollere
982 685 1357 794 Taenarides
1395 691 1624 767 orbem
1660 700 2065 796 properabat
2094 731 2110 772 ε
2142 720 2210 775 at
2242 702 2433 779 illum

688 796 873 872 Dura
905 828 1287 900 repercusso
1323 807 1608 906 subjecit
1638 812 1723 884 ab
1757 842 1901 887 aere
1936 814 2130 892 tellus

691 914 767 984 In
804 913 1064 1004 vultus,
1103 920 1512 1019 Hyacinthe,
1553 944 1708 1000 tuos
1739 959 1755 1000 ε
1791 930 2108 1030 expalluit
2141 963 2324 1035 aeque
2350 993 2369 1025 ‚

2727 966 2817 1017 185

686 1029 783 1102 Ac
818 1061 1017 1132 puer,
1051 1034 1193 1134 ipse
1226 1039 1453 1126 Deus3
1487 1040 1952 1145 collapsusque
1985 1049 2232 1150 excipit
2264 1071 2484 1140 artus;

687 1146 773 1217 Et
811 1149 1011 1222 modo
1048 1168 1110 1224 te
1143 1153 1433 1241 refovet,
1475 1157 1677 1232 modo
1712 1160 1924 1236 tristia
1958 1164 2227 1239 vulnera
2260 1169 2498 1257 siccat;

687 1261 878 1335 Nunc
912 1265 1191 1341 animam
1227 1270 1509 1346 admotis
1542 1274 1903 1368 fugientem
1939 1280 2224 1355 sustinet
2257 1283 2501 1358 herbis.

691 1376 801 1448 Nil
842 1400 1128 1477 prosunt
1159 1402 1331 1459 artes
1360 1418 1377 1459 τ
1407 1407 1546 1461 erat
1579 1389 2060 1467 immedicabile
2094 1395 2354 1471 vulnus.

691 1495 786 1565 Ut
819 1495 872 1566 si
909 1498 1056 1596 quis
1089 1500 1335 1589 violas,
1369 1505 1642 1598 riguove
1680 1536 1967 1609 papaver
1998 1512 2067 1583 in
2104 1511 2307 1586 borto
2328 1571 2348 1601 ,

2728 1555 2822 1608 ¹9⁰

689 1606 988 1712 Liliaque
1029 1614 1386 1716 infringat,
1420 1621 1620 1697 fulvis
1650 1623 1960 1698 haerentia
1996 1628 2237 1723 virgis3

685 1825 775 1860 rus
800 1809 1042 1865 reciderit
1062 1850 1076 1877 ,
1107 1824 1160 1866 et
1186 1814 1273 1867 ubi
1299 1817 1512 1883 recidit,
1538 1838 1702 1874 caecus

686 1886 827 1952 quasi
853 1889 1105 1956 accurrit,
1133 1902 1190 1943 ut
1214 1912 1337 1945 eum
1359 1894 1704 1951 tollat—Ta·-

681 1967 882 2014 nart'des
900 2006 911 2020 ,
953 1965 1391 2024 Lacedaemonius.
1413 2001 1480 2012 —-
1500 1976 1698 2042 Reper-

682 2058 858 2092 cussus
870 2063 959 2094 aer
969 2043 1086 2097 alibi
1102 2047 1317 2115 quidem
1331 2052 1557 2104 occurrit
1573 2093 1587 2119 ,
1606 2053 1695 2105 sed

681 2138 822 2172 nunc
849 2123 926 2173 vix
958 2122 1130 2178 locum
1160 2127 1696 2199 hahet.Bepercussus

683 2197 826 2249 enim
853 2200 930 2252 vel
954 2203 1146 2269 passive
1165 2205 1353 2259 dicitur
1374 2209 1461 2276 qui
1484 2209 1699 2264 illabens

682 2274 817 2329 duro
841 2283 1045 2349 corpori
1075 2285 1342 2354 repellitur
1358 2328 1373 2354 ,
1398 2289 1478 2342 vel
1505 2291 1697 2358 active,

682 2354 769 2421 qui
798 2355 994 2425 repellit
1021 2360 1275 2426 alterum;
1308 2375 1496 2418 neutra
1522 2377 1698 2420 tamen

680 2431 987 2500 significatio
1016 2436 1114 2491 hoc
1139 2439 1253 2492 loro
1286 2462 1500 2496 sensum
1524 2444 1699 2498 fundit

681 2514 1037 2568 commodum.
1067 2518 1174 2572 Aer
1195 2520 1340 2574 enim
1367 2541 1464 2575 nec
1486 2523 1699 2592 repelle·

682 2589 864 2657 batur,
900 2594 989 2646 sed
1021 2595 1188 2651 discus
1215 2621 1226 2661 ς
1260 2619 1356 2653 nec
1382 2600 1580 2653 discum
1610 2622 1699 2654 re-

684 2667 938 2737 pellebat,
982 2673 1071 2726 sed
1107 2686 1260 2730 terra.
1299 2678 1516 2748 Septem
1551 2680 1695 2735 MSS

682 2765 1012 2811 repercussum
1037 2758 1090 2803 1'n
1111 2772 1244 2807 aera.
1278 2756 1419 2808 Tum
1448 2759 1698 2813 Heinsius

683 2821 917 2892 legebat,
947 2847 1060 2881 vers
1083 2849 1188 2899 seq.
1217 2834 1289 2885 Et
1308 2837 1509 2886 vultus:
1531 2836 1697 2888 immo

682 2920 1016 2967 repercussum
1045 2926 1141 2976 ego
1166 2911 1339 2962 resero
1367 2911 1429 2963 ad
1460 2911 1658 2966 discum
1679 2953 1693 2980 ,

685 2989 798 3032 tum
825 2982 1001 3034 omnia
1030 2985 1180 3052 plana
1204 2997 1341 3039 sunt.
1367 2988 1581 3042 Discum
1611 3013 1697 3045 re-

682 3077 981 3127 percussum
1009 3060 1062 3114 in
1088 3082 1205 3116 aera
1231 3064 1380 3118 tellus
1402 3068 1620 3136 subjecit
1640 3070 1693 3122 in

685 3137 853 3191 vultus
888 3139 1186 3211 Hyacinthi.
1213 3146 1298 3196 Ab
1319 3165 1435 3197 acre
1459 3165 1567 3198 non
1598 3148 1694 3201 nisi

681 3234 816 3269 unus
848 3218 1061 3286 Argent.
1095 3220 1197 3273 MS
1228 3224 1475 3294 suggessit
1514 3227 1694 3280 Hein-

679 3295 770 3349 sio.
792 3296 985 3351 Coeteri
1000 3337 1014 3363 ,
1040 3302 1093 3351 in
1113 3318 1240 3354 aere.
1259 3330 1325 3341 —
1341 3303 1515 3356 Nostri
1545 3304 1696 3375 Regii

676 3382 730 3430 ln
752 3397 893 3443 aere,·
919 3381 1091 3433 forsan
1118 3381 1317 3437 melius.
1341 3412 1405 3424 —
1425 3383 1695 3439 Caeterum

678 3456 968 3509 secundum
981 3457 1103 3511 alios
1115 3460 1405 3532 Zephyrus,
1424 3464 1512 3530 qui
1526 3463 1694 3532 etipse

680 3535 885 3589 amabat
899 3537 1257 3610 Hyacinthum
1272 3580 1287 3607 ,
1306 3542 1498 3596 invidia
1514 3544 1696 3613 impul·

677 3635 762 3670 sus
777 3617 977 3670 discum
995 3619 1046 3672 in
1061 3640 1182 3674 eum
1201 3621 1403 3676 detulit.

749 3693 856 3745 186.
883 3698 1145 3764 Collapsos
1161 3703 1354 3777 excipit
1366 3708 1522 3753 atlas.
1548 3701 1696 3753 Prae-
1724 3738 1736 3746 -

676 3773 812 3825 clare
845 3772 954 3829 haec
985 3775 1049 3829 de
1085 3777 1327 3847 Apolline
1367 3779 1696 3833 medicorum

677 3850 812 3905 Deo.
845 3851 1047 3906 Confer
1073 3855 1155 3921 11,
1179 3855 1274 3925 617
1302 3877 1411 3926 sqq.
1437 3886 1502 3897 —
1524 3860 1699 3910 Colla-

677 3934 893 3991 bunlur,
937 3932 1025 4001 qui
1063 3933 1349 3988 morientes
1388 3940 1478 3987 aut
1518 3935 1696 3987 animo

677 4007 974 4078 linquentes
995 4009 1218 4076 cadunt,
1252 4013 1389 4078 Vll,
1422 4012 1533 4065 826.
1562 4014 1696 4066 Pro-

675 4084 774 4138 cris
797 4091 1025 4154 collapsa
1043 4090 1212 4142 dolore
1231 4092 1427 4143 cecidit.
1451 4092 1699 4156 Excepere

681 4161 929 4217 dicuntur
948 4168 1035 4234 qui
1055 4167 1317 4220 sublatum
1343 4169 1394 4219 in
1419 4167 1592 4221 sinum
1611 4187 1698 4221 re-

678 4240 909 4309 cipiunt,
937 4242 1043 4297 Xll
1063 4282 1079 4309 ,
1109 4245 1217 4311 423.
1253 4244 1395 4297 Hinc
1425 4244 1696 4299 interdum

680 4327 758 4371 est
795 4319 969 4373 fovere
997 4359 1012 4388 ,
1059 4320 1289 4376 molliter
1336 4331 1595 4389 tractare,
1640 4332 1697 4377 ut

1800 1823 1939 1892 apud
1976 1823 2257 1895 Virgilium
2288 1865 2303 1891 ,
2341 1827 2534 1898 Georg.
2570 1829 2625 1882 11
2652 1869 2668 1895 ,
2704 1830 2815 1897 345.

1799 1901 2014 1954 Frustra
2054 1905 2212 1970 igitur
2254 1906 2504 1959 Heinsius
2548 1907 2775 1962 malebat
2798 1949 2814 1975 ,

1796 1986 1956 2047 erigit.
1975 1981 2211 2050 Quidam
2233 1989 2449 2053 accipit,
2475 1986 2555 2039 vet
2577 1992 2816 2053 exigit.—

1800 2057 1950 2128 Regii
1973 2060 2137 2112 nostri
2161 2066 2360 2127 excipit.
2399 2061 2600 2116 Confer
2620 2102 2634 2129 ,
2667 2065 2774 2118 ΧΠ
2795 2105 2811 2131 ,

1798 2136 1894 2200 423
1909 2175 1922 2200 ,
1942 2136 2028 2188 ubi
2048 2135 2235 2190 eadem
2257 2142 2704 2202 curae—Susthet,
2724 2162 2813 2195 re-

1798 2213 1962 2278 tinet,
1985 2212 2173 2268 dissert.
2199 2215 2429 2282 Seneca,
2452 2217 2510 2283 1,
2538 2216 2698 2272 Cont.
2721 2241 2777 2272 ια
2793 2260 2808 2286 ,

1796 2294 2069 2359 dficienteir
2080 2297 2413 2348 adolescentis·
2431 2303 2635 2366 spiritus
2649 2305 2703 2351 iu
2715 2303 2809 2351 ad·

1797 2378 1989 2420 eentum
2008 2390 2164 2423 meum
2185 2379 2533 2430 sustinebatur.

1868 2467 1974 2519 ¹9⁰·
2001 2451 2072 2501 Ut
2092 2457 2147 2502 si
2165 2457 2304 2518 quis.
2319 2494 2330 2504 .
2344 2494 2380 2505 ..
2389 2475 2626 2522 papaver.
2636 2457 2811 2527 Vulgo

1788 2530 2260 2594 papavera—Item
2286 2533 2450 2585 nostri
2479 2533 2629 2603 Regii
2644 2553 2813 2602 papa-

1796 2623 1924 2656 vera.
1949 2632 2015 2644 —
2038 2607 2353 2662 Suavissima
2377 2623 2431 2663 et
2454 2612 2590 2665 bene
2617 2612 2813 2667 delecta

1796 2681 2107 2745 similitudo,
2136 2705 2293 2754 quam
2316 2697 2494 2741 tamen
2516 2690 2710 2743 Noster
2732 2691 2812 2743 vel

1799 2759 2041 2812 Homero
2058 2800 2072 2822 ,
2096 2762 2154 2815 ll.
2169 2772 2234 2829 Θ,
2256 2764 2354 2816 306
2369 2806 2382 2825 ,
2401 2764 2481 2818 vel
2498 2768 2669 2834 potius
2683 2768 2813 2820 Vir-

1797 2837 1944 2906 gilio,
1967 2838 2177 2892 AEneid.
2197 2841 2273 2893 lx
2288 2881 2302 2907 ,
2323 2844 2446 2909 434,
2467 2842 2623 2897 debet
2642 2864 2655 2898 ε
2674 2867 2699 2890 κ
2719 2846 2813 2898 ln-

1800 2936 1826 2961 »
1852 2935 1952 2984 que
1978 2916 2228 2971 humeros
2260 2920 2431 2972 cervix
2460 2920 2679 2991 collapsa
2711 2943 2810 2975 re-

1797 3014 1823 3038 »
1849 2994 2047 3046 cumbit
2074 3036 2087 3055 ,
2129 2997 2441 3065 Purpureus
2460 2999 2617 3051 veluti
2640 3019 2805 3068 quum

1796 3090 1822 3114 »
1849 3068 1944 3122 flos
1963 3111 1977 3137 ,
2011 3074 2233 3127 succisus
2260 3087 2461 3140 aratro,
2497 3075 2809 3145 Languescit

1795 3168 1821 3192 »
1848 3149 2080 3202 moriens
2098 3189 2112 3215 ,
2152 3151 2343 3205 lassove
2384 3170 2636 3221 papavera
2671 3151 2806 3203 collo

1796 3246 1822 3269 υ
1848 3224 2122 3281 Demisere
2137 3241 2310 3299 caput,
2328 3229 2495 3299 pluvia
2510 3248 2676 3298 quum
2693 3229 2808 3282 sor—

1796 3326 1821 3349 »
1849 3315 1898 3358 te
1915 3316 2210 3375 gravantur.
2231 3313 2523 3376 u—Ve‘rgis.
2544 3307 2804 3377 Quidam,

1795 3394 1851 3435 ut
1866 3384 2203 3439 Florentinus
2218 3387 2271 3439 S.
2289 3388 2457 3440 Marci
2474 3391 2628 3455 lignis
2639 3404 2657 3453 ,·
2669 3387 2809 3440 Gro-

1792 3462 2047 3517 novianus
2069 3475 2122 3517 et
2145 3484 2282 3518 unus
2299 3465 2573 3519 Mediceus
2592 3472 2798 3527 truncis,

1794 3542 1934 3612 quod
1955 3544 2230 3598 Gronovio
2252 3546 2544 3610 arridebat;
2570 3546 2716 3615 pauci
2731 3552 2808 3598 si·-

1787 3627 1918 3689 gm's.
1938 3621 2188 3675 Heinsius
2201 3624 2412 3691 conjicit
2438 3625 2605 3693 Virge's
2622 3627 2810 3676 beren-

1792 3706 1869 3752 te'a
1886 3702 2049 3766 10:151}
2066 3740 2077 3760 ,
2100 3711 2152 3752 et
2167 3712 2350 3753 monet
2366 3701 2468 3753 lilia
2484 3700 2673 3755 virides
2690 3700 2810 3770 qui-

1793 3778 1914 3832 dem
1935 3779 2122 3832 habere
2145 3786 2332 3847 vit-gas,
2354 3780 2404 3832 id
2429 3790 2534 3847 est,
2555 3780 2807 3845 calamos,

1791 3855 1881 3909 sed
1929 3857 2169 3910 infractas
2222 3856 2552 3926 languescere
2586 3897 2600 3924 ,
2654 3866 2808 3925 atque

1794 3935 1951 3987 etiam
1978 3933 2205 3987 Statium
2225 3975 2240 4001 ,
2276 3936 2357 3988 111
2381 3975 2396 4001 ,
2432 3935 2557 3988 Silv.
2590 3936 2680 3989 128
2700 3974 2713 4001 ,
2750 3934 2808 3986 iis

1784 4014 2034 4078 pallentes
2046 4015 2236 4063 culmos
2252 4012 2486 4064 tribuisse
2502 4033 2514 4074 ς
2533 4022 2645 4064 tum
2658 4030 2811 4080 appo·

1793 4088 1873 4140 nit
1899 4087 2069 4140 locum
2090 4088 2273 4148 Plinii,
2305 4088 2436 4140 XXI
2454 4128 2467 4153 ,
2489 4091 2517 4141 5
2535 4126 2549 4153 ,
2576 4087 2640 4139 de
2664 4087 2808 4139 liliis:

1795 4189 1819 4212 «
1850 4168 1961 4221 Nec
1984 4167 2073 4220 ulli
2098 4166 2292 4219 ssorum
2320 4167 2580 4219 excelsitas
2604 4167 2800 4232 major,

1794 4266 1821 4292 »
1847 4243 2114 4298 interdum
2143 4245 2437 4297 cubitorum
2466 4246 2625 4298 trium
2646 4283 2661 4307 ,
2692 4242 2806 4294 lan-

1797 4345 1822 4369 »
1849 4322 2007 4393 guido
2029 4341 2239 4393 semper
2260 4323 2392 4378 collo
2408 4363 2423 4393 ,
2452 4333 2505 4378 et
2528 4340 2635 4375 non
2659 4317 2804 4371 suffi-
