3185 5138
935 787 1337 875 INDEX
1398 787 1851 875 RERUM

1319 1020 1478 1072 Qua:

841 1194 935 1251 IN
985 1193 1610 1266 UNOQUOQUE
1666 1195 1953 1254 LIBRO

302 1375 1849 1516 METAMORPHOSEON
1935 1408 2442 1517 ovlml

1076 1684 1713 1742 CONTINENTUR·

679 2389 933 2443 LIBER
973 2391 1013 2445 Ι.
1780 2394 2023 2450 LIBER
2063 2398 2141 2452 11„

332 2491 450 2576 Cn
464 2533 498 2573 Α
512 2532 586 2575 os
611 2521 666 2575 in
686 2533 901 2593 quatuor
926 2523 1188 2578 elementa.
1448 2521 1624 2597 Regiae
1646 2523 1764 2580 solis
1788 2525 2069 2601 descriptio.

333 2599 539 2654 Caelum
573 2610 622 2652 et
652 2612 833 2654 terram
857 2600 1081 2672 quinque
1111 2600 1356 2675 distingui
1452 2602 1683 2671 Quatuor
1706 2604 1826 2656 anni
1856 2619 2034 2679 partes.

399 2675 559 2736 zonis.
1452 2677 1587 2732 Solis
1611 2699 1782 2743 currus
1807 2682 2088 2756 descriptio,

333 2755 574 2824 Quatuor
594 2767 860 2809 ventorum
881 2757 1126 2830 regiones.
1450 2757 1719 2828 Equorum
1742 2758 1879 2813 Solis
1906 2761 2131 2815 nomina.

334 2831 580 2885 Hominis
605 2833 767 2905 origo.
874 2850 877 2855 ·
1446 2834 1623 2889 Terra
1643 2837 1956 2890 incendium.
2045 2880 2054 2888 ,

334 2912 575 2981 Quatuor
597 2925 796 2965 oetatum
819 2913 1098 2987 descriptio.
1452 2913 1668 2967 Telluris
1694 2916 1925 2986 querele.

337 2990 622 3061 Gigantum
652 2992 857 3062 sanguis
886 2992 943 3044 in
972 2992 1203 3047 homines
1237 3012 1358 3047 cru·-
1452 2992 1783 3045 Phaethontis
1813 3014 1968 3049 casus.

409 3067 556 3121 deles.
1452 3068 1689 3135 Heliades
1712 3070 1768 3123 in
1793 3072 2017 3145 populos.

337 3151 549 3223 Lycaon
575 3148 631 3202 in
655 3149 845 3225 lupum.
1454 3150 1662 3222 Cycnus
1684 3171 1769 3203 rex
1795 3153 2039 3224 Ligurum
2069 3155 2125 3208 in
2151 3156 2355 3213 olorem.

342 3227 512 3278 Lactci
535 3229 708 3280 circuli
731 3229 1009 3305 descriptio.
1457 3227 1666 3282 Callisto
1687 3230 1936 3302 Lycaonis
1958 3230 2067 3284 filia
2094 3234 2149 3284 in
2177 3255 2356 3290 ursam.

343 3306 375 3356 J
381 3303 491 3355 ovis
510 3305 686 3356 oratio.
1458 3310 1614 3363 Arcas
1639 3329 1756 3386 cum
1778 3310 1986 3363 Callisto
2016 3324 2171 3365 matre
2194 3314 2249 3366 in
2268 3316 2448 3371 sidera.

344 3380 547 3433 Diluvii
574 3381 847 3455 descriptio.
1460 3386 1653 3440 Corvus
1675 3408 1735 3439 ex
1760 3388 1977 3440 candido
2001 3389 2162 3461 niger.

347 3457 559 3530 Lapides
586 3458 640 3510 in
667 3459 914 3513 homines.
1465 3465 1681 3519 Coronis
1704 3466 1759 3517 in
1782 3466 2050 3518 cornicem.

345 3537 503 3589 Terra
525 3536 581 3588 in
606 3537 766 3589 varias
793 3538 1090 3591 animalium
1114 3537 1314 3611 figuras.
1460 3542 1819 3596 Erichthonius
1849 3543 1955 3595 sine
1985 3557 2140 3597 matre
2162 3557 2323 3604 natus.

347 3612 598 3687 Pythonis
620 3615 860 3687 serpentis
887 3615 1061 3670 caedes.
1461 3624 1764 3694 Nyctimene
1790 3623 1842 3675 in
1868 3636 2118 3679 noctuam.

350 3689 537 3761 Pythia
558 3691 683 3743 ludi.
1465 3700 1665 3771 Ocyroe
1690 3697 1929 3753 Chironis
1954 3699 2064 3754 filia
2084 3704 2140 3755 in
2164 3724 2358 3776 equam.

352 3767 620 3841 Cupidinis
645 3769 936 3842 sagittarum
960 3770 1236 3846 descriptio.
1465 3776 1649 3849 Apollo
1676 3776 1731 3829 in
1762 3790 2026 3851 pastorem.

352 3850 569 3923 Daphne
594 3849 648 3902 in
674 3849 889 3903 laurum.
1464 3857 1641 3910 Battus
1661 3857 1716 3910 in
1740 3857 1957 3930 lapidem
1982 3859 2219 3914 indicem.

324 3970 335 3979 s
351 3928 540 4001 Tempe
571 3928 848 4002 descriptio.
1467 3931 1716 4005 Aglauros
1738 3932 1971 4007 Cecropis
1992 3933 2102 3988 filia
2123 3936 2179 3989 in
2200 3940 2388 3995 saxum.

354 4004 411 4058 Io
436 4006 493 4058 in
519 4025 740 4059 vaccam.
1465 4012 1684 4066 Invidiae
1709 4014 1887 4067 domus
1917 4014 2198 4089 descriptio.

352 4081 486 4153 Argi
511 4083 646 4136 oculi
673 4084 727 4135 in
753 4080 965 4136 caudam
994 4083 1216 4156 pavonis·
1468 4090 1682 4144 Invidiae
1708 4090 1908 4147 effictio.

360 4159 548 4230 Syr-int
574 4159 798 4236 nympha
822 4161 878 4213 in
904 4161 1167 4215 calamum.
1350 4156 1373 4171 ”
1470 4168 1668 4242 Jupiter
1693 4169 1748 4222 in
1773 4183 1992 4225 taurum.

352 4234 414 4289 10
443 4256 592 4290 vacca
617 4239 673 4289 in
699 4240 973 4291 humanam
1001 4240 1233 4293 formam.
1471 4246 1676 4320 Europa
1705 4267 1764 4300 ex
1791 4249 2062 4306 Phoenicia
2095 4250 2153 4308 iu
2185 4252 2384 4312 Cretam
2407 4278 2496 4334 per

359 4317 686 4375 Phaethontis
708 4318 1002 4394 Epaphique
1027 4318 1294 4381 contentio,
1538 4325 1722 4379 Jovem
1752 4339 1937 4381 avecta.
