<?xml version="1.0" encoding="UTF-8"?>
<!DOCTYPE html PUBLIC "-//W3C//DTD XHTML 1.0 Transitional//EN"
    "http://www.w3.org/TR/xhtml1/DTD/xhtml1-transitional.dtd">
<html xmlns="http://www.w3.org/1999/xhtml" xml:lang="en" lang="en">
 <head>
  <title>
</title>
<meta http-equiv="Content-Type" content="text/html;charset=utf-8" />
  <meta name='ocr-system' content='tesseract 3.04.00' />
  <meta name='ocr-capabilities' content='ocr_page ocr_carea ocr_par ocr_line ocrx_word'/>
</head>
<body>
  <div class='ocr_page' id='page_1' title='image "./publiusovidiusn02giergoog/publiusovidiusn02giergoog_0338.png"; bbox 0 0 3185 5138; ppageno 0'>
   <div class='ocr_carea' id='block_1_1' title="bbox 629 532 766 598">
    <p class='ocr_par' dir='ltr' id='par_1_1' title="bbox 629 532 766 598">
     <span class='ocr_line' id='line_1_1' title="bbox 629 532 766 598; baseline -0.015 0"><span class='ocrx_word' id='word_1_1' title='bbox 629 532 766 598; x_wconf 84' lang='lat'><strong>326</strong></span> 
     </span>
    </p>
   </div>
   <div class='ocr_carea' id='block_1_2' title="bbox 1170 528 2179 598">
    <p class='ocr_par' dir='ltr' id='par_1_2' title="bbox 1170 528 2179 598">
     <span class='ocr_line' id='line_1_2' title="bbox 1170 528 2179 598; baseline -0.002 -1"><span class='ocrx_word' id='word_1_2' title='bbox 1170 532 1250 597; x_wconf 89' lang='lat' dir='ltr'><strong>P.</strong></span> <span class='ocrx_word' id='word_1_3' title='bbox 1319 530 1672 598; x_wconf 87' lang='lat' dir='ltr'>OVIDII</span> <span class='ocrx_word' id='word_1_4' title='bbox 1733 528 2179 596; x_wconf 86' lang='lat' dir='ltr'><strong>NASONIS</strong></span> 
     </span>
    </p>
   </div>
   <div class='ocr_carea' id='block_1_3' title="bbox 632 670 2435 771">
    <p class='ocr_par' dir='ltr' id='par_1_3' title="bbox 632 670 2435 771">
     <span class='ocr_line' id='line_1_3' title="bbox 632 670 2435 771; baseline -0.001 -27"><span class='ocrx_word' id='word_1_5' title='bbox 632 672 880 746; x_wconf 85' lang='lat' dir='ltr'><strong>Stravit</strong></span> <span class='ocrx_word' id='word_1_6' title='bbox 911 672 1097 745; x_wconf 87' lang='lat' dir='ltr'><strong>humi</strong></span> <span class='ocrx_word' id='word_1_7' title='bbox 1124 671 1384 745; x_wconf 87' lang='lat' dir='ltr'><strong>Belates</strong></span> <span class='ocrx_word' id='word_1_8' title='bbox 1406 727 1426 757; x_wconf 92' lang='lat'>‚</span> <span class='ocrx_word' id='word_1_9' title='bbox 1459 670 1732 771; x_wconf 87' lang='lat' dir='ltr'><strong>disjecto</strong></span> <span class='ocrx_word' id='word_1_10' title='bbox 1762 670 1833 744; x_wconf 86' lang='lat' dir='ltr'><strong>in</strong></span> <span class='ocrx_word' id='word_1_11' title='bbox 1867 685 2137 770; x_wconf 79' lang='lat' dir='ltr'>pectora</span> <span class='ocrx_word' id='word_1_12' title='bbox 2170 688 2435 756; x_wconf 88' lang='lat' dir='ltr'><strong>mento;</strong></span> 
     </span>
    </p>
   </div>
   <div class='ocr_carea' id='block_1_4' title="bbox 2659 692 2758 743">
    <p class='ocr_par' dir='ltr' id='par_1_4' title="bbox 2659 692 2758 743">
     <span class='ocr_line' id='line_1_4' title="bbox 2659 692 2758 743; baseline 0 0"><span class='ocrx_word' id='word_1_13' title='bbox 2659 692 2758 743; x_wconf 74' lang='lat'><strong>255</strong></span> 
     </span>
    </p>
   </div>
   <div class='ocr_carea' id='block_1_5' title="bbox 629 783 2488 1221">
    <p class='ocr_par' dir='ltr' id='par_1_5' title="bbox 629 783 2488 1221">
     <span class='ocr_line' id='line_1_5' title="bbox 633 783 2442 887; baseline 0.001 -27"><span class='ocrx_word' id='word_1_14' title='bbox 633 786 935 886; x_wconf 84' lang='lat' dir='ltr'>Cumque</span> <span class='ocrx_word' id='word_1_15' title='bbox 968 805 1112 860; x_wconf 91' lang='lat' dir='ltr'><strong>atro</strong></span> <span class='ocrx_word' id='word_1_16' title='bbox 1147 787 1383 861; x_wconf 87' lang='lat' dir='ltr'><strong>mistos</strong></span> <span class='ocrx_word' id='word_1_17' title='bbox 1414 802 1791 887; x_wconf 80' lang='lat' dir='ltr'><strong>sputantem</strong></span> <span class='ocrx_word' id='word_1_18' title='bbox 1824 783 2144 878; x_wconf 84' lang='lat' dir='ltr'><strong>sanguine</strong></span> <span class='ocrx_word' id='word_1_19' title='bbox 2178 783 2442 871; x_wconf 75' lang='lat' dir='ltr'><strong>dentes,</strong></span> 
     </span>
     <span class='ocr_line' id='line_1_6' title="bbox 629 899 2313 999; baseline 0.001 -26"><span class='ocrx_word' id='word_1_20' title='bbox 629 901 916 981; x_wconf 81' lang='lat' dir='ltr'>Vulnere</span> <span class='ocrx_word' id='word_1_21' title='bbox 951 922 1260 978; x_wconf 87' lang='lat' dir='ltr'><strong>tartareas</strong></span> <span class='ocrx_word' id='word_1_22' title='bbox 1295 903 1630 999; x_wconf 80' lang='lat' dir='ltr'><strong>geminato</strong></span> <span class='ocrx_word' id='word_1_23' title='bbox 1662 900 1870 974; x_wconf 90' lang='lat' dir='ltr'><strong>mittit</strong></span> <span class='ocrx_word' id='word_1_24' title='bbox 1904 899 1987 972; x_wconf 84' lang='lat' dir='ltr'><strong>ad</strong></span> <span class='ocrx_word' id='word_1_25' title='bbox 2023 900 2313 974; x_wconf 87' lang='lat' dir='ltr'><strong>umbras.</strong></span> 
     </span>
     <span class='ocr_line' id='line_1_7' title="bbox 629 1013 2255 1117; baseline -0.003 -25"><span class='ocrx_word' id='word_1_26' title='bbox 629 1018 981 1092; x_wconf 80' lang='lat' dir='ltr'><strong>Proximus</strong></span> <span class='ocrx_word' id='word_1_27' title='bbox 1016 1036 1091 1091; x_wconf 92' lang='lat' dir='ltr'><strong>ut</strong></span> <span class='ocrx_word' id='word_1_28' title='bbox 1127 1034 1429 1104; x_wconf 87' lang='lat' dir='ltr'><strong>steterat,</strong></span> <span class='ocrx_word' id='word_1_29' title='bbox 1470 1033 1774 1117; x_wconf 85' lang='lat' dir='ltr'><strong>spectans</strong></span> <span class='ocrx_word' id='word_1_30' title='bbox 1810 1014 2037 1089; x_wconf 84' lang='lat' dir='ltr'><strong>altaria</strong></span> <span class='ocrx_word' id='word_1_31' title='bbox 2066 1013 2255 1088; x_wconf 81' lang='lat' dir='ltr'><strong>vultu</strong></span> 
     </span>
     <span class='ocr_line' id='line_1_8' title="bbox 630 1118 2488 1221; baseline 0 -13"><span class='ocrx_word' id='word_1_32' title='bbox 630 1118 908 1208; x_wconf 79' lang='lat' dir='ltr'><strong>Fumida</strong></span> <span class='ocrx_word' id='word_1_33' title='bbox 943 1133 1221 1208; x_wconf 81' lang='lat' dir='ltr'>terribili</span> <span class='ocrx_word' id='word_1_34' title='bbox 1253 1164 1268 1207; x_wconf 73' lang='grc' dir='ltr'>ε</span> <span class='ocrx_word' id='word_1_35' title='bbox 1308 1168 1343 1198; x_wconf 75' lang='grc' dir='ltr'><strong>κ</strong></span> <span class='ocrx_word' id='word_1_36' title='bbox 1378 1134 1516 1207; x_wconf 89' lang='lat' dir='ltr'><strong>Cur</strong></span> <span class='ocrx_word' id='word_1_37' title='bbox 1550 1161 1685 1206; x_wconf 90' lang='lat' dir='ltr'><strong>non</strong></span> <span class='ocrx_word' id='word_1_38' title='bbox 1709 1190 1727 1219; x_wconf 85' lang='lat'>‚</span> <span class='ocrx_word' id='word_1_39' title='bbox 1765 1132 1899 1221; x_wconf 83' lang='lat' dir='ltr'><strong>ait,</strong></span> <span class='ocrx_word' id='word_1_40' title='bbox 1937 1133 2188 1205; x_wconf 91' lang='lat' dir='ltr'><strong>utimur</strong></span> <span class='ocrx_word' id='word_1_41' title='bbox 2215 1133 2413 1208; x_wconf 84' lang='lat' dir='ltr'><strong>istis?</strong></span> <span class='ocrx_word' id='word_1_42' title='bbox 2452 1169 2488 1199; x_wconf 84' lang='lat'>»</span> 
     </span>
    </p>
   </div>
   <div class='ocr_carea' id='block_1_6' title="bbox 635 1245 2345 1350">
    <p class='ocr_par' dir='ltr' id='par_1_6' title="bbox 635 1245 2345 1350">
     <span class='ocr_line' id='line_1_9' title="bbox 635 1245 2345 1350; baseline -0.002 -25"><span class='ocrx_word' id='word_1_43' title='bbox 635 1252 938 1350; x_wconf 85' lang='lat' dir='ltr'><strong>Cumque</strong></span> <span class='ocrx_word' id='word_1_44' title='bbox 976 1250 1112 1325; x_wconf 88' lang='lat' dir='ltr'><strong>suis</strong></span> <span class='ocrx_word' id='word_1_45' title='bbox 1152 1250 1454 1350; x_wconf 81' lang='lat' dir='ltr'><strong>Gryneus</strong></span> <span class='ocrx_word' id='word_1_46' title='bbox 1490 1249 1837 1322; x_wconf 85' lang='lat' dir='ltr'><strong>immanem</strong></span> <span class='ocrx_word' id='word_1_47' title='bbox 1871 1245 2143 1321; x_wconf 85' lang='lat' dir='ltr'><strong>sustulit</strong></span> <span class='ocrx_word' id='word_1_48' title='bbox 2167 1275 2345 1322; x_wconf 84' lang='lat' dir='ltr'><strong>aram</strong></span> 
     </span>
    </p>
   </div>
   <div class='ocr_carea' id='block_1_7' title="bbox 631 1361 2426 1810">
    <p class='ocr_par' dir='ltr' id='par_1_7' title="bbox 631 1361 2426 1810">
     <span class='ocr_line' id='line_1_10' title="bbox 631 1361 2426 1462; baseline -0.001 -23"><span class='ocrx_word' id='word_1_49' title='bbox 631 1364 913 1461; x_wconf 84' lang='lat' dir='ltr'><strong>Ignibus</strong></span> <span class='ocrx_word' id='word_1_50' title='bbox 933 1420 953 1450; x_wconf 94' lang='lat'>‚</span> <span class='ocrx_word' id='word_1_51' title='bbox 988 1382 1054 1438; x_wconf 90' lang='lat' dir='ltr'><strong>et</strong></span> <span class='ocrx_word' id='word_1_52' title='bbox 1086 1363 1375 1438; x_wconf 90' lang='lat' dir='ltr'><strong>medium</strong></span> <span class='ocrx_word' id='word_1_53' title='bbox 1409 1361 1839 1462; x_wconf 84' lang='lat' dir='ltr'><strong>Lapitharum</strong></span> <span class='ocrx_word' id='word_1_54' title='bbox 1865 1362 2024 1462; x_wconf 90' lang='lat' dir='ltr'><strong>jecit</strong></span> <span class='ocrx_word' id='word_1_55' title='bbox 2058 1362 2125 1434; x_wconf 90' lang='lat' dir='ltr'><strong>in</strong></span> <span class='ocrx_word' id='word_1_56' title='bbox 2158 1391 2426 1460; x_wconf 84' lang='lat' dir='ltr'><strong>agmen,</strong></span> 
     </span>
     <span class='ocr_line' id='line_1_11' title="bbox 633 1476 2231 1578; baseline -0.001 -26"><span class='ocrx_word' id='word_1_57' title='bbox 633 1478 1106 1578; x_wconf 85' lang='lat' dir='ltr'><strong>Depressitque</strong></span> <span class='ocrx_word' id='word_1_58' title='bbox 1144 1476 1309 1550; x_wconf 88' lang='lat' dir='ltr'><strong>duos</strong></span> <span class='ocrx_word' id='word_1_59' title='bbox 1342 1479 1631 1551; x_wconf 81' lang='lat' dir='ltr'><strong>Brotean</strong></span> <span class='ocrx_word' id='word_1_60' title='bbox 1665 1496 1734 1551; x_wconf 90' lang='lat' dir='ltr'><strong>et</strong></span> <span class='ocrx_word' id='word_1_61' title='bbox 1770 1478 1988 1552; x_wconf 90' lang='lat' dir='ltr'><strong>Orion</strong></span> <span class='ocrx_word' id='word_1_62' title='bbox 2018 1508 2035 1551; x_wconf 75' lang='grc' dir='ltr'><strong><em>ε</em></strong></span> <span class='ocrx_word' id='word_1_63' title='bbox 2063 1479 2231 1554; x_wconf 88' lang='lat' dir='ltr'><strong>Orio</strong></span> 
     </span>
     <span class='ocr_line' id='line_1_12' title="bbox 631 1591 2300 1694; baseline 0 -28"><span class='ocrx_word' id='word_1_64' title='bbox 631 1594 851 1667; x_wconf 86' lang='lat' dir='ltr'><strong>Mater</strong></span> <span class='ocrx_word' id='word_1_65' title='bbox 885 1611 1022 1676; x_wconf 82' lang='lat' dir='ltr'><strong>erat</strong></span> <span class='ocrx_word' id='word_1_66' title='bbox 1056 1591 1351 1693; x_wconf 83' lang='lat' dir='ltr'><strong>Mycale,</strong></span> <span class='ocrx_word' id='word_1_67' title='bbox 1393 1621 1588 1694; x_wconf 90' lang='lat' dir='ltr'><strong>quam</strong></span> <span class='ocrx_word' id='word_1_68' title='bbox 1623 1592 1969 1667; x_wconf 82' lang='lat' dir='ltr'><strong>deduxisse</strong></span> <span class='ocrx_word' id='word_1_69' title='bbox 2005 1593 2300 1667; x_wconf 88' lang='lat' dir='ltr'><strong>canendo</strong></span> 
     </span>
     <span class='ocr_line' id='line_1_13' title="bbox 638 1707 2074 1810; baseline 0 -28"><span class='ocrx_word' id='word_1_70' title='bbox 638 1709 821 1810; x_wconf 87' lang='lat' dir='ltr'><strong>Saepe</strong></span> <span class='ocrx_word' id='word_1_71' title='bbox 852 1709 1199 1783; x_wconf 85' lang='lat' dir='ltr'><strong>reluctanti</strong></span> <span class='ocrx_word' id='word_1_72' title='bbox 1228 1710 1568 1784; x_wconf 88' lang='lat' dir='ltr'><strong>constabat</strong></span> <span class='ocrx_word' id='word_1_73' title='bbox 1603 1738 1850 1783; x_wconf 89' lang='lat' dir='ltr'><strong>cornua</strong></span> <span class='ocrx_word' id='word_1_74' title='bbox 1880 1707 2074 1783; x_wconf 81' lang='lat' dir='ltr'><strong>lunae.</strong></span> 
     </span>
    </p>
   </div>
   <div class='ocr_carea' id='block_1_8' title="bbox 644 1825 2376 1927">
    <p class='ocr_par' dir='ltr' id='par_1_8' title="bbox 644 1825 2376 1927">
     <span class='ocr_line' id='line_1_14' title="bbox 644 1825 2376 1927; baseline -0.002 -26"><span class='ocrx_word' id='word_1_75' title='bbox 644 1862 681 1894; x_wconf 77' lang='grc' dir='ltr'>α</span> <span class='ocrx_word' id='word_1_76' title='bbox 721 1830 876 1901; x_wconf 88' lang='lat' dir='ltr'><strong>Non</strong></span> <span class='ocrx_word' id='word_1_77' title='bbox 912 1828 1179 1927; x_wconf 86' lang='lat' dir='ltr'><strong>impune</strong></span> <span class='ocrx_word' id='word_1_78' title='bbox 1214 1827 1417 1913; x_wconf 62' lang='grc' dir='ltr'><strong>ἶπες,</strong></span> <span class='ocrx_word' id='word_1_79' title='bbox 1458 1825 1571 1900; x_wconf 90' lang='lat' dir='ltr'><strong>teli</strong></span> <span class='ocrx_word' id='word_1_80' title='bbox 1608 1825 1808 1901; x_wconf 88' lang='lat' dir='ltr'><strong>modo</strong></span> <span class='ocrx_word' id='word_1_81' title='bbox 1847 1826 2041 1927; x_wconf 89' lang='lat' dir='ltr'><strong>copia</strong></span> <span class='ocrx_word' id='word_1_82' title='bbox 2076 1825 2303 1913; x_wconf 88' lang='lat' dir='ltr'><strong>detur,</strong></span> <span class='ocrx_word' id='word_1_83' title='bbox 2339 1857 2376 1891; x_wconf 71' lang='lat' dir='ltr'>n</span> 
     </span>
    </p>
   </div>
   <div class='ocr_carea' id='block_1_9' title="bbox 615 2023 1663 4359">
    <p class='ocr_par' dir='ltr' id='par_1_9' title="bbox 615 2023 1663 4359">
     <span class='ocr_line' id='line_1_15' title="bbox 636 2023 1651 2087; baseline -0.003 -7"><span class='ocrx_word' id='word_1_84' title='bbox 636 2026 704 2080; x_wconf 85' lang='lat' dir='ltr'><strong>sit</strong></span> <span class='ocrx_word' id='word_1_85' title='bbox 728 2024 928 2077; x_wconf 88' lang='lat' dir='ltr'><strong>dubitat</strong></span> <span class='ocrx_word' id='word_1_86' title='bbox 959 2023 1287 2087; x_wconf 75' lang='lat' dir='ltr'><strong>Glareanus3</strong></span> <span class='ocrx_word' id='word_1_87' title='bbox 1319 2023 1431 2077; x_wconf 90' lang='lat' dir='ltr'><strong>sine</strong></span> <span class='ocrx_word' id='word_1_88' title='bbox 1465 2043 1651 2077; x_wconf 88' lang='lat' dir='ltr'><strong>causa:</strong></span> 
     </span>
     <span class='ocr_line' id='line_1_16' title="bbox 637 2104 1653 2176; baseline -0.003 -18"><span class='ocrx_word' id='word_1_89' title='bbox 637 2109 791 2166; x_wconf 78' lang='lat' dir='ltr'><strong>hunc,</strong></span> <span class='ocrx_word' id='word_1_90' title='bbox 823 2107 1101 2176; x_wconf 83' lang='lat' dir='ltr'><strong>Amycum.</strong></span> <span class='ocrx_word' id='word_1_91' title='bbox 1118 2131 1184 2144; x_wconf 88' lang='lat'>—</span> <span class='ocrx_word' id='word_1_92' title='bbox 1197 2107 1407 2157; x_wconf 72' lang='lat' dir='ltr'><strong>Pellem</strong></span> <span class='ocrx_word' id='word_1_93' title='bbox 1431 2104 1653 2156; x_wconf 82' lang='lat' dir='ltr'><strong>Belates.</strong></span> 
     </span>
     <span class='ocr_line' id='line_1_17' title="bbox 640 2181 1650 2246; baseline -0.005 -8"><span class='ocrx_word' id='word_1_94' title='bbox 640 2184 784 2239; x_wconf 81' lang='lat' dir='ltr'><strong>Pena</strong></span> <span class='ocrx_word' id='word_1_95' title='bbox 799 2203 996 2237; x_wconf 86' lang='lat' dir='ltr'><strong>nomen</strong></span> <span class='ocrx_word' id='word_1_96' title='bbox 1016 2193 1093 2237; x_wconf 85' lang='lat' dir='ltr'><strong>est</strong></span> <span class='ocrx_word' id='word_1_97' title='bbox 1110 2181 1395 2235; x_wconf 77' lang='lat' dir='ltr'><strong>multarum</strong></span> <span class='ocrx_word' id='word_1_98' title='bbox 1411 2181 1619 2235; x_wconf 88' lang='lat' dir='ltr'><strong>urbium</strong></span> <span class='ocrx_word' id='word_1_99' title='bbox 1636 2203 1650 2246; x_wconf 85' lang='lat'><strong>;</strong></span> 
     </span>
     <span class='ocr_line' id='line_1_18' title="bbox 640 2259 1654 2326; baseline -0.004 -10"><span class='ocrx_word' id='word_1_100' title='bbox 640 2281 762 2317; x_wconf 86' lang='lat' dir='ltr'><strong>nam</strong></span> <span class='ocrx_word' id='word_1_101' title='bbox 794 2273 848 2315; x_wconf 87' lang='lat' dir='ltr'><strong>et</strong></span> <span class='ocrx_word' id='word_1_102' title='bbox 871 2264 925 2315; x_wconf 85' lang='lat' dir='ltr'><strong>in</strong></span> <span class='ocrx_word' id='word_1_103' title='bbox 951 2261 1263 2314; x_wconf 86' lang='lat' dir='ltr'><strong>Macedonia</strong></span> <span class='ocrx_word' id='word_1_104' title='bbox 1280 2299 1295 2326; x_wconf 84' lang='lat'>,</span> <span class='ocrx_word' id='word_1_105' title='bbox 1321 2270 1373 2313; x_wconf 78' lang='lat' dir='ltr'><strong>et</strong></span> <span class='ocrx_word' id='word_1_106' title='bbox 1398 2261 1451 2312; x_wconf 87' lang='lat' dir='ltr'><strong>in</strong></span> <span class='ocrx_word' id='word_1_107' title='bbox 1471 2259 1654 2312; x_wconf 83' lang='lat' dir='ltr'><strong>Thes-</strong></span> 
     </span>
     <span class='ocr_line' id='line_1_19' title="bbox 641 2338 1656 2410; baseline -0.004 -16"><span class='ocrx_word' id='word_1_108' title='bbox 641 2341 792 2405; x_wconf 84' lang='lat' dir='ltr'><strong>salia,</strong></span> <span class='ocrx_word' id='word_1_109' title='bbox 828 2342 955 2394; x_wconf 89' lang='lat' dir='ltr'><strong>etin</strong></span> <span class='ocrx_word' id='word_1_110' title='bbox 984 2339 1210 2405; x_wconf 77' lang='lat' dir='ltr'><strong>Achaia,</strong></span> <span class='ocrx_word' id='word_1_111' title='bbox 1240 2340 1369 2391; x_wconf 84' lang='lat' dir='ltr'><strong>etin</strong></span> <span class='ocrx_word' id='word_1_112' title='bbox 1399 2338 1549 2410; x_wconf 78' lang='lat' dir='ltr'><strong>Syria</strong></span> <span class='ocrx_word' id='word_1_113' title='bbox 1576 2347 1656 2391; x_wconf 86' lang='lat' dir='ltr'><strong>est</strong></span> 
     </span>
     <span class='ocr_line' id='line_1_20' title="bbox 645 2417 1654 2483; baseline -0.003 -11"><span class='ocrx_word' id='word_1_114' title='bbox 645 2419 815 2483; x_wconf 79' lang='lat' dir='ltr'><strong>Pena,</strong></span> <span class='ocrx_word' id='word_1_115' title='bbox 846 2417 987 2471; x_wconf 90' lang='lat' dir='ltr'><strong>unde</strong></span> <span class='ocrx_word' id='word_1_116' title='bbox 1016 2421 1230 2471; x_wconf 80' lang='lat' dir='ltr'><strong>Pellaeus</strong></span> <span class='ocrx_word' id='word_1_117' title='bbox 1253 2417 1533 2471; x_wconf 75' lang='lat' dir='ltr'><strong>derivatur.</strong></span> <span class='ocrx_word' id='word_1_118' title='bbox 1554 2418 1654 2469; x_wconf 81' lang='lat' dir='ltr'><strong>Ed.</strong></span> 
     </span>
     <span class='ocr_line' id='line_1_21' title="bbox 615 2489 1656 2565; baseline -0.003 -17"><span class='ocrx_word' id='word_1_119' title='bbox 615 2489 626 2501; x_wconf 68' lang='lat'>⁸</span> <span class='ocrx_word' id='word_1_120' title='bbox 644 2496 941 2564; x_wconf 82' lang='lat' dir='ltr'><strong>—Disjecto</strong></span> <span class='ocrx_word' id='word_1_121' title='bbox 961 2495 1074 2565; x_wconf 84' lang='lat' dir='ltr'><strong>plus</strong></span> <span class='ocrx_word' id='word_1_122' title='bbox 1098 2505 1175 2548; x_wconf 86' lang='lat' dir='ltr'><strong>est</strong></span> <span class='ocrx_word' id='word_1_123' title='bbox 1198 2514 1356 2563; x_wconf 86' lang='lat' dir='ltr'><strong>quam</strong></span> <span class='ocrx_word' id='word_1_124' title='bbox 1385 2493 1656 2563; x_wconf 81' lang='lat' dir='ltr'><strong>vulgatum</strong></span> 
     </span>
     <span class='ocr_line' id='line_1_22' title="bbox 642 2573 1657 2644; baseline -0.002 -17"><span class='ocrx_word' id='word_1_125' title='bbox 642 2577 868 2643; x_wconf 74' lang='lat' dir='ltr'><strong>dejecto,</strong></span> <span class='ocrx_word' id='word_1_126' title='bbox 903 2574 1044 2644; x_wconf 87' lang='lat' dir='ltr'><strong>quod</strong></span> <span class='ocrx_word' id='word_1_127' title='bbox 1077 2576 1336 2628; x_wconf 79' lang='lat' dir='ltr'><strong>revocavit</strong></span> <span class='ocrx_word' id='word_1_128' title='bbox 1368 2573 1657 2627; x_wconf 77' lang='lat' dir='ltr'><strong>Mitscheri.</strong></span> 
     </span>
     <span class='ocr_line' id='line_1_23' title="bbox 645 2650 1655 2722; baseline -0.005 -15"><span class='ocrx_word' id='word_1_129' title='bbox 645 2663 697 2707; x_wconf 86' lang='lat' dir='ltr'><strong>et</strong></span> <span class='ocrx_word' id='word_1_130' title='bbox 723 2650 862 2721; x_wconf 89' lang='lat' dir='ltr'><strong>quod</strong></span> <span class='ocrx_word' id='word_1_131' title='bbox 888 2651 1083 2705; x_wconf 82' lang='lat' dir='ltr'><strong>habent</strong></span> <span class='ocrx_word' id='word_1_132' title='bbox 1120 2652 1267 2722; x_wconf 79' lang='lat' dir='ltr'><strong>Regii</strong></span> <span class='ocrx_word' id='word_1_133' title='bbox 1291 2652 1490 2715; x_wconf 80' lang='lat' dir='ltr'><strong>nostri;</strong></span> <span class='ocrx_word' id='word_1_134' title='bbox 1525 2650 1655 2703; x_wconf 73' lang='lat' dir='ltr'><strong>iliud</strong></span> 
     </span>
     <span class='ocr_line' id='line_1_24' title="bbox 646 2729 1659 2794; baseline -0.003 -11"><span class='ocrx_word' id='word_1_135' title='bbox 646 2731 790 2784; x_wconf 84' lang='lat' dir='ltr'><strong>enim</strong></span> <span class='ocrx_word' id='word_1_136' title='bbox 821 2729 1014 2782; x_wconf 83' lang='lat' dir='ltr'><strong>indicat</strong></span> <span class='ocrx_word' id='word_1_137' title='bbox 1035 2769 1049 2794; x_wconf 90' lang='lat'>‚</span> <span class='ocrx_word' id='word_1_138' title='bbox 1089 2729 1371 2783; x_wconf 87' lang='lat' dir='ltr'><strong>laceratum</strong></span> <span class='ocrx_word' id='word_1_139' title='bbox 1414 2739 1659 2783; x_wconf 87' lang='lat' dir='ltr'><strong>mentum</strong></span> 
     </span>
     <span class='ocr_line' id='line_1_25' title="bbox 646 2806 1657 2876; baseline -0.004 -15"><span class='ocrx_word' id='word_1_140' title='bbox 646 2818 701 2861; x_wconf 85' lang='lat' dir='ltr'><strong>et</strong></span> <span class='ocrx_word' id='word_1_141' title='bbox 733 2808 786 2860; x_wconf 86' lang='lat' dir='ltr'><strong>in</strong></span> <span class='ocrx_word' id='word_1_142' title='bbox 814 2818 992 2876; x_wconf 78' lang='lat' dir='ltr'><strong>pectus</strong></span> <span class='ocrx_word' id='word_1_143' title='bbox 1016 2806 1295 2875; x_wconf 83' lang='lat' dir='ltr'><strong>dejectum.</strong></span> <span class='ocrx_word' id='word_1_144' title='bbox 1333 2807 1420 2860; x_wconf 89' lang='lat' dir='ltr'><strong>Sic</strong></span> <span class='ocrx_word' id='word_1_145' title='bbox 1444 2816 1498 2859; x_wconf 86' lang='lat' dir='ltr'><strong>et</strong></span> <span class='ocrx_word' id='word_1_146' title='bbox 1523 2824 1657 2858; x_wconf 80' lang='lat' dir='ltr'><strong>vers.</strong></span> 
     </span>
     <span class='ocr_line' id='line_1_26' title="bbox 649 2885 1659 2955; baseline -0.002 -15"><span class='ocrx_word' id='word_1_147' title='bbox 649 2887 759 2941; x_wconf 76' lang='lat'><strong>566.</strong></span> <span class='ocrx_word' id='word_1_148' title='bbox 777 2914 840 2926; x_wconf 92' lang='lat'>—</span> <span class='ocrx_word' id='word_1_149' title='bbox 868 2888 1081 2953; x_wconf 73' lang='lat' dir='ltr'><strong>cumque</strong></span> <span class='ocrx_word' id='word_1_150' title='bbox 1102 2896 1213 2938; x_wconf 78' lang='lat' dir='ltr'><strong>atro</strong></span> <span class='ocrx_word' id='word_1_151' title='bbox 1226 2897 1322 2939; x_wconf 83' lang='lat' dir='ltr'><strong>etc.</strong></span> <span class='ocrx_word' id='word_1_152' title='bbox 1343 2905 1373 2938; x_wconf 87' lang='lat' dir='ltr'><strong>e</strong></span> <span class='ocrx_word' id='word_1_153' title='bbox 1398 2885 1623 2955; x_wconf 81' lang='lat' dir='ltr'><strong>Virgilio</strong></span> <span class='ocrx_word' id='word_1_154' title='bbox 1641 2925 1659 2950; x_wconf 83' lang='grc'><em>,</em></span> 
     </span>
     <span class='ocr_line' id='line_1_27' title="bbox 646 2966 1661 3038; baseline 0.003 -22"><span class='ocrx_word' id='word_1_155' title='bbox 646 2968 701 3016; x_wconf 84' lang='lat' dir='ltr'>V</span> <span class='ocrx_word' id='word_1_156' title='bbox 718 3005 735 3032; x_wconf 87' lang='lat'>,</span> <span class='ocrx_word' id='word_1_157' title='bbox 772 2966 872 3038; x_wconf 78' lang='grc'><strong>469</strong></span> <span class='ocrx_word' id='word_1_158' title='bbox 899 2985 912 3018; x_wconf 87' lang='lat'><strong>:</strong></span> <span class='ocrx_word' id='word_1_159' title='bbox 946 2984 1266 3033; x_wconf 74' lang='lat' dir='ltr'><strong>crassumque</strong></span> <span class='ocrx_word' id='word_1_160' title='bbox 1301 2986 1517 3019; x_wconf 77' lang='lat' dir='ltr'><strong>cruorem</strong></span> <span class='ocrx_word' id='word_1_161' title='bbox 1559 2968 1661 3019; x_wconf 78' lang='lat' dir='ltr'><strong>Ore</strong></span> 
     </span>
     <span class='ocr_line' id='line_1_28' title="bbox 645 3044 1663 3112; baseline -0.002 -15"><span class='ocrx_word' id='word_1_162' title='bbox 645 3044 939 3112; x_wconf 80' lang='lat' dir='ltr'><strong>ejectantem</strong></span> <span class='ocrx_word' id='word_1_163' title='bbox 966 3083 978 3103; x_wconf 85' lang='grc'><strong>,</strong></span> <span class='ocrx_word' id='word_1_164' title='bbox 1023 3046 1289 3110; x_wconf 75' lang='lat' dir='ltr'><strong>mistasque</strong></span> <span class='ocrx_word' id='word_1_165' title='bbox 1323 3048 1377 3094; x_wconf 77' lang='lat' dir='ltr'><strong>in</strong></span> <span class='ocrx_word' id='word_1_166' title='bbox 1416 3047 1663 3109; x_wconf 72' lang='lat' dir='ltr'><strong>sanguine</strong></span> 
     </span>
     <span class='ocr_line' id='line_1_29' title="bbox 648 3118 1659 3186; baseline -0.003 -12"><span class='ocrx_word' id='word_1_167' title='bbox 648 3125 837 3174; x_wconf 82' lang='lat' dir='ltr'><strong>dentes.</strong></span> <span class='ocrx_word' id='word_1_168' title='bbox 871 3120 990 3173; x_wconf 80' lang='lat' dir='ltr'><strong>Hoc</strong></span> <span class='ocrx_word' id='word_1_169' title='bbox 1012 3118 1126 3173; x_wconf 90' lang='lat' dir='ltr'><strong>loco</strong></span> <span class='ocrx_word' id='word_1_170' title='bbox 1158 3121 1442 3186; x_wconf 69' lang='lat' dir='ltr'><strong>Spectantem</strong></span> <span class='ocrx_word' id='word_1_171' title='bbox 1471 3118 1537 3171; x_wconf 90' lang='lat' dir='ltr'><strong>de</strong></span> <span class='ocrx_word' id='word_1_172' title='bbox 1562 3138 1659 3172; x_wconf 82' lang='lat' dir='ltr'><strong>suo</strong></span> 
     </span>
     <span class='ocr_line' id='line_1_30' title="bbox 649 3193 1659 3251; baseline -0.002 -1"><span class='ocrx_word' id='word_1_173' title='bbox 649 3196 794 3251; x_wconf 87' lang='lat' dir='ltr'><strong>dedit</strong></span> <span class='ocrx_word' id='word_1_174' title='bbox 829 3194 1079 3250; x_wconf 80' lang='lat' dir='ltr'><strong>Heinsius</strong></span> <span class='ocrx_word' id='word_1_175' title='bbox 1108 3213 1121 3248; x_wconf 91' lang='lat'>:</span> <span class='ocrx_word' id='word_1_176' title='bbox 1153 3194 1297 3249; x_wconf 88' lang='lat' dir='ltr'><strong>MSS</strong></span> <span class='ocrx_word' id='word_1_177' title='bbox 1337 3214 1522 3248; x_wconf 79' lang='lat' dir='ltr'><strong>omnes</strong></span> <span class='ocrx_word' id='word_1_178' title='bbox 1553 3193 1659 3248; x_wconf 83' lang='lat' dir='ltr'><strong>ha·-</strong></span> 
     </span>
     <span class='ocr_line' id='line_1_31' title="bbox 648 3272 1649 3340; baseline -0.005 -12"><span class='ocrx_word' id='word_1_179' title='bbox 648 3276 777 3328; x_wconf 87' lang='lat' dir='ltr'><strong>bent</strong></span> <span class='ocrx_word' id='word_1_180' title='bbox 817 3283 1127 3340; x_wconf 71' lang='lat' dir='ltr'><strong>spumantem</strong></span> <span class='ocrx_word' id='word_1_181' title='bbox 1160 3291 1178 3324; x_wconf 83' lang='grc'><strong>.·</strong></span> <span class='ocrx_word' id='word_1_182' title='bbox 1207 3272 1297 3325; x_wconf 89' lang='lat' dir='ltr'><strong>sed</strong></span> <span class='ocrx_word' id='word_1_183' title='bbox 1335 3282 1389 3325; x_wconf 89' lang='lat' dir='ltr'><strong>et</strong></span> <span class='ocrx_word' id='word_1_184' title='bbox 1417 3282 1621 3340; x_wconf 74' lang='lat' dir='ltr'><strong>sputare</strong></span> <span class='ocrx_word' id='word_1_185' title='bbox 1636 3312 1649 3328; x_wconf 92' lang='lat'><em>.</em></span> 
     </span>
     <span class='ocr_line' id='line_1_32' title="bbox 646 3349 1659 3422; baseline -0.001 -18"><span class='ocrx_word' id='word_1_186' title='bbox 646 3355 911 3420; x_wconf 78' lang='lat' dir='ltr'><strong>despatate</strong></span> <span class='ocrx_word' id='word_1_187' title='bbox 923 3391 936 3410; x_wconf 83' lang='lat'><strong>.</strong></span> <span class='ocrx_word' id='word_1_188' title='bbox 960 3368 1171 3418; x_wconf 69' lang='lat' dir='ltr'><strong>expuere</strong></span> <span class='ocrx_word' id='word_1_189' title='bbox 1183 3350 1367 3404; x_wconf 84' lang='lat' dir='ltr'><strong>usitata</strong></span> <span class='ocrx_word' id='word_1_190' title='bbox 1380 3349 1436 3402; x_wconf 88' lang='lat' dir='ltr'><strong>in</strong></span> <span class='ocrx_word' id='word_1_191' title='bbox 1456 3349 1551 3402; x_wconf 78' lang='lat' dir='ltr'><strong>bac</strong></span> <span class='ocrx_word' id='word_1_192' title='bbox 1569 3369 1627 3403; x_wconf 89' lang='lat' dir='ltr'><strong>re</strong></span> <span class='ocrx_word' id='word_1_193' title='bbox 1640 3387 1659 3422; x_wconf 80' lang='lat' dir='ltr'><strong>t</strong></span> 
     </span>
     <span class='ocr_line' id='line_1_33' title="bbox 650 3427 1662 3483; baseline -0.002 -1"><span class='ocrx_word' id='word_1_194' title='bbox 650 3429 767 3483; x_wconf 80' lang='lat' dir='ltr'><strong>vide</strong></span> <span class='ocrx_word' id='word_1_195' title='bbox 796 3428 1078 3482; x_wconf 86' lang='lat' dir='ltr'><strong>Heinsium</strong></span> <span class='ocrx_word' id='word_1_196' title='bbox 1102 3427 1164 3480; x_wconf 88' lang='lat' dir='ltr'><strong>ad</strong></span> <span class='ocrx_word' id='word_1_197' title='bbox 1191 3427 1241 3481; x_wconf 90' lang='lat' dir='ltr'><strong>h.</strong></span> <span class='ocrx_word' id='word_1_198' title='bbox 1265 3427 1296 3483; x_wconf 88' lang='grc' dir='ltr'><strong>Ι.</strong></span> <span class='ocrx_word' id='word_1_199' title='bbox 1323 3438 1377 3482; x_wconf 84' lang='lat' dir='ltr'><strong>et</strong></span> <span class='ocrx_word' id='word_1_200' title='bbox 1402 3428 1662 3482; x_wconf 80' lang='lat' dir='ltr'><strong>Brouku-</strong></span> 
     </span>
     <span class='ocr_line' id='line_1_34' title="bbox 648 3507 1661 3577; baseline 0 -16"><span class='ocrx_word' id='word_1_201' title='bbox 648 3509 782 3561; x_wconf 85' lang='lat' dir='ltr'><strong>sium</strong></span> <span class='ocrx_word' id='word_1_202' title='bbox 803 3508 867 3561; x_wconf 82' lang='lat' dir='ltr'><strong>ad</strong></span> <span class='ocrx_word' id='word_1_203' title='bbox 892 3509 1133 3577; x_wconf 87' lang='lat' dir='ltr'><strong>Propert.</strong></span> <span class='ocrx_word' id='word_1_204' title='bbox 1150 3509 1231 3561; x_wconf 84' lang='lat' dir='ltr'><strong>lv</strong></span> <span class='ocrx_word' id='word_1_205' title='bbox 1250 3547 1265 3573; x_wconf 84' lang='lat'>‚</span> <span class='ocrx_word' id='word_1_206' title='bbox 1288 3524 1324 3558; x_wconf 81' lang='lat' dir='ltr'><strong>v</strong></span> <span class='ocrx_word' id='word_1_207' title='bbox 1339 3547 1354 3573; x_wconf 85' lang='lat'><em>,</em></span> <span class='ocrx_word' id='word_1_208' title='bbox 1375 3507 1455 3576; x_wconf 81' lang='lat'><strong>67.</strong></span> <span class='ocrx_word' id='word_1_209' title='bbox 1483 3507 1661 3561; x_wconf 84' lang='lat' dir='ltr'><strong>Etiam</strong></span> 
     </span>
     <span class='ocr_line' id='line_1_35' title="bbox 653 3586 1662 3659; baseline 0.001 -20"><span class='ocrx_word' id='word_1_210' title='bbox 653 3589 958 3653; x_wconf 81' lang='lat' dir='ltr'><strong>Homerus,</strong></span> <span class='ocrx_word' id='word_1_211' title='bbox 998 3586 1057 3641; x_wconf 77' lang='lat'><strong>11.</strong></span> <span class='ocrx_word' id='word_1_212' title='bbox 1093 3596 1169 3651; x_wconf 62' lang='grc' dir='ltr'><strong>Ψ,</strong></span> <span class='ocrx_word' id='word_1_213' title='bbox 1207 3586 1307 3659; x_wconf 75' lang='grc'><strong>696</strong></span> <span class='ocrx_word' id='word_1_214' title='bbox 1329 3625 1344 3652; x_wconf 84' lang='grc'>,</span> <span class='ocrx_word' id='word_1_215' title='bbox 1378 3589 1499 3652; x_wconf 74' lang='grc' dir='ltr'><strong>αἷμα</strong></span> <span class='ocrx_word' id='word_1_216' title='bbox 1535 3594 1662 3654; x_wconf 60' lang='lat' dir='ltr'><strong>taxi</strong></span> 
     </span>
     <span class='ocr_line' id='line_1_36' title="bbox 649 3661 1663 3734; baseline -0.005 -14"><span class='ocrx_word' id='word_1_217' title='bbox 649 3671 856 3720; x_wconf 66' lang='grc' dir='ltr'><strong>πτύοντα.</strong></span> <span class='ocrx_word' id='word_1_218' title='bbox 881 3692 945 3704; x_wconf 94' lang='grc'>-</span> <span class='ocrx_word' id='word_1_219' title='bbox 967 3664 1117 3734; x_wconf 86' lang='lat' dir='ltr'><strong>Regii</strong></span> <span class='ocrx_word' id='word_1_220' title='bbox 1145 3665 1308 3718; x_wconf 83' lang='lat' dir='ltr'><strong>nostri</strong></span> <span class='ocrx_word' id='word_1_221' title='bbox 1332 3661 1533 3718; x_wconf 82' lang='lat' dir='ltr'><strong>codices</strong></span> <span class='ocrx_word' id='word_1_222' title='bbox 1556 3663 1663 3716; x_wconf 83' lang='lat' dir='ltr'><strong>ha-</strong></span> 
     </span>
     <span class='ocr_line' id='line_1_37' title="bbox 648 3740 1663 3810; baseline 0.001 -16"><span class='ocrx_word' id='word_1_223' title='bbox 648 3742 778 3795; x_wconf 87' lang='lat' dir='ltr'><strong>bent</strong></span> <span class='ocrx_word' id='word_1_224' title='bbox 808 3754 1112 3810; x_wconf 77' lang='lat' dir='ltr'><strong>spumantem</strong></span> <span class='ocrx_word' id='word_1_225' title='bbox 1137 3752 1194 3794; x_wconf 90' lang='lat' dir='ltr'><strong>ut</strong></span> <span class='ocrx_word' id='word_1_226' title='bbox 1218 3761 1404 3796; x_wconf 89' lang='lat' dir='ltr'><strong>omnes</strong></span> <span class='ocrx_word' id='word_1_227' title='bbox 1427 3740 1510 3795; x_wconf 86' lang='lat' dir='ltr'><strong>alii</strong></span> <span class='ocrx_word' id='word_1_228' title='bbox 1532 3781 1547 3808; x_wconf 93' lang='lat'>,</span> <span class='ocrx_word' id='word_1_229' title='bbox 1572 3743 1663 3795; x_wconf 82' lang='lat' dir='ltr'><strong>sa·-</strong></span> 
     </span>
     <span class='ocr_line' id='line_1_38' title="bbox 649 3818 1660 3883; baseline 0.001 -11"><span class='ocrx_word' id='word_1_230' title='bbox 649 3818 879 3873; x_wconf 86' lang='lat' dir='ltr'><strong>tentibus</strong></span> <span class='ocrx_word' id='word_1_231' title='bbox 890 3819 1110 3873; x_wconf 84' lang='lat' dir='ltr'><strong>Heinsio</strong></span> <span class='ocrx_word' id='word_1_232' title='bbox 1121 3830 1175 3872; x_wconf 92' lang='lat' dir='ltr'><strong>et</strong></span> <span class='ocrx_word' id='word_1_233' title='bbox 1185 3819 1523 3883; x_wconf 83' lang='lat' dir='ltr'><strong>Burmanno;</strong></span> <span class='ocrx_word' id='word_1_234' title='bbox 1540 3819 1660 3873; x_wconf 81' lang='lat' dir='ltr'><strong>alte·</strong></span> 
     </span>
     <span class='ocr_line' id='line_1_39' title="bbox 645 3897 1663 3952; baseline -0.002 0"><span class='ocrx_word' id='word_1_235' title='bbox 645 3917 760 3952; x_wconf 84' lang='lat' dir='ltr'><strong>ram</strong></span> <span class='ocrx_word' id='word_1_236' title='bbox 784 3898 1059 3951; x_wconf 83' lang='lat' dir='ltr'><strong>lectionem</strong></span> <span class='ocrx_word' id='word_1_237' title='bbox 1089 3897 1152 3950; x_wconf 82' lang='lat' dir='ltr'><strong>ab</strong></span> <span class='ocrx_word' id='word_1_238' title='bbox 1181 3897 1550 3951; x_wconf 78' lang='lat' dir='ltr'><strong>emendatione</strong></span> <span class='ocrx_word' id='word_1_239' title='bbox 1577 3917 1663 3950; x_wconf 88' lang='lat' dir='ltr'><strong>re·</strong></span> 
     </span>
     <span class='ocr_line' id='line_1_40' title="bbox 645 3973 1659 4045; baseline 0.002 -18"><span class='ocrx_word' id='word_1_240' title='bbox 645 3977 939 4029; x_wconf 77' lang='lat' dir='ltr'><strong>rentiorum</strong></span> <span class='ocrx_word' id='word_1_241' title='bbox 958 3974 1238 4044; x_wconf 81' lang='lat' dir='ltr'><strong>profectam</strong></span> <span class='ocrx_word' id='word_1_242' title='bbox 1260 3973 1550 4045; x_wconf 84' lang='lat' dir='ltr'><strong>putandum</strong></span> <span class='ocrx_word' id='word_1_243' title='bbox 1565 3986 1659 4029; x_wconf 81' lang='lat' dir='ltr'><strong>est.</strong></span> 
     </span>
     <span class='ocr_line' id='line_1_41' title="bbox 645 4053 1659 4122; baseline 0.001 -17"><span class='ocrx_word' id='word_1_244' title='bbox 645 4055 1084 4106; x_wconf 78' lang='lat' dir='ltr'><strong>Ed.—-Geminato</strong></span> <span class='ocrx_word' id='word_1_245' title='bbox 1101 4053 1206 4106; x_wconf 87' lang='lat' dir='ltr'><strong>ictu</strong></span> <span class='ocrx_word' id='word_1_246' title='bbox 1222 4072 1352 4122; x_wconf 83' lang='lat' dir='ltr'><strong>opus</strong></span> <span class='ocrx_word' id='word_1_247' title='bbox 1371 4063 1483 4106; x_wconf 85' lang='lat' dir='ltr'><strong>erat</strong></span> <span class='ocrx_word' id='word_1_248' title='bbox 1495 4093 1511 4121; x_wconf 89' lang='lat'>,</span> <span class='ocrx_word' id='word_1_249' title='bbox 1537 4053 1659 4122; x_wconf 87' lang='lat' dir='ltr'><strong>quia</strong></span> 
     </span>
     <span class='ocr_line' id='line_1_42' title="bbox 643 4130 1623 4201; baseline 0 -18"><span class='ocrx_word' id='word_1_250' title='bbox 643 4130 729 4183; x_wconf 80' lang='lat' dir='ltr'><strong>ine</strong></span> <span class='ocrx_word' id='word_1_251' title='bbox 746 4150 854 4184; x_wconf 86' lang='lat' dir='ltr'><strong>non</strong></span> <span class='ocrx_word' id='word_1_252' title='bbox 873 4132 969 4186; x_wconf 86' lang='lat' dir='ltr'><strong>nisi</strong></span> <span class='ocrx_word' id='word_1_253' title='bbox 994 4130 1127 4201; x_wconf 87' lang='lat' dir='ltr'><strong>pede</strong></span> <span class='ocrx_word' id='word_1_254' title='bbox 1146 4151 1342 4185; x_wconf 66' lang='lat' dir='ltr'><strong>mense</strong></span> <span class='ocrx_word' id='word_1_255' title='bbox 1365 4132 1623 4185; x_wconf 86' lang='lat' dir='ltr'><strong>utebatur.</strong></span> 
     </span>
     <span class='ocr_line' id='line_1_43' title="bbox 713 4209 1659 4280; baseline 0.002 -20"><span class='ocrx_word' id='word_1_256' title='bbox 713 4210 823 4262; x_wconf 81' lang='lat'>258.</span> <span class='ocrx_word' id='word_1_257' title='bbox 843 4211 939 4270; x_wconf 80' lang='lat' dir='ltr'><strong>Ut,</strong></span> <span class='ocrx_word' id='word_1_258' title='bbox 969 4220 1149 4280; x_wconf 80' lang='lat' dir='ltr'><strong>utpote</strong></span> <span class='ocrx_word' id='word_1_259' title='bbox 1171 4211 1274 4279; x_wconf 92' lang='lat' dir='ltr'><strong>qui.</strong></span> <span class='ocrx_word' id='word_1_260' title='bbox 1301 4209 1528 4264; x_wconf 83' lang='lat' dir='ltr'><strong>Causam</strong></span> <span class='ocrx_word' id='word_1_261' title='bbox 1544 4210 1659 4264; x_wconf 87' lang='lat' dir='ltr'><strong>red-</strong></span> 
     </span>
     <span class='ocr_line' id='line_1_44' title="bbox 647 4284 1658 4359; baseline 0.002 -21"><span class='ocrx_word' id='word_1_262' title='bbox 647 4284 723 4339; x_wconf 85' lang='lat' dir='ltr'><strong>dit</strong></span> <span class='ocrx_word' id='word_1_263' title='bbox 741 4323 757 4351; x_wconf 86' lang='lat'><em>,</em></span> <span class='ocrx_word' id='word_1_264' title='bbox 778 4305 872 4338; x_wconf 83' lang='lat' dir='ltr'><strong>cur</strong></span> <span class='ocrx_word' id='word_1_265' title='bbox 887 4286 1135 4359; x_wconf 79' lang='lat' dir='ltr'><strong>Gryneus</strong></span> <span class='ocrx_word' id='word_1_266' title='bbox 1149 4307 1237 4341; x_wconf 81' lang='lat' dir='ltr'><strong>ara</strong></span> <span class='ocrx_word' id='word_1_267' title='bbox 1256 4306 1377 4342; x_wconf 85' lang='lat' dir='ltr'><strong>usus</strong></span> <span class='ocrx_word' id='word_1_268' title='bbox 1397 4287 1488 4340; x_wconf 85' lang='lat' dir='ltr'><strong>:sit</strong></span> <span class='ocrx_word' id='word_1_269' title='bbox 1506 4306 1658 4341; x_wconf 81' lang='lat' dir='ltr'><strong>causa</strong></span> 
     </span>
    </p>
   </div>
   <div class='ocr_carea' id='block_1_10' title="bbox 2664 1848 2763 1901">
    <p class='ocr_par' dir='ltr' id='par_1_10' title="bbox 2664 1848 2763 1901">
     <span class='ocr_line' id='line_1_45' title="bbox 2664 1848 2763 1901; baseline 0 -2"><span class='ocrx_word' id='word_1_270' title='bbox 2664 1848 2763 1901; x_wconf 79' lang='lat'><strong>265</strong></span> 
     </span>
    </p>
   </div>
   <div class='ocr_carea' id='block_1_11' title="bbox 1750 2026 2773 4357">
    <p class='ocr_par' dir='ltr' id='par_1_11' title="bbox 1751 2026 2762 2311">
     <span class='ocr_line' id='line_1_46' title="bbox 1751 2026 2761 2099; baseline 0.005 -22"><span class='ocrx_word' id='word_1_271' title='bbox 1751 2037 1928 2079; x_wconf 87' lang='lat' dir='ltr'><strong>autem</strong></span> <span class='ocrx_word' id='word_1_272' title='bbox 1949 2026 2084 2080; x_wconf 78' lang='lat' dir='ltr'><strong>solet</strong></span> <span class='ocrx_word' id='word_1_273' title='bbox 2100 2046 2128 2079; x_wconf 88' lang='lat' dir='ltr'><strong>a</strong></span> <span class='ocrx_word' id='word_1_274' title='bbox 2144 2027 2346 2080; x_wconf 82' lang='lat' dir='ltr'><strong>Latinis</strong></span> <span class='ocrx_word' id='word_1_275' title='bbox 2360 2028 2495 2080; x_wconf 82' lang='lat' dir='ltr'><strong>sacto</strong></span> <span class='ocrx_word' id='word_1_276' title='bbox 2513 2031 2761 2099; x_wconf 77' lang='lat' dir='ltr'><strong>praeponi.</strong></span> 
     </span>
     <span class='ocr_line' id='line_1_47' title="bbox 1753 2101 2761 2175; baseline 0.005 -20"><span class='ocrx_word' id='word_1_277' title='bbox 1753 2101 2006 2173; x_wconf 83' lang='lat' dir='ltr'><strong>Congrua</strong></span> <span class='ocrx_word' id='word_1_278' title='bbox 2027 2104 2144 2156; x_wconf 83' lang='lat' dir='ltr'><strong>talia</strong></span> <span class='ocrx_word' id='word_1_279' title='bbox 2162 2123 2306 2156; x_wconf 88' lang='lat' dir='ltr'><strong>arma</strong></span> <span class='ocrx_word' id='word_1_280' title='bbox 2324 2104 2641 2159; x_wconf 83' lang='lat' dir='ltr'><strong>immanibus</strong></span> <span class='ocrx_word' id='word_1_281' title='bbox 2661 2128 2761 2175; x_wconf 81' lang='lat' dir='ltr'><strong>pu-</strong></span> 
     </span>
     <span class='ocr_line' id='line_1_48' title="bbox 1751 2180 2762 2251; baseline 0.006 -20"><span class='ocrx_word' id='word_1_282' title='bbox 1751 2199 1888 2250; x_wconf 76' lang='lat' dir='ltr'><strong>gnan</strong></span> <span class='ocrx_word' id='word_1_283' title='bbox 1897 2180 2026 2233; x_wconf 88' lang='lat' dir='ltr'><strong>tium</strong></span> <span class='ocrx_word' id='word_1_284' title='bbox 2050 2181 2353 2251; x_wconf 87' lang='lat' dir='ltr'><strong>corporibus</strong></span> <span class='ocrx_word' id='word_1_285' title='bbox 2370 2220 2386 2248; x_wconf 83' lang='lat'><strong>,</strong></span> <span class='ocrx_word' id='word_1_286' title='bbox 2412 2182 2477 2235; x_wconf 90' lang='lat' dir='ltr'><strong>de</strong></span> <span class='ocrx_word' id='word_1_287' title='bbox 2497 2184 2683 2251; x_wconf 86' lang='lat' dir='ltr'><strong>quibus</strong></span> <span class='ocrx_word' id='word_1_288' title='bbox 2698 2184 2762 2237; x_wconf 91' lang='lat' dir='ltr'><strong>ad</strong></span> 
     </span>
     <span class='ocr_line' id='line_1_49' title="bbox 1752 2259 2101 2311; baseline 0.006 -2"><span class='ocrx_word' id='word_1_289' title='bbox 1752 2276 1962 2310; x_wconf 75' lang='lat' dir='ltr'><strong>versum</strong></span> <span class='ocrx_word' id='word_1_290' title='bbox 1988 2259 2101 2311; x_wconf 76' lang='lat'><strong>352.</strong></span> 
     </span>
    </p>

    <p class='ocr_par' dir='ltr' id='par_1_12' title="bbox 1750 2334 2773 4357">
     <span class='ocr_line' id='line_1_50' title="bbox 1820 2334 2763 2406; baseline 0.007 -20"><span class='ocrx_word' id='word_1_291' title='bbox 1820 2334 1932 2387; x_wconf 81' lang='lat'><strong>262.</strong></span> <span class='ocrx_word' id='word_1_292' title='bbox 1959 2338 2252 2402; x_wconf 53' lang='grc' dir='ltr'><strong>Περσικῆς</strong></span> <span class='ocrx_word' id='word_1_293' title='bbox 2278 2336 2435 2406; x_wconf 80' lang='lat' dir='ltr'><strong>vulgo</strong></span> <span class='ocrx_word' id='word_1_294' title='bbox 2459 2339 2547 2403; x_wconf 91' lang='lat' dir='ltr'><strong>(et</strong></span> <span class='ocrx_word' id='word_1_295' title='bbox 2566 2339 2619 2392; x_wconf 90' lang='lat' dir='ltr'><strong>in</strong></span> <span class='ocrx_word' id='word_1_296' title='bbox 2643 2339 2763 2393; x_wconf 83' lang='lat' dir='ltr'><strong>Re-</strong></span> 
     </span>
     <span class='ocr_line' id='line_1_51' title="bbox 1752 2412 2762 2484; baseline 0.003 -19"><span class='ocrx_word' id='word_1_297' title='bbox 1752 2413 1846 2483; x_wconf 75' lang='lat' dir='ltr'><strong>giis</strong></span> <span class='ocrx_word' id='word_1_298' title='bbox 1868 2416 2056 2467; x_wconf 81' lang='lat' dir='ltr'><strong>nostris</strong></span> <span class='ocrx_word' id='word_1_299' title='bbox 2081 2412 2105 2482; x_wconf 93' lang='lat'>)</span> <span class='ocrx_word' id='word_1_300' title='bbox 2130 2421 2401 2481; x_wconf 77' lang='lat' dir='ltr'><strong>oppoesse&#39;t‚·</strong></span> <span class='ocrx_word' id='word_1_301' title='bbox 2437 2416 2527 2470; x_wconf 87' lang='lat' dir='ltr'><strong>sed</strong></span> <span class='ocrx_word' id='word_1_302' title='bbox 2555 2420 2762 2484; x_wconf 82' lang='lat' dir='ltr'><strong>depres-</strong></span> 
     </span>
     <span class='ocr_line' id='line_1_52' title="bbox 1750 2490 2767 2558; baseline 0.006 -15"><span class='ocrx_word' id='word_1_303' title='bbox 1750 2497 1849 2552; x_wconf 74' lang='lat' dir='ltr'><strong>sit,</strong></span> <span class='ocrx_word' id='word_1_304' title='bbox 1871 2503 1931 2543; x_wconf 89' lang='lat' dir='ltr'><strong>ut</strong></span> <span class='ocrx_word' id='word_1_305' title='bbox 1950 2490 2066 2544; x_wconf 80' lang='lat' dir='ltr'><strong>alibi</strong></span> <span class='ocrx_word' id='word_1_306' title='bbox 2085 2493 2290 2558; x_wconf 76' lang='lat' dir='ltr'><strong>dejecit.</strong></span> <span class='ocrx_word' id='word_1_307' title='bbox 2317 2492 2380 2545; x_wconf 86' lang='lat' dir='ltr'><strong>ad</strong></span> <span class='ocrx_word' id='word_1_308' title='bbox 2404 2504 2600 2547; x_wconf 86' lang='lat' dir='ltr'><strong>terram</strong></span> <span class='ocrx_word' id='word_1_309' title='bbox 2621 2495 2767 2550; x_wconf 85' lang='lat' dir='ltr'><strong>dedit</strong></span> 
     </span>
     <span class='ocr_line' id='line_1_53' title="bbox 1753 2567 2767 2628; baseline 0.006 -7"><span class='ocrx_word' id='word_1_310' title='bbox 1753 2567 2067 2623; x_wconf 81' lang='lat' dir='ltr'><strong>interfectos.</strong></span> <span class='ocrx_word' id='word_1_311' title='bbox 2092 2597 2158 2610; x_wconf 88' lang='lat'>—</span> <span class='ocrx_word' id='word_1_312' title='bbox 2182 2571 2309 2623; x_wconf 84' lang='lat' dir='ltr'><strong>Mox</strong></span> <span class='ocrx_word' id='word_1_313' title='bbox 2346 2572 2595 2627; x_wconf 81' lang='lat' dir='ltr'><strong>Heinsius</strong></span> <span class='ocrx_word' id='word_1_314' title='bbox 2621 2575 2767 2628; x_wconf 78' lang='lat' dir='ltr'><strong>malit</strong></span> 
     </span>
     <span class='ocr_line' id='line_1_54' title="bbox 1760 2649 2766 2704; baseline 0.006 -5"><span class='ocrx_word' id='word_1_315' title='bbox 1760 2649 1922 2700; x_wconf 76' lang='lat' dir='ltr'><strong>Oreon</strong></span> <span class='ocrx_word' id='word_1_316' title='bbox 1941 2666 2063 2700; x_wconf 86' lang='lat' dir='ltr'><strong>cum</strong></span> <span class='ocrx_word' id='word_1_317' title='bbox 2088 2667 2198 2700; x_wconf 88' lang='lat' dir='ltr'><strong>uno</strong></span> <span class='ocrx_word' id='word_1_318' title='bbox 2220 2654 2649 2704; x_wconf 85' lang='lat' dir='ltr'><strong>suorum.—Or1&#39;o</strong></span> <span class='ocrx_word' id='word_1_319' title='bbox 2664 2672 2766 2704; x_wconf 85' lang='lat' dir='ltr'><strong>ma-</strong></span> 
     </span>
     <span class='ocr_line' id='line_1_55' title="bbox 1752 2726 2768 2796; baseline 0.004 -19"><span class='ocrx_word' id='word_1_320' title='bbox 1752 2734 1831 2777; x_wconf 80' lang='lat' dir='ltr'><strong>ter</strong></span> <span class='ocrx_word' id='word_1_321' title='bbox 1844 2735 1958 2777; x_wconf 80' lang='lat' dir='ltr'><strong>erat</strong></span> <span class='ocrx_word' id='word_1_322' title='bbox 1976 2727 2219 2796; x_wconf 40' lang='lat' dir='ltr'><strong>Mycalen</strong></span> <span class='ocrx_word' id='word_1_323' title='bbox 2258 2726 2410 2796; x_wconf 83' lang='lat' dir='ltr'><strong>Regii</strong></span> <span class='ocrx_word' id='word_1_324' title='bbox 2445 2729 2608 2782; x_wconf 85' lang='lat' dir='ltr'><strong>nostri</strong></span> <span class='ocrx_word' id='word_1_325' title='bbox 2645 2729 2768 2781; x_wconf 81' lang='lat' dir='ltr'><strong>Orio</strong></span> 
     </span>
     <span class='ocr_line' id='line_1_56' title="bbox 1752 2806 2767 2876; baseline 0.002 -18"><span class='ocrx_word' id='word_1_326' title='bbox 1752 2816 1908 2858; x_wconf 78' lang='lat' dir='ltr'><strong>natus</strong></span> <span class='ocrx_word' id='word_1_327' title='bbox 1925 2817 2038 2858; x_wconf 81' lang='lat' dir='ltr'><strong>erat</strong></span> <span class='ocrx_word' id='word_1_328' title='bbox 2052 2806 2275 2875; x_wconf 72' lang='lat' dir='ltr'><strong>Mycale,</strong></span> <span class='ocrx_word' id='word_1_329' title='bbox 2310 2827 2469 2876; x_wconf 88' lang='lat' dir='ltr'><strong>quam</strong></span> <span class='ocrx_word' id='word_1_330' title='bbox 2485 2808 2767 2861; x_wconf 80' lang='lat' dir='ltr'><strong>lectionem</strong></span> 
     </span>
     <span class='ocr_line' id='line_1_57' title="bbox 1754 2882 2766 2952; baseline 0.002 -17"><span class='ocrx_word' id='word_1_331' title='bbox 1754 2901 1939 2935; x_wconf 88' lang='lat' dir='ltr'><strong>omnes</strong></span> <span class='ocrx_word' id='word_1_332' title='bbox 1955 2882 2181 2936; x_wconf 84' lang='lat' dir='ltr'><strong>editores</strong></span> <span class='ocrx_word' id='word_1_333' title='bbox 2200 2893 2389 2937; x_wconf 84' lang='lat' dir='ltr'><strong>tacent.</strong></span> <span class='ocrx_word' id='word_1_334' title='bbox 2411 2887 2585 2937; x_wconf 58' lang='lat' dir='ltr'><strong>Eae—</strong></span> <span class='ocrx_word' id='word_1_335' title='bbox 2605 2889 2766 2952; x_wconf 74' lang='lat' dir='ltr'><strong>(luam</strong></span> 
     </span>
     <span class='ocr_line' id='line_1_58' title="bbox 1753 2964 2767 3032; baseline -0.002 -16"><span class='ocrx_word' id='word_1_336' title='bbox 1753 2966 2025 3016; x_wconf 54' lang='lat' dir='ltr'><strong>dedus-1350</strong></span> <span class='ocrx_word' id='word_1_337' title='bbox 2044 2973 2141 3016; x_wconf 88' lang='lat' dir='ltr'><strong>etc.</strong></span> <span class='ocrx_word' id='word_1_338' title='bbox 2169 2979 2327 3032; x_wconf 86' lang='lat' dir='ltr'><strong>quam</strong></span> <span class='ocrx_word' id='word_1_339' title='bbox 2359 2964 2623 3017; x_wconf 87' lang='lat' dir='ltr'><strong>constabat</strong></span> <span class='ocrx_word' id='word_1_340' title='bbox 2650 2982 2767 3015; x_wconf 85' lang='lat' dir='ltr'><strong>ma-</strong></span> 
     </span>
     <span class='ocr_line' id='line_1_59' title="bbox 1756 3040 2762 3111; baseline -0.001 -16"><span class='ocrx_word' id='word_1_341' title='bbox 1756 3055 1873 3111; x_wconf 76' lang='lat' dir='ltr'><strong>gam</strong></span> <span class='ocrx_word' id='word_1_342' title='bbox 1889 3081 1904 3108; x_wconf 85' lang='lat'>,</span> <span class='ocrx_word' id='word_1_343' title='bbox 1927 3040 2217 3096; x_wconf 81' lang='lat' dir='ltr'><strong>veneficam</strong></span> <span class='ocrx_word' id='word_1_344' title='bbox 2235 3041 2388 3096; x_wconf 82' lang='lat' dir='ltr'><strong>fuisse</strong></span> <span class='ocrx_word' id='word_1_345' title='bbox 2407 3062 2420 3094; x_wconf 70' lang='grc' dir='ltr'>ι</span> <span class='ocrx_word' id='word_1_346' title='bbox 2442 3042 2560 3094; x_wconf 83' lang='lat' dir='ltr'><strong>vide</strong></span> <span class='ocrx_word' id='word_1_347' title='bbox 2577 3041 2640 3093; x_wconf 86' lang='lat' dir='ltr'><strong>ad</strong></span> <span class='ocrx_word' id='word_1_348' title='bbox 2658 3040 2762 3105; x_wconf 79' lang='lat' dir='ltr'><strong>IV,</strong></span> 
     </span>
     <span class='ocr_line' id='line_1_60' title="bbox 1756 3119 2762 3186; baseline 0 -14"><span class='ocrx_word' id='word_1_349' title='bbox 1756 3121 1884 3173; x_wconf 82' lang='lat'>332:</span> <span class='ocrx_word' id='word_1_350' title='bbox 1910 3120 2112 3173; x_wconf 88' lang='lat' dir='ltr'><strong>Seneca</strong></span> <span class='ocrx_word' id='word_1_351' title='bbox 2130 3160 2145 3186; x_wconf 85' lang='lat'><em>,</em></span> <span class='ocrx_word' id='word_1_352' title='bbox 2173 3121 2332 3174; x_wconf 85' lang='lat' dir='ltr'><strong>Herc.</strong></span> <span class='ocrx_word' id='word_1_353' title='bbox 2359 3119 2472 3172; x_wconf 82' lang='lat' dir='ltr'><strong>OEt.</strong></span> <span class='ocrx_word' id='word_1_354' title='bbox 2498 3121 2592 3172; x_wconf 78' lang='lat'><strong>525</strong></span> <span class='ocrx_word' id='word_1_355' title='bbox 2611 3158 2626 3183; x_wconf 82' lang='lat'>,</span> <span class='ocrx_word' id='word_1_356' title='bbox 2648 3119 2762 3172; x_wconf 86' lang='lat' dir='ltr'><strong>sine</strong></span> 
     </span>
     <span class='ocr_line' id='line_1_61' title="bbox 1756 3196 2766 3252; baseline 0 -3"><span class='ocrx_word' id='word_1_357' title='bbox 1756 3197 1917 3250; x_wconf 87' lang='lat' dir='ltr'><strong>dubio</strong></span> <span class='ocrx_word' id='word_1_358' title='bbox 1937 3217 2000 3250; x_wconf 81' lang='lat' dir='ltr'><strong>ex</strong></span> <span class='ocrx_word' id='word_1_359' title='bbox 2019 3197 2120 3252; x_wconf 82' lang='lat' dir='ltr'><strong>hoc</strong></span> <span class='ocrx_word' id='word_1_360' title='bbox 2137 3209 2316 3252; x_wconf 84' lang='lat' dir='ltr'><strong>nostro</strong></span> <span class='ocrx_word' id='word_1_361' title='bbox 2330 3196 2470 3251; x_wconf 85' lang='lat' dir='ltr'><strong>loco:</strong></span> <span class='ocrx_word' id='word_1_362' title='bbox 2488 3199 2601 3250; x_wconf 84' lang='lat' dir='ltr'><strong>Hoc</strong></span> <span class='ocrx_word' id='word_1_363' title='bbox 2613 3200 2766 3251; x_wconf 83' lang='lat' dir='ltr'><strong>docta</strong></span> 
     </span>
     <span class='ocr_line' id='line_1_62' title="bbox 1757 3278 2757 3345; baseline 0 -16"><span class='ocrx_word' id='word_1_364' title='bbox 1757 3278 1963 3345; x_wconf 69' lang='lat' dir='ltr'><strong>Mycale</strong></span> <span class='ocrx_word' id='word_1_365' title='bbox 2017 3279 2293 3330; x_wconf 76' lang='lat' dir='ltr'><strong>Thessalas</strong></span> <span class='ocrx_word' id='word_1_366' title='bbox 2345 3280 2518 3330; x_wconf 79' lang='lat' dir='ltr'><strong>docuit</strong></span> <span class='ocrx_word' id='word_1_367' title='bbox 2566 3297 2721 3329; x_wconf 73' lang='lat' dir='ltr'><strong>nurus</strong></span> <span class='ocrx_word' id='word_1_368' title='bbox 2743 3318 2757 3338; x_wconf 85' lang='lat'>,</span> 
     </span>
     <span class='ocr_line' id='line_1_63' title="bbox 1764 3356 2767 3423; baseline 0.001 -18"><span class='ocrx_word' id='word_1_369' title='bbox 1764 3356 1931 3406; x_wconf 74' lang='lat' dir='ltr'><strong>Unam</strong></span> <span class='ocrx_word' id='word_1_370' title='bbox 1957 3360 2089 3407; x_wconf 71' lang='lat' dir='ltr'><strong>inter</strong></span> <span class='ocrx_word' id='word_1_371' title='bbox 2119 3374 2290 3409; x_wconf 76' lang='lat' dir='ltr'><strong>omncs</strong></span> <span class='ocrx_word' id='word_1_372' title='bbox 2324 3358 2470 3408; x_wconf 67' lang='lat' dir='ltr'><strong>zena</strong></span> <span class='ocrx_word' id='word_1_373' title='bbox 2501 3371 2652 3423; x_wconf 74' lang='lat' dir='ltr'><strong>qaam</strong></span> <span class='ocrx_word' id='word_1_374' title='bbox 2673 3373 2767 3408; x_wconf 86' lang='lat' dir='ltr'><strong>se-</strong></span> 
     </span>
     <span class='ocr_line' id='line_1_64' title="bbox 1756 3431 2770 3499; baseline 0.003 -17"><span class='ocrx_word' id='word_1_375' title='bbox 1756 3437 1925 3499; x_wconf 73' lang='lat' dir='ltr'><strong>quitur</strong></span> <span class='ocrx_word' id='word_1_376' title='bbox 1941 3450 2155 3499; x_wconf 67' lang='lat' dir='ltr'><strong>magam.</strong></span> <span class='ocrx_word' id='word_1_377' title='bbox 2182 3460 2249 3474; x_wconf 89' lang='lat'><strong>-·</strong></span> <span class='ocrx_word' id='word_1_378' title='bbox 2281 3434 2544 3492; x_wconf 76' lang='lat' dir='ltr'><strong>Canendo,</strong></span> <span class='ocrx_word' id='word_1_379' title='bbox 2576 3431 2770 3485; x_wconf 87' lang='lat' dir='ltr'><strong>incan-</strong></span> 
     </span>
     <span class='ocr_line' id='line_1_65' title="bbox 1758 3507 2769 3571; baseline 0 -10"><span class='ocrx_word' id='word_1_380' title='bbox 1758 3507 1921 3561; x_wconf 88' lang='lat' dir='ltr'><strong>tando</strong></span> <span class='ocrx_word' id='word_1_381' title='bbox 1944 3545 1958 3570; x_wconf 88' lang='lat'>‚</span> <span class='ocrx_word' id='word_1_382' title='bbox 1991 3519 2050 3562; x_wconf 87' lang='lat' dir='ltr'><strong>ut</strong></span> <span class='ocrx_word' id='word_1_383' title='bbox 2085 3515 2338 3571; x_wconf 76' lang='lat' dir='ltr'><strong>carmina,</strong></span> <span class='ocrx_word' id='word_1_384' title='bbox 2374 3510 2769 3563; x_wconf 85' lang='lat' dir='ltr'><strong>incantationes.</strong></span> 
     </span>
     <span class='ocr_line' id='line_1_66' title="bbox 1757 3586 2773 3657; baseline 0 -17"><span class='ocrx_word' id='word_1_385' title='bbox 1757 3611 1822 3627; x_wconf 89' lang='lat'><strong>—-</strong></span> <span class='ocrx_word' id='word_1_386' title='bbox 1861 3589 2059 3640; x_wconf 78' lang='lat' dir='ltr'><strong>Cornua</strong></span> <span class='ocrx_word' id='word_1_387' title='bbox 2100 3590 2233 3639; x_wconf 74' lang='lat' dir='ltr'><strong>lane</strong></span> <span class='ocrx_word' id='word_1_388' title='bbox 2276 3606 2423 3641; x_wconf 86' lang='lat' dir='ltr'><strong>mera</strong></span> <span class='ocrx_word' id='word_1_389' title='bbox 2462 3586 2773 3657; x_wconf 78' lang='lat' dir='ltr'><strong>periphrasis</strong></span> 
     </span>
     <span class='ocr_line' id='line_1_67' title="bbox 1756 3660 2772 3732; baseline 0.001 -18"><span class='ocrx_word' id='word_1_390' title='bbox 1756 3660 1927 3729; x_wconf 76' lang='lat' dir='ltr'><strong>lunae,</strong></span> <span class='ocrx_word' id='word_1_391' title='bbox 1966 3681 2083 3731; x_wconf 69' lang='lat' dir='ltr'><strong>quse</strong></span> <span class='ocrx_word' id='word_1_392' title='bbox 2125 3681 2233 3715; x_wconf 87' lang='lat' dir='ltr'><strong>non</strong></span> <span class='ocrx_word' id='word_1_393' title='bbox 2270 3663 2368 3716; x_wconf 88' lang='lat' dir='ltr'><strong>nisi</strong></span> <span class='ocrx_word' id='word_1_394' title='bbox 2402 3674 2639 3732; x_wconf 82' lang='lat' dir='ltr'><strong>tempore</strong></span> <span class='ocrx_word' id='word_1_395' title='bbox 2668 3661 2772 3715; x_wconf 84' lang='lat' dir='ltr'><strong>de-</strong></span> 
     </span>
     <span class='ocr_line' id='line_1_68' title="bbox 1754 3738 2768 3810; baseline 0 -16"><span class='ocrx_word' id='word_1_396' title='bbox 1754 3738 1920 3795; x_wconf 75' lang='lat' dir='ltr'><strong>sectus</strong></span> <span class='ocrx_word' id='word_1_397' title='bbox 1938 3740 2125 3794; x_wconf 84' lang='lat' dir='ltr'><strong>deduci</strong></span> <span class='ocrx_word' id='word_1_398' title='bbox 2144 3741 2482 3806; x_wconf 80' lang='lat' dir='ltr'><strong>credebatur,</strong></span> <span class='ocrx_word' id='word_1_399' title='bbox 2509 3761 2616 3810; x_wconf 85' lang='lat' dir='ltr'><strong>quo</strong></span> <span class='ocrx_word' id='word_1_400' title='bbox 2639 3752 2768 3794; x_wconf 89' lang='lat' dir='ltr'><strong>tem·</strong></span> 
     </span>
     <span class='ocr_line' id='line_1_69' title="bbox 1756 3818 2766 3890; baseline 0 -18"><span class='ocrx_word' id='word_1_401' title='bbox 1756 3837 1882 3890; x_wconf 84' lang='lat' dir='ltr'><strong>pore</strong></span> <span class='ocrx_word' id='word_1_402' title='bbox 1908 3838 2017 3873; x_wconf 86' lang='lat' dir='ltr'><strong>non</strong></span> <span class='ocrx_word' id='word_1_403' title='bbox 2041 3818 2355 3873; x_wconf 81' lang='lat' dir='ltr'><strong>corniculata</strong></span> <span class='ocrx_word' id='word_1_404' title='bbox 2394 3831 2639 3890; x_wconf 87' lang='lat' dir='ltr'><strong>apparet,</strong></span> <span class='ocrx_word' id='word_1_405' title='bbox 2675 3818 2766 3875; x_wconf 85' lang='lat' dir='ltr'><strong>sed</strong></span> 
     </span>
     <span class='ocr_line' id='line_1_70' title="bbox 1756 3898 2768 3969; baseline 0 -19"><span class='ocrx_word' id='word_1_406' title='bbox 1756 3898 1923 3969; x_wconf 75' lang='lat' dir='ltr'><strong>plena.</strong></span> <span class='ocrx_word' id='word_1_407' title='bbox 1942 3898 2114 3968; x_wconf 82' lang='lat' dir='ltr'><strong>Magis</strong></span> <span class='ocrx_word' id='word_1_408' title='bbox 2135 3898 2293 3969; x_wconf 84' lang='lat' dir='ltr'><strong>igitur</strong></span> <span class='ocrx_word' id='word_1_409' title='bbox 2314 3898 2443 3951; x_wconf 87' lang='lat' dir='ltr'><strong>mihi</strong></span> <span class='ocrx_word' id='word_1_410' title='bbox 2466 3898 2634 3968; x_wconf 84' lang='lat' dir='ltr'><strong>placet</strong></span> <span class='ocrx_word' id='word_1_411' title='bbox 2655 3898 2768 3950; x_wconf 77' lang='lat' dir='ltr'><strong>vui-</strong></span> 
     </span>
     <span class='ocr_line' id='line_1_71' title="bbox 1755 3975 2769 4047; baseline -0.001 -18"><span class='ocrx_word' id='word_1_412' title='bbox 1755 3986 1871 4047; x_wconf 76' lang='lat' dir='ltr'><strong>gata</strong></span> <span class='ocrx_word' id='word_1_413' title='bbox 1887 3975 2039 4029; x_wconf 82' lang='lat' dir='ltr'><strong>lectio</strong></span> <span class='ocrx_word' id='word_1_414' title='bbox 2058 4017 2071 4042; x_wconf 88' lang='lat'>,</span> <span class='ocrx_word' id='word_1_415' title='bbox 2097 3979 2423 4040; x_wconf 72' lang='lat' dir='ltr'><strong>reluctant12e5</strong></span> <span class='ocrx_word' id='word_1_416' title='bbox 2449 3995 2573 4028; x_wconf 88' lang='lat' dir='ltr'><strong>nam</strong></span> <span class='ocrx_word' id='word_1_417' title='bbox 2593 3977 2769 4030; x_wconf 85' lang='lat' dir='ltr'><strong>Hein-</strong></span> 
     </span>
     <span class='ocr_line' id='line_1_72' title="bbox 1753 4054 2768 4125; baseline -0.004 -16"><span class='ocrx_word' id='word_1_418' title='bbox 1753 4056 1857 4110; x_wconf 86' lang='lat' dir='ltr'><strong>sius</strong></span> <span class='ocrx_word' id='word_1_419' title='bbox 1880 4055 1969 4125; x_wconf 87' lang='lat' dir='ltr'><strong>qui</strong></span> <span class='ocrx_word' id='word_1_420' title='bbox 1993 4055 2207 4109; x_wconf 83' lang='lat' dir='ltr'><strong>alteram</strong></span> <span class='ocrx_word' id='word_1_421' title='bbox 2229 4055 2391 4109; x_wconf 88' lang='lat' dir='ltr'><strong>trium</strong></span> <span class='ocrx_word' id='word_1_422' title='bbox 2418 4054 2564 4107; x_wconf 89' lang='lat' dir='ltr'><strong>MSS</strong></span> <span class='ocrx_word' id='word_1_423' title='bbox 2590 4065 2768 4107; x_wconf 89' lang='lat' dir='ltr'><strong>aucto·</strong></span> 
     </span>
     <span class='ocr_line' id='line_1_73' title="bbox 1752 4131 2767 4205; baseline -0.003 -18"><span class='ocrx_word' id='word_1_424' title='bbox 1752 4135 1904 4187; x_wconf 87' lang='lat' dir='ltr'><strong>ritate</strong></span> <span class='ocrx_word' id='word_1_425' title='bbox 1919 4136 2114 4205; x_wconf 87' lang='lat' dir='ltr'><strong>recepit</strong></span> <span class='ocrx_word' id='word_1_426' title='bbox 2130 4173 2144 4200; x_wconf 86' lang='lat'><em>,</em></span> <span class='ocrx_word' id='word_1_427' title='bbox 2169 4133 2401 4189; x_wconf 81' lang='lat' dir='ltr'><strong>dativum</strong></span> <span class='ocrx_word' id='word_1_428' title='bbox 2414 4133 2467 4186; x_wconf 89' lang='lat' dir='ltr'><strong>in</strong></span> <span class='ocrx_word' id='word_1_429' title='bbox 2485 4134 2581 4186; x_wconf 87' lang='lat' dir='ltr'><strong>hac</strong></span> <span class='ocrx_word' id='word_1_430' title='bbox 2593 4131 2767 4185; x_wconf 82' lang='lat' dir='ltr'><strong>forma</strong></span> 
     </span>
     <span class='ocr_line' id='line_1_74' title="bbox 1750 4209 2766 4279; baseline -0.004 -17"><span class='ocrx_word' id='word_1_431' title='bbox 1750 4209 2004 4279; x_wconf 83' lang='lat' dir='ltr'><strong>loquendi</strong></span> <span class='ocrx_word' id='word_1_432' title='bbox 2043 4211 2201 4264; x_wconf 87' lang='lat' dir='ltr'><strong>nimis</strong></span> <span class='ocrx_word' id='word_1_433' title='bbox 2245 4210 2504 4265; x_wconf 79' lang='lat' dir='ltr'><strong>affectasse</strong></span> <span class='ocrx_word' id='word_1_434' title='bbox 2544 4209 2766 4261; x_wconf 76' lang='lat' dir='ltr'><strong>videtur.</strong></span> 
     </span>
     <span class='ocr_line' id='line_1_75' title="bbox 1751 4284 2766 4357; baseline -0.005 -16"><span class='ocrx_word' id='word_1_435' title='bbox 1751 4287 1974 4341; x_wconf 71' lang='lat' dir='ltr'><strong>Lennius</strong></span> <span class='ocrx_word' id='word_1_436' title='bbox 1995 4288 2201 4357; x_wconf 69' lang='lat' dir='ltr'><strong>praeseri</strong></span> <span class='ocrx_word' id='word_1_437' title='bbox 2218 4293 2496 4351; x_wconf 78' lang='lat' dir='ltr'><strong>reluctate,</strong></span> <span class='ocrx_word' id='word_1_438' title='bbox 2524 4285 2662 4356; x_wconf 87' lang='lat' dir='ltr'><strong>quod</strong></span> <span class='ocrx_word' id='word_1_439' title='bbox 2681 4284 2766 4338; x_wconf 83' lang='lat' dir='ltr'><strong>ha·</strong></span> 
     </span>
    </p>
   </div>
  </div>
 </body>
</html>
