3185 5138
645 524 734 608 24

1193 525 1269 590 P.
1334 524 1694 592 OVIDII
1760 522 2216 593 NASONIS

640 673 852 768 Inque
885 666 1084 767 pedes
1114 664 1280 739 abiit
1308 694 1325 738 ε
1360 692 1606 737 nomen
1627 719 1645 750 ‚
1686 664 1866 762 quod
1902 680 1968 737 et
2000 681 2188 752 ante,
2221 667 2553 745 remansit.

2665 692 2763 743 255

642 788 800 858 Non
835 801 1049 856 tamen
1083 782 1217 855 haec
1251 778 1379 854 alte
1414 778 1704 853 volucris
1737 807 1855 854 sua
1889 808 2166 881 corpora
2201 779 2411 869 tollit,

644 903 782 973 Nec
814 897 970 971 facit
999 898 1068 969 in
1099 896 1293 970 ramis
1322 894 1604 995 altoque
1623 893 1953 968 cacumine
1986 894 2226 981 nidos;
2571 944 2619 1003 χ

644 1016 926 1113 Propter
956 1012 1232 1091 humum
1265 1007 1534 1095 volitat,
1570 1011 1890 1111 ponitque
1925 1011 1994 1083 in
2025 1010 2298 1111 sepibus
2333 1039 2453 1084 ova
2482 1041 2502 1100 ς

641 1128 1053 1229 Antiquique
1087 1152 1340 1198 memor
1369 1125 1604 1198 metuit
1638 1124 1946 1200 sublimia
1972 1156 2181 1201 casus.

738 1248 855 1319 IV.
898 1247 1179 1341 Jamque
1203 1241 1547 1336 fatigatum
1581 1241 1778 1317 tellus
1807 1244 2060 1317 AEtnaea
2098 1244 2362 1319 tenebat

2663 1268 2760 1320 26⁰

645 1358 966 1433 Daedalon
996 1388 1011 1430 :
1040 1374 1107 1430 et
1141 1357 1373 1430 sumtis
1400 1385 1532 1457 *pro
1566 1357 1863 1457 supplice
1902 1356 2185 1433 Cocalus
2214 1361 2410 1433 armis
2447 1374 2450 1377 ’

645 1475 838 1550 Mitis
867 1473 1234 1546 habebatur
1260 1503 1277 1546 ε
1303 1474 1433 1572 jam
1469 1466 1890 1580 lamentabile
1919 1474 2197 1547 Athenae

646 1589 941 1664 Pendere
977 1588 1339 1675 desierant,
1372 1589 1628 1664 Thesea
1661 1587 1852 1664 laude
1874 1645 1893 1679 ‚
1932 1590 2278 1664 tributum.

645 1804 753 1836 ram
773 1789 1040 1836 thoenerat.
1064 1780 1411 1851 Apollodorus
1429 1820 1444 1847 ‚
1469 1789 1624 1842 δείσας
1639 1822 1654 1849 ,

647 1874 713 1930 μὴ
746 1867 827 1916 6·ιᾶ
854 1872 935 1925 τὴν
965 1866 1146 1931 ‘fesulam
1174 1865 1307 1915 «bt-bv
1329 1863 1561 1936 ὖκερὄάλη·
1592 1881 1658 1913 es·

646 1961 765 1995 arce
777 1983 791 2003 ,
822 1944 908 1995 sia-3
928 1954 1009 2001 τῖς
1026 1943 1312 2018 ιἰκρκὸλιως.
1324 1969 1389 1980 —·
1403 1940 1662 2009 Prosaoe!

538 2072 550 2097 r
647 2019 1214 2087 Arundelianussacit,
1244 2017 1385 2088 quod
1408 2019 1657 2074 Heinsius

648 2099 889 2151 illustrat.

712 2177 822 2229 258.
848 2177 1091 2242 Pom'lqae
1111 2177 1167 2225 ia
1182 2176 1382 2239 sepibus
1403 2192 1511 2226 ora.
1546 2174 1659 2228 Pli-

646 2254 766 2307 nius
780 2292 796 2319 ,
824 2252 875 2305 X
893 2290 908 2317 ‚
938 2252 999 2303 32
1023 2270 1036 2303 ε
1064 2253 1298 2303 Perdices
1317 2255 1465 2316 spina
1484 2250 1659 2317 ersm-

642 2335 741 2383 tice
772 2335 851 2382 se'c
883 2333 1113 2381 maman!
1150 2330 1514 2393 receptaculum
1529 2366 1542 2387 ,
1603 2335 1663 2380 a!

645 2408 966 2477 contrafi-ras
979 2409 1176 2461 abunde
1191 2411 1452 2469 vallentur,
1477 2417 1530 2462 et
1543 2426 1656 2477 sqq.

642 2513 709 2528 ·-
718 2489 1031 2556 Απιίᾳιιίᾳιιε,
1057 2497 1153 2540 etc.
1167 2485 1361 2539 Similis
1373 2486 1652 2551 sententia,

648 2568 736 2634 11,
764 2568 876 2637 378.

710 2647 963 2710 250-545.
992 2647 1178 2698 OEneas
1198 2685 1211 2705 ,
1251 2645 1562 2698 Parthaonis
1587 2644 1655 2696 fi-

643 2725 740 2778 lius
759 2761 774 2788 ,
801 2721 1009 2775 AEtolioe
1031 2741 1150 2786 rex,
1172 2722 1320 2787 cuius
1336 2722 1458 2774 urbs
1485 2723 1654 2789 Caly-

643 2805 744 2854 don
761 2840 774 2861 ‚
805 2817 970 2866 quum
987 2799 1171 2851 Dianae
1184 2799 1385 2850 cultum
1404 2799 1658 2867 neglexis-

645 2888 723 2930 set
744 2913 758 2940 ,
801 2875 886 2927 illa
910 2874 1062 2926 terris
1097 2874 1209 2941 ejus
1246 2884 1448 2926 vastum
1480 2893 1653 2940 aprum

644 2953 892 3017 immisit,
920 2951 1008 3019 qui
1039 2961 1238 3020 segetes
1260 2960 1518 3014 vastaret,
1548 2969 1653 3018 pe—

640 3030 902 3097 cudesque
936 3026 1231 3081 trucidaret.
1277 3026 1363 3080 Ad
1398 3047 1525 3091 eum
1566 3028 1655 3080 in-

641 3106 1011 3163 terficiendum
1033 3114 1412 3158 concurrerunt
1430 3124 1492 3157 ex
1512 3104 1654 3158 mul-

642 3183 933 3238 tisGraeciae
945 3181 1234 3235 civitatibus
1252 3181 1348 3235 viri
1366 3182 1650 3248 fortissimi,

641 3263 695 3316 in
712 3261 898 3331 quibus
917 3271 1028 3314 erat
1042 3259 1202 3313 etiam
1218 3261 1488 3319 Atalanta,
1504 3261 1651 3330 virgo

643 3339 891 3396 Arcadica
906 3379 921 3406 ‚
950 3340 1099 3408 cujus
1121 3356 1300 3390 amore
1316 3339 1440 3392 arsit
1454 3341 1651 3393 Helea—

632 3438 750 3485 ger,
790 3416 952 3471 OEnei
994 3415 1142 3469 iilius.
1182 3416 1307 3468 Post
1342 3416 1648 3470 acerrimam

639 3513 869 3564 pugnam
893 3514 1017 3564 aper
1040 3492 1356 3546 interficitur
1380 3511 1408 3544 a
1433 3493 1649 3546 Melea-—

637 3590 733 3642 gro
749 3611 765 3637 ,
789 3573 875 3639 qui
895 3577 1104 3624 etum'as
1118 3581 1172 3624 et
1195 3573 1365 3624 dentes
1388 3570 1648 3624 Atalante

636 3651 800 3704 donat
822 3687 837 3714 ‚
875 3669 990 3717 quoe
1018 3652 1185 3720 prima
1209 3671 1394 3721 aprum
1421 3652 1652 3705 violave-

636 3738 732 3781 rat.
753 3730 957 3781 Althaa
975 3767 989 3786 ,
1022 3740 1189 3781 mater
1210 3730 1495 3798 Meleagri,
1515 3729 1648 3782 duos

636 3806 857 3860 habebat
873 3807 1078 3869 fratres,
1090 3808 1382 3872 Plexippum
1393 3817 1447 3858 et
1458 3809 1644 3869 Toxea,

635 3885 1002 3955 quivi-nationi
1028 3883 1388 3936 interfuerant.
1413 3884 1454 3937 Ii
1482 3904 1645 3953 quum

633 3961 827 4015 invidia
845 3963 964 4017 tacti
984 3960 1242 4015 Atalante
1260 3960 1525 4029 eriperent
1537 3960 1648 4013 vic-

632 4037 780 4090 toria
797 4037 941 4106 signa
954 4076 969 4103 ‚
993 4036 1266 4107 Meleager
1281 4055 1369 4090 eos
1384 4037 1645 4091 interficit.

636 4116 708 4168 At
733 4125 926 4179 mater,
957 4128 1011 4169 ut
1035 4118 1258 4171 fratrum
1279 4117 1473 4172 cedem
1500 4118 1646 4171 acci-

628 4193 705 4263 pit
718 4232 733 4260 ,
747 4196 965 4260 stipitem
979 4194 1207 4258 fatalem,
1224 4195 1277 4248 in
1291 4214 1395 4263 quo
1409 4195 1513 4247 vita
1533 4195 1645 4247 Me·

627 4268 790 4340 leagri
811 4268 1181 4323 continebatur
1202 4309 1218 4337 ,
1252 4270 1476 4325 flammis
1495 4289 1647 4324 com-

1752 1785 1891 1837 burit
1912 1824 1927 1850 ,
1966 1804 2071 1855 quo
2094 1795 2371 1837 consumto
2388 1783 2659 1854 Meleager
2682 1803 2762 1838 ex·

1752 1866 2071 1935 stinguitur;
2108 1885 2299 1919 sorores
2328 1875 2503 1918 autem
2531 1865 2643 1933 ejus
2666 1865 2761 1916 in-

1754 1945 1968 2001 teritum
1987 1945 2201 2009 flentes,
2228 1945 2282 1996 in
2305 1964 2422 1997 aves
2445 1946 2765 2010 meleagrides

1754 2034 2043 2075 mutantur.
2083 2023 2279 2075 Fabula
2302 2022 2420 2075 satis
2451 2021 2706 2073 celebrata
2730 2040 2759 2073 a

1750 2099 2084 2170 scriptoribus
2107 2100 2345 2169 antiquis.
2391 2098 2605 2151 Confer.
2631 2100 2758 2151 Ho-

1751 2196 1929 2231 merus
1948 2216 1962 2243 ,
2003 2178 2063 2233 ll.
2086 2178 2111 2232 1
2132 2216 2147 2244 ,
2188 2181 2316 2249 ⁵²9³
2365 2174 2715 2231 Callimachus
2740 2216 2756 2242 ,

1754 2254 1935 2327 hymn.
1962 2255 2116 2307 Dian.
2149 2255 2273 2316 216;
2314 2254 2611 2320 Diodorus,
2645 2255 2756 2321 lV,

1753 2352 1801 2401 p.
1829 2336 1958 2398 24o;
1994 2331 2371 2401 Apollodorus,
2399 2334 2424 2385 Ῑ
2446 2371 2461 2398 ,
2504 2347 2610 2383 vul
2634 2370 2648 2395 ,
2689 2354 2718 2384 a
2741 2354 2754 2395 ;

1739 2410 1868 2475 111,
1894 2427 1982 2475 rx,
2011 2432 2065 2472 ας
2087 2410 2473 2482 Hyginus,sab.
2494 2412 2755 2478 171—1743

1752 2487 2032 2540 Pausanias
2050 2525 2064 2552 ,
2093 2486 2279 2540 Arcad.
2303 2507 2351 2556 p.
2376 2487 2504 2556 6923
2533 2487 2760 2539 Antoni-

1752 2584 1881 2629 nus,
1915 2584 1941 2616 a
1963 2602 1977 2629 ,
2006 2584 2068 2617 ex
2092 2563 2372 2619 Nicandro.
2402 2563 2575 2616 Etiam
2606 2564 2757 2618 Phe-

1750 2641 1968 2712 recydes
1992 2653 2045 2695 et
2084 2641 2392 2710 Euphorion
2419 2654 2758 2697 narraverant

1749 2718 1974 2770 fabulam
1993 2758 2006 2783 ,
2037 2728 2151 2771 tum
2179 2718 2455 2788 Euripides
2477 2720 2533 2772 in
2561 2720 2757 2773 Melea·

1750 2812 1845 2860 gro
1870 2803 2174 2848 tractaverat
2194 2833 2209 2860 ‚
2237 2794 2376 2848 unde
2393 2814 2504 2848 non
2524 2797 2621 2849 nisi
2636 2815 2758 2865 pau·

1747 2889 1808 2923 ca
1830 2871 2121 2940 fragmenta
2140 2884 2453 2941 supersunt,
2469 2892 2584 2942 quc
2600 2874 2758 2928 babes

1750 2948 1806 3000 in
1834 2950 2110 3003 Valkenar.
2134 2950 2302 3004 Diatr.
2320 2970 2369 3019 p.
2390 2951 2479 3020 137
2492 2970 2602 3019 sqq.
2623 2951 2754 3004 Eam

1747 3025 1973 3079 fabulam
1996 3027 2211 3080 latinam
2235 3027 2427 3080 secerat
2460 3029 2651 3081 Attius·
2691 3029 2755 3081 ln

1748 3105 1915 3173 prima
1940 3105 2108 3176 mythi
2143 3115 2290 3174 parte
2324 3124 2486 3174 usque
2521 3107 2590 3159 ad
2624 3126 2758 3159 ver-

1746 3201 1864 3235 sum
1888 3184 1985 3237 300
2001 3222 2017 3248 ,
2044 3184 2239 3237 Noster
2257 3184 2558 3236 Homerum
2579 3184 2755 3253 sequi-

1746 3268 1853 3325 tur,
1867 3270 1921 3313 et
1933 3260 2134 3329 singula
2147 3299 2162 3327 ,
2182 3278 2299 3330 quo
2312 3261 2395 3315 ille
2407 3262 2635 3315 breviter
2645 3281 2755 3315 me-

1746 3351 1950 3405 morat,
1975 3358 2070 3393 suo
2094 3339 2255 3393 modo
2279 3351 2508 3394 exornat.
2541 3340 2757 3395 Transit

1745 3430 1921 3474 autern
1944 3419 2006 3472 ad
2029 3439 2138 3489 sqq.
2163 3440 2258 3489 per
2290 3422 2755 3474 Thallaba-.—

1743 3498 1981 3563 Jamque.
1997 3536 2010 3548 .
2027 3534 2040 3546 .
2058 3499 2365 3550 ,habebatun
2392 3495 2525 3550 Vide
2549 3497 2615 3549 ad
2635 3517 2757 3551 ver-

1742 3594 1861 3629 sum
1895 3576 1999 3628 183.
2025 3601 2091 3614 -
2118 3579 2404 3643 Fatigatum
2437 3576 2519 3629 vel
2543 3577 2717 3630 volatu
2735 3615 2750 3643 ,

1743 3652 1824 3704 vel
1848 3650 1989 3704 luctu
2015 3661 2068 3704 et
2087 3653 2334 3706 erumnis
2350 3690 2367 3717 ,
2403 3663 2461 3706 ut
2487 3654 2588 3718 lv,
2617 3654 2714 3704 563
2733 3689 2750 3716 ,

1745 3725 1857 3780 cad
1863 3747 1978 3781 mus
1996 3732 2133 3781 luctu
2153 3734 2369 3797 serieque
2388 3733 2626 3781 nolon-
2642 3730 2753 3777 υἱε-

1738 3817 1838 3862 tas.
1866 3836 1934 3849 -—
1965 3809 2142 3862 Amezr
2176 3821 2360 3863 contra
2389 3808 2573 3860 Minoa
2598 3844 2615 3870 ‚
2659 3804 2753 3873 qui

1742 3885 2018 3939 Daedalum
2040 3886 2135 3940 sibi
2161 3886 2479 3956 deposcebat.
2504 3910 2571 3922 ·—
2601 3884 2751 3936 Mle}

1740 3966 2036 4027 labebatur,
2066 3961 2519 4018 commiseratione
2547 3960 2753 4014 Dedan

1740 4050 1906 4093 tactus
1930 4060 2054 4094 eum
2088 4042 2143 4094 in
2187 4038 2403 4093 tutelam
2440 4051 2707 4108 receperat
2734 4059 2748 4092 ι

1739 4120 2017 4172 habebatur
2036 4138 2131 4188 pro
2150 4115 2346 4186 vulgari
2371 4153 2387 4181 ,
2418 4128 2547 4170 erat.

1805 4196 1915 4249 253.
1947 4199 2145 4258 Laude,
2183 4194 2375 4248 virtute
2411 4195 2602 4250 Thesei
2637 4196 2750 4265 glo-

1740 4272 1888 4327 riosa.
1914 4275 1976 4328 In
1995 4273 2362 4342 antiquissimis
2384 4272 2613 4328 donariis
2627 4311 2644 4341 ,
2668 4273 2749 4327 lo-
