3185 5138
554 536 1594 607 METAMORPHOSEON
1641 541 1833 607 LIB.
1885 543 2089 611 VIII
2330 549 2403 615 31

273 676 498 752 Crinis
528 693 670 751 erat
700 672 982 776 simplex
1005 732 1023 764 ‚
1060 675 1312 750 nodum
1348 676 1667 753 collectus
1700 678 1772 751 in
1804 708 2052 756 unum:

271 795 379 866 Ex
410 791 691 865 humero
723 788 1021 890 pendens
1056 791 1408 867 resonabat
1441 793 1732 869 eburnea
1770 791 1931 869 laevo

2316 823 2414 875 320

272 908 590 983 Telorum
624 924 888 994 custos;
925 934 1147 980 arcum
1185 935 1452 1009 quoque
1488 907 1662 986 laeva*
1679 909 1963 984 tenebat.

273 1022 457 1097 Talis
493 1039 632 1096 erat
665 1019 919 1107 cultus;
954 1021 1192 1112 facim,
1233 1051 1427 1124 quam
1466 1023 1679 1098 dicere
1713 1053 1860 1098 vere

274 1140 661 1236 Virgineam
692 1140 764 1211 in
796 1167 1005 1240 puero
1026 1194 1045 1229 ‚
1080 1139 1401 1240 puerilem
1434 1139 1500 1211 in
1532 1140 1786 1235 &irgine
1819 1142 2058 1241 possis.

277 1256 471 1330 Hanc
501 1255 750 1356 pariter
777 1254 981 1343 vidit,
1017 1254 1268 1355 pariter
1301 1254 1707 1357 Calydonius
1741 1257 1939 1331 heros

280 1373 595 1474 Optavit,
630 1390 946 1447 renuente
981 1373 1162 1454 Deo,
1201 1371 1622 1473 flammasque
1658 1371 1934 1447 latentes

2311 1399 2413 1452 325

276 1488 567 1563 Hausit:
599 1504 702 1573 et,
745 1518 779 1549 «
819 1487 884 1559 O
917 1483 1113 1572 felix,
1151 1485 1209 1559 si
1246 1514 1441 1586 quem
1478 1486 1895 1581 dignabitur,
1933 1489 2191 1590 inquit,

287 1637 321 1667 ι»
359 1606 497 1677 Ista
530 1602 743 1676 virum
771 1604 785 1674 !
822 1636 856 1667 »
895 1630 1015 1675 nec
1048 1598 1243 1702 plura
1275 1602 1506 1676 sinunt
1539 1620 1930 1704 tempusque
1951 1660 1969 1691 ‚
2003 1606 2352 1707 pudorque

279 1724 519 1798 Dicere
547 1753 564 1795 ε
591 1724 803 1822 majus
837 1752 1011 1824 opus
1042 1724 1274 1819 magni
1306 1725 1680 1799 certaminis
1714 1745 1923 1821 urget.

380 1847 559 1921 Silva
588 1845 900 1946 frequens
938 1845 1279 1935 trabibus,
1319 1876 1517 1948 quam
1546 1847 1731 1922 nulla
1765 1848 2087 1925 ceciderat
2122 1870 2309 1942 aetas,

281 1972 528 2073 Incipit
560 1999 594 2044 a
629 1969 868 2071 plano,
903 1970 1275 2071 devexaque
1306 1971 1635 2072 prospicit
1666 2001 1852 2049 arva:

2318 1999 2415 2051 330

283 2097 444 2193 Quo
480 2113 838 2196 postquam
868 2123 1100 2169 venere
1134 2095 1258 2170 viri
1279 2152 1299 2185 ‚
1335 2124 1488 2197 pars
1516 2097 1681 2171 retia
1715 2097 2035 2172 tendunt:

281 2220 573 2296 Vincula
603 2247 756 2321 pars
791 2219 1092 2294 adimunt
1124 2221 1401 2296 canibus
1432 2250 1448 2295 ε
1478 2249 1632 2322 pars
1661 2250 1888 2323 pressa
1919 2241 2291 2323 sequuntur

282 2409 362 2462 vel
372 2409 508 2462 circa
520 2418 699 2478 pectus
712 2409 1182 2479 constringebatur.
1196 2408 1303 2462 lna

284 2487 595 2540 dicebantur
614 2491 814 2564 περᾶναι,
832 2487 931 2553 hae,
952 2492 1131 2564 πέρκαι.
1146 2482 1303 2540 AElia·

283 2586 383 2620 nus
401 2605 415 2630 ,
461 2564 603 2619 dicto
647 2565 761 2620 loco
778 2605 793 2632 ,
834 2566 882 2619 ei
917 2565 1020 2619 trib
1063 2566 1102 2619 ‘t
1144 2573 1305 2629 στολὴν

282 2646 553 2728 defui-‘praet
578 2654 658 2700 καὶ
683 2650 895 2706 τοιαύτην
917 2684 932 2710 ,
978 2586 1163 2711 arbi
1190 2645 1304 2696 ἆτο-

286 2730 380 2776 ΐεῖν
400 2735 482 2785 τῖς
505 2726 773 2798 Δρτίμιδος.
791 2750 857 2763 -·
877 2724 1044 2775 Cre'nt‘s
1054 2725 1269 2788 simplet
1285 2762 1299 2784 ,

282 2800 451 2854 cultus
474 2799 782 2869 capillorum
806 2800 1038 2869 simplex.
1064 2798 1185 2867 Ope
1210 2799 1303 2851 sas·

284 2879 375 2932 cie
414 2877 793 2948 colligebantur
834 2878 889 2931 in
927 2879 1109 2930 nodum
1146 2887 1301 2945 atque

283 2962 469 3012 nodari
486 2955 812 3009 dicebantur.
852 2955 1082 3008 Auctore
1126 2954 1303 3023 Apol-

288 3035 475 3089 lodoro
502 3075 519 3100 ,
556 3040 817 3110 ,θηρεύουσα
861 3036 904 3086 ἓν
939 3037 1107 3109 ἐρημίᾳ
1151 3044 1304 3087 καθω-

290 3118 510 3181 πλισμίνη
535 3114 738 3165 &etz-ilie.
754 3111 897 3164 Hinc
911 3114 1186 3164 ethelmero
1206 3122 1302 3164 etc.

291 3220 356 3231 —
382 3192 625 3244 Custodes
646 3208 828 3242 rerum
866 3187 1111 3242 dicuntur
1144 3209 1263 3243 vasa
1289 3227 1304 3254 ‚

293 3286 408 3338 que
420 3268 531 3321 illas
542 3268 841 3331 continent;
859 3265 1017 3332 xm,
1041 3266 1154 3336 703,
1172 3285 1307 3320 acer·

291 3366 350 3400 ra
372 3356 545 3400 custos
565 3350 705 3397 turis.

359 3425 473 3478 322.
528 3426 673 3476 Talis
707 3431 819 3476 emt
851 3426 1055 3487 cultus;
1083 3421 1259 3490 facin
1283 3439 1303 3486 ‚·

298 3503 497 3574 Regius
523 3504 571 3555 A
589 3541 604 3567 ,
651 3503 796 3553 ΤαΙιζι·
815 3510 928 3553 erat
936 3497 1111 3567 fhcies
1135 3502 1271 3551 cultu
1290 3515 1307 3562 ς

300 3578 483 3634 Codex
505 3580 551 3632 Β
568 3619 583 3646 ,
626 3581 770 3632 Talis
800 3588 910 3631 erat
936 3580 1073 3631 cultu
1087 3574 1261 3641 facies
1285 3592 1304 3638 ,-

298 3659 485 3728 quibus
525 3656 834 3710 lectionibus
859 3654 977 3708 data
1000 3655 1149 3708 sicuti
1172 3654 1311 3707 sim·-

300 3740 479 3808 plicior
507 3756 567 3790 ac
590 3737 762 3789 verior
788 3733 1172 3804 anteponenda.
1213 3735 1310 3786 Ed.

302 3819 562 3869 —Facies
578 3812 753 3866 media
769 3823 880 3866 erat
896 3814 948 3865 in
956 3823 1035 3865 ter
1057 3811 1312 3881 puerilem

299 3906 353 3949 et
376 3894 665 3963 virgineam
684 3932 699 3958 ,
729 3892 891 3962 qualis
916 3891 1130 3944 decebat
1160 3891 1317 3959 virgi-

300 3990 433 4025 nem
456 3972 773 4025 venatricem
796 3994 809 4034 ;
848 3970 1031 4023 confer
1058 3969 1137 4022 lx
1159 4008 1174 4033 ,
1206 3987 1313 4033 7¹2·

302 4049 546 4102 AElianus
583 4049 631 4102 ei
669 4048 851 4101 tribuit
886 4047 1144 4117 insignem
1188 4044 1318 4114 pul-

299 4126 658 4181 chritudinem
674 4137 727 4179 et
742 4127 996 4196 fulgorem
1015 4124 1285 4177 oculorum
1301 4162 1316 4189 ,
1349 4133 1369 4153 ⁶

302 4207 390 4273 qui
415 4206 796 4275 perstringeret
814 4204 1108 4268 intuentes,
1137 4211 1189 4254 et
1208 4219 1320 4270 per·

306 4283 540 4338 turbaret
562 4285 775 4353 ignavos
802 4281 1057 4335 homines.

1467 2409 1578 2473 324.
1600 2410 1751 2461 Hanc
1765 2413 1960 2474 parites·
1970 2412 2104 2461 vidit
2116 2449 2129 2469 ,
2157 2419 2253 2463 etc.
2267 2411 2414 2465 Prae-

1400 2484 1534 2539 clare
1562 2494 1713 2537 notat
1737 2484 1910 2537 herois
1927 2503 2100 2538 mores
2116 2525 2132 2551 ,
2151 2487 2234 2539 cui
2254 2487 2416 2557 gloria

1400 2583 1430 2617 e
1453 2574 1694 2617 monstro
1710 2562 1986 2616 interfecto
2002 2564 2173 2632 potior
2188 2585 2296 2619 esse
2318 2565 2416 2619 de-

1400 2641 1569 2695 bebat.
1590 2641 1773 2710 Neque
1794 2640 1947 2710 plane
1965 2642 2288 2695 omittendus
2302 2655 2414 2697 erat

1398 2718 1483 2772 hic
1511 2737 1689 2785 amor,
1730 2728 1946 2788 propter
1967 2738 2028 2772 ea
2048 2758 2062 2785 ,
2096 2739 2210 2788 que
2236 2720 2359 2775 inde
2387 2741 2415 2774 a

1397 2815 1553 2850 versu
1575 2796 1673 2862 426
1690 2837 1704 2863 ,
1744 2807 2054 2865 sequuntur.
2096 2797 2267 2851 Simul
2306 2800 2413 2852 hec

1398 2873 1573 2927 valent
1586 2873 1649 2927 ad
1665 2872 2142 2927 commendandam
2159 2876 2415 2930 Atalantae

1399 2951 1479 3005 vel
1508 2952 1953 3022 pulchritudinem
1977 2953 2057 3006 vel
2087 2953 2412 3023 dignitatem.

1399 3058 1466 3070 -
1492 3033 1633 3099 Opus
1655 3036 1942 3083 certamebis
1964 3031 2070 3084 sere
2098 3029 2296 3085 dictum
2312 3074 2326 3099 ,
2358 3045 2415 3087 ut

1400 3118 1647 3161 certamen
1666 3127 1849 3175 pugne
1868 3148 1882 3168 ‚
1925 3108 2031 3161 xll
2049 3146 2063 3173 ‚
2096 3111 2203 3162 ¹80.

1468 3186 1581 3257 3²9·
1595 3184 1973 3254 &ivasoequens
1992 3195 2089 3239 etc.
2109 3186 2277 3239 Imeus
2290 3227 2304 3253 ,
2326 3188 2419 3243 ubi

1403 3281 1529 3332 aper
1550 3263 1977 3315 commorabatur
1995 3303 2010 3328 ,
2052 3272 2106 3316 et
2134 3264 2274 3316 unde
2297 3266 2416 3333 pri-

1404 3358 1522 3394 mus
1544 3340 1861 3409 impetus.-
1880 3343 2040 3406 Quam
2058 3344 2199 3392 nulla
2220 3345 2414 3393 cecide—

1402 3430 1490 3472 rat
1503 3430 1628 3472 etas
1639 3440 1655 3472 .·
1669 3420 1786 3473 alibi
1809 3423 2040 3473 nemoris
2060 3420 2253 3474 indicat
2271 3439 2419 3472 sanc.-

1406 3497 1609 3550 titatem
1625 3537 1640 3563 ,
1656 3496 1741 3550 hic
1755 3496 2082 3550 densitatem.
2096 3525 2163 3536 —
2180 3498 2304 3551 Post
2324 3503 2418 3550 in·—

1405 3580 1535 3642 cipit
1563 3595 1599 3626 a
1619 3578 1780 3641 plano
1802 3575 1948 3642 sequi
1973 3573 2222 3640 debebat,
2256 3577 2420 3645 surgit

1408 3653 1463 3705 in
1489 3662 1673 3704 monte
1699 3663 1789 3704 aut
1811 3651 1942 3703 clivo
1965 3651 2194 3704 molliter
2213 3651 2420 3707 adscen-

1409 3729 1568 3784 dente
1588 3752 1603 3792 ;
1626 3728 1716 3782 sed
1737 3729 1983 3798 exquisite
2008 3748 2106 3798 pro
2119 3749 2184 3782 eo
2200 3771 2214 3796 ,
2237 3734 2423 3785 devexa

1402 3812 1648 3876 prospicit
1667 3826 1788 3859 arva
1807 3827 1822 3860 .·
1840 3811 2027 3861 devexa
2044 3848 2056 3869 ,
2076 3807 2185 3861 loca
2199 3810 2383 3877 supina
2406 3848 2421 3875 ‚

1412 3884 1660 3955 paulatim
1684 3883 2052 3937 descendentia
2075 3882 2139 3936 ad
2165 3884 2379 3952 planum
2409 3902 2422 3934 :

1404 3969 1720 4032 prospiciunt
1750 3964 1860 4016 loca
1882 4003 1897 4029 ,
1953 3961 2093 4015 unde
2128 3973 2426 4030 prospectus

1415 4044 1469 4095 in
1496 4043 1760 4095 inferiora.

1502 4120 1614 4171 332.
1662 4120 1906 4181 Vincula,
1943 4116 2159 4170 funiculi
2184 4157 2198 4182 ,
2241 4118 2429 4187 quibus

1417 4197 1745 4250 ducebantur
1783 4214 1937 4249 canes
1973 4195 2036 4248 ad
2080 4197 2433 4250 venationem.

1420 4302 1486 4317 --
1504 4276 1753 4328 Adimam
1781 4274 2003 4327 verbum
2025 4274 2080 4327 in
2101 4274 2197 4328 hac
2220 4295 2277 4329 re
2307 4294 2434 4345 pro·-
