3185 5138
720 725 831 828 P.
915 721 1429 825 OVIDII
1510 714 2160 824 NASONIS

2321 557 2508 585 'm

504 942 2402 1081 METAMORPHOSEON
2520 1015 2521 1018 ψ

911 1207 1286 1292 LIBER
1355 1205 1971 1292 DECIMUS.
2013 1245 2022 1258 =

501 1689 582 1748 N.
617 1686 693 1746 B.
735 1686 1154 1769 Argumentum
1195 1687 1365 1769 hujus
1424 1687 1584 1747 Libri
1634 1688 1835 1749 decimi
1884 1689 2427 1770 Metamorphoseon
2466 1735 2483 1764 ‚

397 1794 633 1854 relatum
664 1793 917 1854 invenies
946 1795 1004 1852 in
1035 1795 1177 1856 serie
1217 1794 1501 1855 CANTEM
1528 1839 1547 1871 ,
1587 1796 1759 1857 Tom.
1805 1797 1896 1856 111
1921 1839 1940 1872 ,
1965 1816 2092 1880 pag.
2121 1794 2223 1879 39.

401 2086 565 2157 ΓΑΒ.
597 2085 649 2156 Ι.
691 2051 797 2157 IN
817 2104 924 2158 DE
958 2113 1077 2186 per
1111 2087 1498 2161 immensum
1534 2113 1764 2159 croceo
1800 2081 2047 2158 velatus
2081 2084 2321 2158 amictu

399 2202 568 2272 Aera
598 2198 1000 2294 digreditur,
1039 2201 1489 2301 Ciconumque
1525 2203 1919 2301 Hymenaeus
1953 2197 2035 2272 ad
2073 2227 2220 2273 oras

402 2315 677 2405 Tendit,
715 2334 782 2391 et
819 2316 1090 2418 Orphea
1126 2316 1563 2416 nequicquam
1589 2344 1747 2389 voce
1780 2331 2072 2388 vocatur.

473 2509 617 2562 1-85.
640 2510 865 2577 Orpheus
875 2510 1160 2580 Eurydicen
1174 2547 1188 2567 ‚
1207 2525 1416 2576 serpen·

404 2589 466 2641 tis
498 2608 706 2643 veneno
744 2589 1073 2642 interfectam
1093 2627 1108 2654 ‚
1147 2588 1211 2641 ab
1239 2588 1420 2642 inseri·

404 2663 758 2718 reducendam
777 2665 1025 2734 impetrat
1037 2684 1099 2719 ea
1111 2665 1225 2734 lege
1243 2703 1258 2729 ‚
1283 2665 1325 2718 si
1344 2685 1419 2718 se-

407 2757 656 2813 quentem
673 2766 782 2799 non
799 2747 1053 2816 respiciat.
1072 2745 1237 2815 Quod
1252 2765 1418 2814 quum

409 2841 587 2877 amans
611 2826 806 2877 faceret
822 2863 837 2890 ,
861 2824 946 2877 illa
966 2823 1031 2876 ad
1056 2823 1251 2877 inferos
1273 2823 1417 2876 rela-

409 2903 549 2956 bitur
562 2924 576 2966 ;
599 2902 850 2972 Orpheus
864 2914 1042 2957 autem
1056 2943 1072 2969 ‚
1089 2914 1262 2973 spreta
1286 2922 1418 2956 mu-

408 2979 545 3033 lieris
571 2981 955 3035 consuetudine
975 3019 990 3046 ,
1029 3001 1218 3049 pueros
1245 2999 1420 3034 amare

412 3060 677 3113 Thracum
701 3061 918 3130 populos
936 3060 1115 3122 docet:
1143 3060 1388 3129 Virgilius
1404 3100 1419 3127 ,

411 3136 603 3206 Georg.
627 3138 725 3204 IV,
745 3140 842 3204 454
854 3157 963 3208 sqq.
979 3160 992 3199 ς
1009 3138 1210 3191 Seneca
1224 3178 1240 3204 ‚
1262 3139 1423 3192 Herc.

414 3216 536 3268 Fur.
577 3216 708 3286 5593
751 3216 911 3269 Herc.
960 3217 1073 3269 OEt.
1111 3214 1230 3269 103'1
1270 3235 1382 3285 sqq.
1409 3237 1424 3280 ς

418 3293 613 3347 Athen.
637 3293 775 3347 xlll
793 3332 808 3359 ,
835 3314 883 3363 p.
904 3299 996 3366 597
1019 3333 1034 3358 ,
1062 3294 1350 3363 ubisragm.
1367 3313 1428 3348 ex

416 3371 574 3441 elegis
602 3371 1079 3437 Hermesianactis,
1100 3371 1340 3440 Apollod.
1368 3372 1394 3424 1
1411 3409 1427 3437 ,

421 3464 487 3500 111
508 3486 523 3514 ,
550 3469 597 3500 2.
634 3449 879 3520 Hyginus
898 3487 912 3513 ,
951 3450 1051 3501 sab.
1088 3449 1195 3515 164.
1225 3448 1428 3516 Nempe

421 3534 626 3577 mortua
662 3526 886 3595 conjuge
927 3525 1171 3579 Aornum
1198 3564 1213 3590 ‚
1251 3523 1432 3577 Thea-

423 3606 603 3674 protiae
638 3605 825 3658 urbem
849 3639 864 3667 ,
897 3605 986 3658 ubi
1018 3602 1435 3673 antiquissimum

423 3684 754 3749 νειυηιᾶντηον
780 3721 794 3747 ,
828 3683 1090 3751 prosectu·
1122 3701 1230 3735 ecoe
1261 3679 1435 3733 tradi-

427 3770 514 3812 tur
533 3799 548 3826 ,
587 3761 674 3813 ubi
701 3760 990 3832 Eurydices
1014 3761 1242 3812 animam
1263 3777 1317 3811 ae
1342 3776 1436 3810 se-

428 3848 679 3904 quentem
705 3836 882 3890 videre
906 3836 1002 3891 sibi
1023 3838 1159 3889 visus
1181 3846 1259 3889 est
1280 3856 1296 3887 .-
1319 3834 1437 3886 vide

430 3916 652 3969 Pausan.
667 3916 836 3969 Boeot.
851 3937 899 3986 p.
921 3916 1029 3985 768.
1043 3916 1187 3968 Hinc
1202 3922 1324 3967 nata
1337 3914 1440 3965 sor·

429 4004 557 4047 tasse
583 3994 769 4047 sabula.
792 4023 857 4035 -
884 3996 1208 4065 Hymenaeus
1230 4011 1258 4045 e
1278 3991 1443 4045 Creta

430 4070 493 4121 ab
511 4068 708 4137 Ipbidis
725 4072 921 4141 nuptiis
938 4080 1145 4124 vocatus
1161 4067 1445 4138 proficisci-

434 4158 519 4201 tur
542 4147 608 4201 ad
633 4148 876 4218 Orpheae
898 4150 955 4202 in
979 4147 1273 4200 Thraciam.
1299 4148 1450 4199 Croci

435 4245 556 4279 usus
590 4228 748 4281 etiam
782 4229 838 4281 in
874 4228 1112 4284 tincturis
1144 4236 1291 4291 erat,
1323 4224 1446 4278 hinc

433 4303 699 4373 insectans
715 4312 985 4360 ενοι-αἰανῆ
995 4304 1131 4374 apud
1147 4306 1314 4360 Plani.
1327 4302 1447 4357 Aut.

1515 2507 1598 2562 111
1612 2543 1641 2573 .‚
1687 2510 1732 2560 5.
1776 2509 1991 2560 Croceus
2027 2506 2243 2557 ame'coes
2278 2501 2528 2556 tribuitur

1512 2590 1670 2645 etiam
1688 2586 1894 2640 Baccho
1909 2624 1925 2650 ,
1952 2584 2150 2638 Athen.
2166 2583 2236 2648 V,
2254 2602 2305 2651 p.
2326 2584 2419 2654 198
2434 2620 2450 2648 ,
2475 2592 2530 2635 et

1513 2666 1717 2720 Veneri
1738 2704 1754 2731 ,
1786 2662 1963 2717 Valet.
1989 2663 2156 2716 Flacc-
2184 2660 2319 2714 v111
2339 2664 2369 2725 ,⁷
2393 2660 2490 2726 234
2514 2681 2526 2713 :

1510 2748 1630 2800 vide
1654 2746 1869 2800 Salmas.
1907 2742 1973 2797 ad
2002 2741 2204 2796 Tertul.
2232 2738 2300 2793 de
2332 2739 2528 2806 Pallio,

1515 2844 1564 2894 p.
1581 2824 1692 2896 δας).
1719 2823 1790 2877 E«
1813 2822 1852 2874 ia
1875 2820 2020 2873 color
2036 2817 2283 2872 convenit
2307 2816 2497 2871 letitie
2511 2854 2529 2883 ,

1514 2903 1710 2971 nuptiis
1743 2902 1797 2953 in
1829 2898 2027 2969 primis.
2063 2895 2530 2963 Claudian.-Nupt.

1518 2982 1727 3049 nonpr.
1748 2998 1776 3030 2
1785 2998 1804 3030 1
1818 2997 1858 3031 1.
1871 2977 2164 3043 Hincflaoa
2178 2974 2414 3042 coniugio
2428 2976 2534 3025 vin-

1517 3063 1818 3127 culaporlaet
1840 3060 2025 3111 Amor.-
2041 3053 2213 3109 Tibul.
2235 3054 2290 3108 11
2310 3092 2326 3119 ,
2352 3070 2427 3117 ιι,
2460 3053 2535 3104 ι8.

1518 3144 1820 3197 -Velatus,
1844 3138 2076 3199 vestitum
2091 3133 2182 3189 sed
2196 3130 2536 3196 maluitillud,

1524 3218 1646 3285 quia
1686 3221 1906 3268 amictus
1953 3213 2112 3265 laxius
2150 3210 2542 3263 vestimentum.

1524 3295 1730 3361 Nempe
1755 3293 1907 3360 palla
1931 3289 2077 3343 intel.
2099 3307 2214 3357 quae
2243 3287 2542 3357 Hymeuaeo

1527 3368 1749 3423 Heroid.
1770 3368 1900 3421 xxl
1915 3406 1933 3433 ‚
1961 3367 2049 3419 162
2067 3404 2083 3431 ,
2105 3363 2366 3418 tribuitur.
2381 3390 2448 3402 —
2462 3363 2549 3415 ln-

1529 3455 1612 3498 ter
1644 3447 1854 3498 Cicones
1883 3483 1896 3503 ,
1942 3441 2181 3495 Thi-acia
2221 3444 2435 3508 g'entem
2478 3437 2546 3490 ad

1530 3522 1777 3574 Hebrum
1792 3519 1993 3573 flumen
2014 3556 2028 3583 ,
2048 3517 2173 3569 vixit
2199 3514 2476 3583 Orpheus,
2492 3523 2549 3566 et

1531 3619 1560 3652 a
1573 3600 1880 3652 mulieribus
1892 3613 2079 3651 eorum
2090 3595 2375 3663 discerptus
2389 3603 2551 3646 eat.—

1531 3679 1867 3744 Neqm'cquam
1888 3671 2159 3743 quomodo
2181 3689 2326 3724 nunc
2345 3668 2553 3722 iutelli-

1534 3753 1766 3824 gendum
1788 3754 1854 3806 ait
1874 3791 1889 3819 ,
1918 3760 2072 3821 poeta
2103 3750 2212 3819 ipse
2236 3766 2358 3802 mox
2379 3746 2550 3799 docet.

1535 3832 1664 3885 Sine
1688 3833 1861 3885 fructu
1888 3828 2087 3883 vocavit
2110 3828 2290 3881 Deum
2307 3865 2324 3891 ‚
2348 3835 2410 3878 ut
2431 3824 2555 3876 nul-

1534 3911 1649 3964 lum
1663 3909 1786 3963 inde
1801 3908 2220 3963 emolumentum
2231 3902 2558 3958 redundaret

1539 3989 1605 4043 ad
1626 3987 1934 4057 coniugium
1956 4004 2123 4039 suum.
2147 4004 2161 4039 ς
2195 3982 2313 4036 vide
2343 3979 2407 4033 ad
2440 3980 2519 4034 lx
2539 4018 2557 4046 ,

1541 4071 1653 4141 295.
1692 4067 1801 4120 Pro
1842 4075 2048 4132 rogatur
2069 4103 2083 4125 ‚
2122 4060 2265 4131 quod
2299 4060 2561 4112 Burman.

1540 4147 1795 4215 xoexofe'uov
1831 4140 2030 4195 vitandi
2067 4158 2220 4194 causa
2245 4156 2277 4191 e
2320 4157 2378 4190 ια
2412 4133 2562 4190 MSS

1542 4221 1770 4292 recepit,
1798 4218 2153 4274 revocavimus
2175 4225 2399 4271 vocatur.
2423 4215 2565 4269 Ete-

1546 4300 1664 4355 nim
1683 4318 1869 4353 vocaeoe
1883 4299 2048 4352 Deum
2071 4299 2150 4352 ad
2161 4314 2338 4361 sacra,
2369 4296 2445 4348 ad
2455 4311 2585 4359 nup·-
