3185 5138
660 520 796 614 490

1220 520 1298 585 P.
1363 518 1719 588 OVIDII
1773 518 2240 590 NASONIS

667 693 706 727 ‚s
746 659 994 732 Dixisti
1024 687 1040 732 ε
1069 676 1209 733 rata
1243 660 1334 731 sit
1362 657 1718 733 verborum
1748 677 2329 734 summa'tuorum.
2365 692 2405 729 ιι

2705 686 2819 742 815

667 779 925 853 Adnuit
958 778 1402 878 Omnipotens
1422 834 1443 864 ‚
1482 795 1543 850 et
1579 777 1875 851 nubibus
1906 805 2053 851 aera
2086 780 2271 854 caecis

671 891 1030 976 occuluit,
1066 890 1483 991 tonitruque,
1525 908 1591 964 et
1622 889 1882 985 fulgure
1920 893 2155 966 terruit
2190 887 2462 967 Urbem.

668 1006 839 1101 Quae
875 1005 1004 1078 sibi
1037 1004 1374 1104 promissae
1408 1002 1616 1077 sensit
1651 1004 1801 1076 data
1833 1004 2021 1100 sigua
2049 1007 2335 1107 rapinae,

667 1121 1344 1222 Innixusquehastae,
1376 1149 1644 1221 pressos
1681 1139 1939 1194 temone
1971 1141 2244 1196 cruento

668 1234 1051 1334 lmpavidus
1084 1235 1465 1308 conscendit
1501 1241 1710 1335 equos
1748 1236 2112 1324 GradivuS‚
2147 1255 2215 1310 et
2247 1238 2382 1311 ictu

2700 1264 2806 1315 820

673 1352 989 1427 Verberis
1025 1353 1385 1454 increpuit,
1419 1382 1839 1455 pronumque
1869 1381 1989 1454 per
2021 1384 2167 1428 aera
2199 1353 2424 1457 lapsus

680 1467 1003 1540 Constitit
1028 1467 1101 1540 in
1134 1496 1392 1544 summo
1424 1468 1758 1542 nemorosi
1793 1467 1961 1542 colle
1994 1468 2205 1541 Palati
2233 1500 2251 1543 ε

676 1582 1217 1683 Reddentemque
1254 1613 1376 1658 suo
1409 1584 1538 1683 jam
1569 1584 1748 1679 regia
1780 1585 1927 1682 jura
1963 1586 2216 1681 Quiriti

675 1700 983 1774 Abstulit
1014 1700 1307 1775 Iliaden:
1342 1730 1584 1802 corpus
1620 1701 1896 1776 mortale
1931 1731 2052 1804 per
2086 1731 2279 1777 auras

678 1817 1031 1919 Dilapsum
1071 1835 1336 1907 tenues,
1375 1848 1493 1893 ceu
1526 1819 1657 1894 lata
1691 1819 2004 1921 plumbea
2036 1820 2241 1894 funda

2703 1844 2808 1898 825

678 1936 885 2010 Missa
922 1935 1092 2013 solet
1113 1936 1336 2010 medio
1371 1936 1559 2032 glans
1592 1938 1995 2012 intabescere
2027 1937 2203 2015 caelo.

679 2112 1017 2178 coeliYempla.
1032 2111 1206 2165 Etiam
1219 2111 1352 2182 apud
1370 2112 1694 2180 Lucretium,
1791 2114 2045 2168 continet.
2059 2142 2124 2154 —
2138 2115 2354 2168 Cruento
2369 2154 2382 2174 ‚
2412 2131 2605 2184 nempe
2622 2134 2650 2169 e
2666 2134 2809 2183 pre-

686 2189 708 2242 1
728 2228 741 2255 ‚
766 2192 910 2263 1089,
932 2190 1002 2257 V,
1024 2213 1117 2262 770
1133 2232 1147 2258 ‚
1170 2197 1354 2245 caerula
1369 2197 1695 2246 caelietmuae-

680 2270 817 2319 di.—
824 2270 1027 2321 Summa
1040 2275 1292 2323 verborum
1309 2310 1323 2332 ‚
1353 2271 1510 2324 verba
1528 2294 1541 2336 ;
1559 2271 1698 2324 Fast.

682 2344 734 2397 d.
760 2345 792 2399 Ι.
811 2351 919 2399 sint
930 2356 1046 2399 rata
1061 2352 1200 2400 de'cm
1214 2351 1376 2401 Jove‘s.

747 2424 859 2476 816.
875 2428 1051 2487 Ceras,
1076 2426 1304 2478 obscuris
1319 2467 1334 2493 ,
1361 2437 1419 2480 ut
1432 2446 1695 2488 cecorum,

681 2520 817 2553 ceca
838 2507 1005 2572 caligo
1027 2513 1124 2557 etc.
1142 2504 1270 2556 Mox
1297 2503 1554 2557 Ciosanus
1576 2523 1700 2573 prae·

680 2579 787 2632 sert
802 2585 978 2634 terrui!
993 2586 1156 2634 orbem
1170 2623 1182 2643 ,
1213 2594 1428 2652 propter
1448 2583 1582 2635 Fast.
1602 2582 1651 2633 d.
1669 2582 1700 2634 1.

678 2659 878 2724 Jupiter
905 2661 1155 2711 adnuerat
1184 2678 1201 2709 .·
1224 2671 1344 2712 nutu
1382 2659 1704 2725 tremefactus

680 2745 880 2804 uterque
911 2739 1013 2788 Es!
1036 2741 1202 2804 polus.
1243 2737 1314 2788 At
1351 2736 1404 2789 h.
1431 2737 1463 2789 l.
1493 2746 1701 2806 praestat

679 2820 845 2869 urbem
858 2829 1074 2887 propter
1093 2819 1238 2871 MSS
1258 2820 1702 2887 auctoritatem.—

687 2891 1003 2962 Complures
1028 2895 1240 2962 quidem
1270 2896 1522 2949 Heinsius
1553 2907 1702 2950 notat

683 2969 885 3023 codices
909 2971 963 3023 in
987 2972 1174 3040 quibus
1192 2973 1312 3042 legit
1327 2978 1491 3025 urbem
1509 2991 1528 3037 ,⁰
1546 2974 1701 3026 ambo

682 3058 858 3101 autem
892 3050 1055 3105 nostri
1082 3052 1232 3120 Regii
1260 3051 1387 3105 dant
1413 3057 1575 3105 orbem
1594 3096 1607 3117 ,
1648 3066 1702 3108 et

684 3129 814 3182 mibi
833 3140 973 3185 certe
992 3131 1202 3185 videtur
1215 3131 1575 3203 significavisse
1594 3174 1608 3200 ,
1630 3135 1703 3187 ita

681 3210 868 3263 caelum
896 3210 1124 3264 tonuisse
1154 3221 1213 3265 ut
1236 3212 1508 3266 universus
1535 3225 1705 3267 terra-

628 3312 632 3317 ’
682 3307 805 3341 rum
831 3290 971 3344 orbis
995 3308 1148 3344 ruere
1170 3291 1305 3345 visus
1321 3291 1387 3345 sit
1411 3310 1423 3344 :
1448 3291 1588 3345 idem
1609 3293 1704 3347 do-

682 3376 766 3419 cet
788 3366 980 3420 Livius.
1002 3370 1296 3434 ,Ed—Qun
1315 3372 1532 3423 sibt‘etc.
1554 3369 1703 3423 Mars

683 3445 873 3513 sentit,
915 3445 994 3500 his
1022 3447 1179 3518 signis
1202 3446 1417 3502 concedi
1442 3449 1537 3502 sibi
1568 3447 1699 3517 hoc,

681 3536 742 3579 ut
760 3526 1052 3579 Romulum
1079 3547 1107 3580 e
1132 3528 1282 3582 terris
1300 3540 1496 3597 raptum
1513 3528 1704 3583 inserat

682 3602 821 3656 caelo.

747 3684 861 3754 819.
895 3685 1106 3737 Pressas
1126 3693 1319 3737 temone
1342 3704 1437 3752 pro
1454 3725 1469 3751 ,
1495 3685 1702 3751 junctos

684 3760 879 3812 currui.
894 3761 1002 3813 Pro
1023 3779 1182 3814 curru
1205 3761 1375 3830 posuit
1400 3772 1668 3813 temonem
1684 3800 1699 3827 ,

684 3839 775 3907 qui
797 3848 850 3890 et
860 3843 1045 3906 premi!
1055 3857 1211 3907 equos
1234 3849 1285 3891 et
1306 3837 1368 3890 ab
1384 3838 1442 3891 iis
1452 3842 1702 3903 premitur.

683 3915 766 3968 lta
790 3915 974 3969 melius
995 3926 1122 3986 puto
1139 3955 1153 3980 ,
1176 3934 1335 3984 qnam
1359 3935 1479 3969 cum
1497 3915 1704 3969 Grono-

681 3995 769 4047 vio
793 3995 849 4047 in
872 3994 1097 4048 Diatrib.
1120 3996 1253 4048 Stat.
1280 4015 1328 4065 p.
1355 3997 1447 4062 401
1476 4035 1490 4061 ,
1518 4013 1705 4047 emen-

683 4069 808 4123 dare
835 4109 850 4137 ‚
885 4091 1097 4140 prensos
1129 4079 1352 4135 temone,
1391 4077 1416 4143 (
1448 4084 1602 4141 atque
1633 4073 1702 4124 ita

683 4158 864 4216 postea
903 4151 957 4202 in
992 4170 1102 4203 uno
1135 4150 1238 4204 MS
1276 4151 1473 4204 Moreti
1509 4150 1705 4220 reperit

682 4225 1096 4296 Burmannus),
1118 4228 1275 4298 idque
1297 4228 1493 4282 dictum
1520 4239 1702 4296 putare

684 4319 782 4372 pro
797 4322 1013 4372 prensos
1031 4305 1156 4375 jugo
1172 4345 1187 4375 ,
1210 4306 1329 4375 quia
1355 4316 1498 4361 temo
1516 4306 1703 4376 jugum

1790 2195 1954 2248 liis.-
1964 2198 2185 2248 Verberis
2196 2235 2209 2256 ‚
2244 2194 2447 2264 flagelli.
2458 2224 2523 2236 —
2531 2198 2806 2265 Increp217,

1794 2271 2248 2326 incitavit.—Octo
2265 2271 2391 2325 dant
2396 2291 2696 2341 pronusque5
2710 2274 2746 2326 J
2752 2293 2807 2325 ιι·

1795 2352 1935 2403 nian.
1952 2370 2249 2419 purumque,
2281 2362 2341 2402 ut
2366 2351 2552 2404 Horat.
2576 2353 2601 2405 Ι
2621 2391 2636 2418 ,
2660 2353 2808 2419 34.-

1797 2427 1948 2496 Regii
1975 2428 2129 2479 ambo
2145 2448 2464 2497 pronumque.

1862 2508 1973 2560 823.
1995 2510 2579 2561 Reddeniem...abs!ulit.
2590 2509 2807 2561 Factum

1797 2585 1897 2638 hoc
1915 2604 2045 2650 esse,
2062 2606 2224 2654 quum
2247 2585 2309 2638 ad
2332 2585 2550 2656 Capreae
2568 2583 2811 2654 paludem

1794 2664 2079 2718 exercitum
2100 2663 2375 2730 lustraret,
2408 2664 2620 2717 tradunt
2639 2665 2810 2716 histo-

1796 2743 1904 2795 rici.
1920 2744 2050 2794 Jura
2071 2742 2139 2794 ibi
2162 2744 2362 2794 dedisse
2379 2743 2535 2796 etiam
2555 2742 2689 2794 Fast.
2712 2740 2760 2792 d.
2777 2739 2811 2792 l.

1797 2831 2056 2873 narratur.
2101 2821 2284 2889 Neque
2308 2820 2358 2873 h.
2385 2821 2415 2873 l.
2441 2822 2545 2889 ipse
2572 2820 2627 2872 in
2654 2822 2812 2872 Pala·

1802 2904 1875 2949 tio
1899 2894 2055 2951 fuisse
2083 2909 2408 2950 memoratur
2424 2938 2438 2964 ,
2467 2897 2558 2950 sed
2583 2897 2728 2949 hlars
2744 2895 2808 2948 ibi

1798 2975 2064 3040 constitit,
2095 2986 2152 3028 ut
2185 2974 2376 3028 deinde
2409 2995 2438 3028 e
2468 2976 2657 3028 vicinia
2691 2974 2811 3026 Ro·-

1799 3053 2003 3105 mulum
2023 3052 2680 3106 auferret—Burmannus
2697 3070 2812 3103 mo·

1799 3141 1892 3182 net
1912 3131 2059 3197 ‚jam
2084 3130 2518 3201 conjungendum
2543 3150 2664 3184 cum
2690 3150 2808 3192 suo,

1801 3211 1921 3278 quia
1960 3222 2075 3280 post
2112 3211 2250 3265 Tatii
2289 3222 2514 3264 mortem
2553 3216 2768 3278 Quirites
2791 3250 2806 3274 ,

1799 3288 1852 3340 id
1890 3299 1966 3341 est
2005 3289 2225 3355 Sabini,
2260 3289 2314 3341 in
2356 3290 2468 3356 ejus
2503 3299 2810 3357 potestatem

1799 3379 2191 3431 concesserant,
2219 3378 2272 3420 et
2296 3368 2366 3420 ita
2389 3368 2494 3436 jam
2524 3372 2776 3419 suierant
2789 3405 2808 3432 ,

1800 3455 1858 3503 ut
1884 3455 2037 3498 antea
2053 3445 2208 3497 Tatii.
2228 3446 2306 3498 lta
2329 3455 2482 3512 poeta
2506 3455 2707 3514 partem
2728 3445 2812 3496 in-

1800 3524 2034 3578 colarum
2059 3533 2404 3576 memorasset
2425 3542 2520 3591 pro
2548 3523 2815 3577 universis.

1800 3602 2025 3655 Lenzius
2046 3622 2171 3655 vero
2186 3603 2256 3655 sic
2277 3622 2289 3655 :
2313 3601 2564 3654 reddebat
2585 3602 2700 3669 jura
2718 3621 2816 3670 po-

1800 3680 1924 3750 pulo
1943 3699 2066 3746 suo,
2090 3680 2171 3733 cui
2181 3680 2326 3747 jam,
2353 3679 2567 3732 interim
2583 3719 2598 3744 ,
2623 3679 2813 3747 Quiri-

1799 3758 1936 3810 tium
1960 3776 2158 3810 nornen
2184 3757 2483 3811 obvenerat.
2509 3757 2650 3812 Olim
2676 3754 2816 3808 ede-

1799 3835 1955 3889 batur
1977 3856 2076 3889 non
2099 3841 2236 3903 regia
2259 3875 2273 3897 ,
2308 3835 2462 3904 idque
2490 3836 2814 3904 interpreta-

1800 3914 1995 3968 bantur
2018 3914 2184 3967 civilia
2204 3953 2218 3981 ,
2247 3914 2459 3983 aequalia
2487 3934 2499 3967 ι
2527 3913 2610 3965 alii
2636 3913 2818 3983 legunt

1799 4001 1931 4045 hnc.
1958 4021 2024 4032 —-
2046 3992 2198 4061 Regii
2219 3991 2333 4045 cod.
2360 3991 2515 4045 ambo
2537 4011 2636 4043 non
2662 3996 2816 4058 regia.

1801 4095 1868 4107 —
1893 4070 2091 4134 Quiriti.
2117 4069 2261 4122 Raro
2281 4066 2381 4121 hoc
2405 4087 2603 4121 nomen
2628 4068 2684 4119 in
2707 4068 2819 4119 sin-

1803 4148 1968 4218 gulari
1990 4168 2220 4202 numero
2246 4149 2521 4218 reperitur.

1866 4228 1979 4281 825.
2011 4230 2112 4281 Ceu
2127 4225 2544 4294 plumbeasunda
2573 4236 2667 4279 etc.
2709 4222 2818 4275 Ea-

1803 4305 1926 4362 dem
1937 4306 2222 4363 similitudo
2234 4307 2389 4366 etiam
2407 4307 2482 4374 11,
2503 4324 2622 4375 7273
2644 4312 2816 4357 sumta
