3185 5138
739 553 871 642 54²

1288 556 1370 621 P.
1437 554 1800 623 OVIDII
1867 554 2329 626 NASONIS

732 704 1139 774 Intremuere
1170 695 1369 772 simul
1402 728 1419 771 :
1451 697 1838 799 cortinaque
1871 699 2168 775 reddidit
2204 701 2341 776 imo

2805 728 2916 784 635

735 818 927 889 Hanc
958 814 1155 916 adyto
1190 843 1420 888 vocem
1444 870 1464 903 ,
1500 814 1972 915 pavefactaque
2004 833 2277 916 pectora
2309 817 2522 890 movit
2549 846 2568 890 ε

741 967 776 997 «
819 930 1028 1028 Quod
1061 928 1234 1032 petis
1266 929 1460 1016 hinc,
1500 931 1817 1031 propiore
1850 930 2002 1006 loco
2024 989 2043 1020 ,
2082 935 2426 1021 Romane,
2463 934 2798 1034 petisses;

740 1081 778 1114 >2
813 1051 907 1122 Et
939 1066 1092 1150 pete
1121 1076 1301 1121 nunc
1333 1047 1651 1148 propiore
1682 1045 1835 1121 loco
1868 1078 1883 1122 :
1916 1077 2037 1123 nec
2065 1048 2386 1150 Apolline
2419 1052 2616 1126 vobis
2637 1109 2657 1141 ,

742 1200 778 1230 »ι
817 1163 957 1260 Qui
989 1162 1246 1236 minuat
1280 1160 1501 1236 luctus
1522 1219 1542 1251 ,
1576 1191 1748 1263 opus
1784 1180 1926 1253 est,
1964 1164 2081 1238 sed
2108 1164 2426 1266 Apolline
2460 1185 2664 1241 nato:

739 1313 778 1346 »
822 1281 920 1352 lte
955 1277 1155 1352 bonis
1190 1276 1424 1350 avibus
1445 1334 1464 1364 ,
1499 1275 1894 1379 prolemque
1930 1279 2235 1354 arcessite
2268 1298 2585 1356 nostram.
2619 1315 2655 1348 »ι

2788 1306 2897 1375 640

736 1397 782 1470 J
788 1424 938 1470 ussa
972 1394 1102 1470 Dei
1135 1393 1429 1496 prudens
1462 1411 1820 1496 postquam
1856 1395 2171 1498 adcepere
2205 1415 2473 1473 senatus
2495 1456 2515 1488 ,

739 1517 965 1610 Quam
1000 1510 1175 1587 colat
1196 1567 1215 1601 ,
1254 1509 1635 1613 explorant,
1667 1511 1927 1611 juvenis
1959 1513 2318 1588 Phoebeius
2352 1515 2620 1606 urbem,

739 1630 1014 1730 Quique
1050 1645 1282 1730 petant
1315 1629 1530 1703 ventis
1564 1626 1929 1730 Epidauria
1966 1627 2161 1702 litora
2191 1629 2486 1704 mittunt.

739 1748 910 1844 Quae
939 1744 1136 1820 simul
1174 1746 1443 1819 incurva
1480 1745 1667 1818 missi
1706 1744 1978 1840 tetigere
2014 1746 2268 1835 carina,

738 1860 1115 1936 Concilium
1155 1861 1527 1963 Graiosque
1551 1879 1776 1963 patres
1808 1861 2065 1951 adiere;
2102 1864 2468 1965 darentque

2784 1889 2889 1956 64¹5

738 1980 1028 2053 Oravere
1060 1978 1279 2051 Deum
1300 2034 1319 2065 ,
1358 1978 1476 2078 qui
1509 2006 1799 2080 praesens
1834 1977 2064 2052 funera
2098 1979 2316 2074 gentis

732 2096 956 2170 Finiat
985 2095 1305 2170 Ausoniae
1333 2124 1353 2168 ε
1383 2113 1592 2169 certas
1627 2095 1720 2170 ita
1753 2095 1968 2169 dicere
2001 2112 2234 2169 sortes.

732 2297 1075 2352 adumbratus
1090 2317 1120 2350 e
1132 2295 1358 2366 Virgilio
1369 2337 1386 2364 ‚
1404 2296 1530 2349 AEn.
1547 2295 1659 2363 111,
1673 2314 1758 2368 9⁰·

730 2406 798 2419 —
813 2381 956 2445 Quas
975 2381 1130 2430 habet
1145 2381 1241 2431 illa
1255 2418 1269 2438 ‚
1292 2380 1555 2445 pharetra.
1580 2375 1759 2443 Vulgo

731 2476 860 2527 quas
893 2459 1049 2509 habet
1078 2460 1186 2524 ipse
1208 2458 1477 2523 pharetras
1506 2471 1524 2517 ,⁰
1556 2453 1760 2523 primus

734 2534 1007 2590 Palatinus
1030 2574 1046 2601 ,
1088 2531 1221 2586 alter
1257 2530 1679 2602 Hamburgensis
1705 2539 1761 2585 et

733 2634 872 2668 unus
887 2612 1162 2666 Mediceus
1179 2616 1317 2681 ipsa,
1349 2614 1446 2664 illa
1455 2613 1725 2676 pharetras
1739 2629 1760 2678 ,·

733 2693 820 2749 alii
841 2698 986 2763 ipsa,
1014 2696 1263 2762 pharetra
1295 2711 1313 2744 .·
1351 2690 1476 2744 hinc
1505 2690 1760 2745 Heinsius

666 2834 675 2835 ἶ
732 2774 906 2829 locum
920 2773 1205 2828 constituit.
1215 2770 1368 2841 Regii
1383 2770 1540 2823 ambo
1555 2769 1760 2824 codices

731 2858 866 2923 ipse,
885 2852 1348 2920 pharetra—Illa,
1378 2849 1556 2903 laurus
1572 2889 1586 2915 ,
1611 2852 1765 2903 babet

724 2932 1007 2999 pharetras,
1032 2948 1094 2982 ea
1109 2947 1206 2981 orn
1213 2939 1308 2981 ata
1324 2938 1448 2981 sunt
1466 2927 1723 2998 pharetra
1742 2949 1758 2994 ς

734 3006 839 3058 vid.
862 3006 889 3060 1
907 3045 923 3071 ,
952 3008 1067 3059 553.
1102 3005 1327 3059 Lenzius
1359 3024 1487 3058 vero
1516 3002 1762 3074 intelligit

733 3084 1003 3154 pharetras
1027 3102 1057 3136 e
1082 3082 1231 3136 lauro
1252 3101 1525 3151 suspensas
1548 3080 1760 3152 :Apol-

735 3163 901 3217 linem
922 3161 1097 3227 euim,
1122 3161 1213 3214 ubi
1239 3160 1496 3229 templum
1514 3160 1757 3228 intrarit,

735 3261 766 3296 e
790 3251 973 3296 mente
1000 3238 1182 3294 Ovidii
1207 3238 1510 3309 pharetram
1539 3239 1613 3293 sic
1633 3258 1758 3292 sus-

736 3318 991 3391 pendisse.
1005 3317 1375 3371 -Toemorille
1394 3317 1606 3387 signum
1623 3336 1763 3389 pre-

733 3398 915 3454 sentiae
938 3396 1146 3451 divinae.
1168 3394 1332 3451 Cous.
1353 3414 1485 3449 vers.
1504 3396 1597 3466 671
1617 3417 1762 3466 sq.—

741 3482 971 3541 Cortina‚
1004 3477 1313 3549 operculum
1335 3476 1585 3548 tripodis,
1614 3482 1760 3547 ὅλμος.

741 3560 950 3611 Cortina
981 3560 1203 3611 reddidit
1233 3576 1408 3611 vocem
1431 3598 1447 3620 ‚
1489 3575 1586 3610 vox
1626 3557 1760 3611 elata

736 3650 816 3693 est
840 3658 935 3709 per
960 3638 1220 3692 cortinam
1241 3678 1257 3704 ,
1282 3658 1346 3692 ex
1365 3643 1466 3691 imo
1485 3640 1640 3710 adsto
1656 3678 1669 3701 ,
1698 3657 1761 3691 ex

737 3718 848 3772 imo
865 3737 1020 3787 specu
1038 3756 1053 3784 ,
1080 3718 1162 3770 cui
1179 3717 1382 3772 cortina
1401 3717 1659 3785 imposita.

800 3798 866 3851 53
900 3838 915 3850 .
940 3798 1175 3866 Propior-e
1193 3800 1320 3850 loco,
1339 3795 1562 3849 Lenzius
1577 3796 1760 3849 obser-

736 3886 849 3944 vat,
867 3819 1173 3944 {pidauron
1186 3874 1440 3927 Romanis
1456 3873 1760 3943 propiorem

735 3954 895 4010 fuisse
920 3953 1133 4008 oraculo
1154 3952 1430 4023 Delphico.
1469 3951 1530 4005 ld
1568 3952 1760 4006 salsum

736 4054 847 4088 esse
880 4074 894 4102 ,
940 4051 1129 4103 mappa
1185 4030 1526 4103 geographica
1569 4030 1758 4085 docere

738 4132 1005 4183 quemque
1029 4121 1215 4182 potest.
1231 4111 1408 4164 lmmo
1424 4108 1617 4179 Delphi
1634 4129 1762 4179 pro-

737 4189 911 4261 piores
928 4191 1184 4246 Romanis
1199 4188 1483 4260 Epidauro.
1499 4189 1761 4242 Burman·

739 4289 839 4323 nus
862 4282 1040 4339 putat,
1071 4281 1281 4340 poetam
1304 4269 1602 4324 confudisse
1629 4267 1762 4337 Epi-

738 4348 966 4404 d‘aurum
990 4349 1251 4421 Illyricam
1273 4367 1397 4409 cum
1423 4348 1762 4418 Peloponne-

1854 2293 2004 2348 siara.
2021 2295 2143 2350 Non
2161 2313 2299 2365 nego
2316 2334 2331 2361 ,
2351 2305 2556 2350 veteres
2575 2336 2590 2361 ,
2605 2297 2885 2370 ipsumque

1857 2371 2115 2426 Ovidium
2130 2413 2145 2440 ,
2168 2374 2357 2443 passim
2377 2374 2544 2444 lapsos
2563 2394 2673 2430 esse
2690 2376 2745 2429 in
2765 2398 2887 2447 geo·

1855 2449 2145 2520 graphicis;
2179 2450 2269 2504 sed
2305 2470 2450 2505 nunc
2483 2471 2578 2520 per
2603 2459 2886 2520 propiorem

1855 2532 2017 2583 locum
2038 2529 2202 2599 ipsam
2225 2528 2458 2584 Romam
2487 2530 2769 2599 intellexit,
2794 2534 2884 2587 ubi

1854 2606 1973 2660 libri
1991 2607 2230 2680 Sibyllini
2254 2609 2616 2662 servabantur.
2641 2613 2885 2678 (hudpe-

1854 2689 1925 2739 tis
1939 2726 1955 2750 ‚
1977 2687 2107 2738 scire
2127 2685 2272 2756 cupis
2292 2705 2353 2739 ex
2368 2705 2455 2740 me
2469 2727 2485 2753 ,
2515 2686 2668 2756 quale
2686 2708 2883 2759 nempe

1855 2765 2155 2819 remedium
2191 2765 2365 2819 morbi
2398 2768 2493 2828 sit.
2534 2767 2590 2820 id
2627 2770 2883 2838 potuisses

1858 2845 2047 2899 Romoe
2062 2865 2091 2899 e
2106 2846 2248 2900 libris
2261 2844 2529 2919 Sibyllinis
2548 2868 2881 2918 cognoscere.

1857 2921 1931 2976 Et
1948 2921 2001 2975 id
2017 2941 2126 2977 esse
2143 2922 2344 2977 factum
2357 2964 2371 2989 ,
2388 2924 2568 2979 Livius
2579 2925 2629 2978 d.
2646 2927 2680 2979 l.
2698 2925 2854 2982 docet
2867 2950 2883 2982 2

1858 3020 1886 3045 κ
1912 2999 2058 3053 Libri
2076 3000 2219 3067 aditi,
2240 3001 2457 3070 quinam
2477 3002 2615 3069 finis,
2630 3014 2722 3056 aut
2735 3005 2880 3073 quod

1858 3101 1886 3126 υ
1912 3079 2210 3135 remedium
2235 3082 2349 3151 ejus
2377 3081 2500 3135 mali
2526 3103 2554 3136 a
2578 3085 2696 3138 Diis
2723 3086 2882 3141 dare-

1856 3181 1886 3208 x
1915 3171 2017 3214 tur.
2042 3160 2330 3215 Inventum
2356 3164 2412 3216 in
2435 3164 2577 3218 libris
2594 3205 2608 3231 ,
2638 3165 2881 3219 AEscula-

1856 3261 1884 3288 ιο
1910 3240 2058 3310 pium
2083 3242 2147 3294 ab
2166 3241 2434 3312 Epidauro
2457 3245 2688 3299 Romam
2713 3266 2881 3301 arces·

1856 3341 1884 3366 »
1909 3319 2154 3373 sendum.
2181 3343 2208 3368 υ
2233 3322 2330 3376 Sin
2360 3323 2691 3393 Epidaurum
2718 3326 2878 3379 intel⁴

1854 3396 2014 3468 ligere
2034 3399 2289 3454 vellemus
2307 3440 2322 3467 ,
2349 3401 2589 3471 ineptum
2614 3403 2797 3457 fuisset
2823 3413 2877 3456 et

1852 3477 2072 3531 stultum
2090 3479 2376 3533 oraculum.
2395 3479 2509 3548 Qui
2524 3481 2671 3534 enim
2688 3492 2876 3551 sponte

1853 3556 1985 3609 scire
2031 3557 2261 3615 Romani
2310 3568 2556 3627 poterant
2572 3597 2587 3624 ,
2623 3558 2877 3613 AEscula-

1853 3634 2002 3703 pium
2027 3655 2137 3689 esse
2161 3636 2527 3690 arcessendum
2553 3636 2578 3688 ?

1919 3715 2032 3782 642.
2068 3719 2231 3787 Qqam
2267 3720 2437 3769 urbem
2470 3721 2633 3780 colat,
2677 3735 2781 3784 qua
2819 3715 2879 3768 in

1853 3794 1986 3846 urbe
2014 3793 2213 3863 templo
2241 3805 2294 3847 et
2318 3794 2471 3849 sacris
2494 3795 2728 3856 colatum
2756 3793 2879 3847 vide

1855 3871 1918 3925 ad
1943 3872 1992 3924 X
2011 3912 2027 3938 ,
2060 3878 2240 3944 529.—
2254 3874 2539 3940 Epidauria
2558 3877 2722 3926 litora.
2746 3872 2881 3941 Epi-

1854 3949 2047 4003 daurus
2071 3952 2216 4004 enim
2242 3951 2296 4003 in
2317 3951 2491 4020 Argiae
2521 3950 2673 4004 litore
2696 3950 2882 4003 orien-

1854 4030 1940 4084 tali
1975 4030 2071 4082 sita
2109 4030 2172 4083 ad
2211 4031 2390 4084 sinum
2425 4030 2756 4085 Saronicum.
2797 4030 2880 4082 Ex

1853 4107 2041 4162 eadem
2055 4108 2184 4162 urbe
2202 4108 2484 4179 AEseulapii
2500 4109 2670 4162 cultus
2683 4109 2738 4161 in
2757 4107 2879 4161 alias

1855 4199 2020 4244 terras
2040 4201 2351 4259 propagatus
2371 4210 2384 4253 3
2410 4190 2636 4244 Pausan.
2654 4190 2738 4254 11,
2765 4188 2846 4240 25.

1917 4267 2031 4333 645.
2060 4268 2337 4320 Concilium
2353 4308 2366 4329 ‚
2400 4266 2656 4337 populum
2677 4283 2880 4318 convo-

1852 4356 2043 4405 catum.
2067 4375 2131 4387 —
2161 4348 2338 4401 Certus
2360 4343 2689 4400 sortes.Vide
2719 4342 2784 4396 ad
2817 4343 2874 4409 1,
