3185 5138
648 545 768 606 118

1211 542 1287 606 P.
1343 539 1704 610 OVIDII
1762 541 2222 611 NASONIS

637 715 672 747 ι»
709 681 1022 782 Juppiter
1050 680 1158 752 his
1193 697 1413 753 motus
1433 738 1452 767 ,
1486 681 1801 781 privignae
1834 680 2009 755 dona
2041 710 2384 784 nurusque

2661 708 2761 775 [215

637 832 675 866 »
715 796 1095 897 Praecipiet,
1131 795 1460 898 facietque
1499 797 1677 871 viros
1709 796 2100 897 impubibus
2134 798 2340 871 annis.
2379 830 2413 863 »ι

636 1006 775 1077 quod
792 1005 950 1059 etiam
971 1005 1164 1057 factum
1190 1017 1294 1068 est;
1313 1024 1542 1074 namque
1559 1025 1647 1057 na-

630 1098 711 1139 tus
730 1089 863 1137 ullus
886 1093 965 1135 cst
975 1094 1234 1149 parentem
1250 1124 1261 1143 ,
1290 1093 1491 1152 patrem
1513 1122 1527 1148 ,
1545 1104 1647 1148 pa·

628 1174 789 1221 reale.
809 1173 975 1216 matre
1004 1162 1166 1214 occisa
1182 1199 1197 1226 ,
1220 1160 1360 1214 unde
1378 1161 1645 1216 Alcmaeon

631 1245 684 1296 in
716 1239 999 1295 matricidis
1027 1249 1353 1291 numeratur.
1387 1239 1476 1293 Sic
1494 1240 1647 1308 facto

629 1324 799 1374 eodem
828 1325 949 1384 pias
971 1358 986 1378 ,
1028 1326 1230 1385 patrem
1265 1316 1513 1372 ulciscens
1535 1358 1550 1385 ,
1591 1328 1646 1371 et

628 1403 928 1459 sceleratus,
949 1405 1170 1449 matrem
1190 1396 1512 1450 interimens.
1530 1397 1645 1451 Cic.

629 1497 729 1549 pro
762 1477 913 1530 Rosc.
960 1476 1075 1527 Am.
1117 1478 1180 1542 24
1214 1493 1228 1526 ε
1262 1497 1287 1520 κ
1330 1475 1602 1529 Videtisne
1627 1514 1642 1541 ,

635 1585 662 1609 »ι
690 1579 819 1630 quos
858 1556 1009 1610 nobis
1052 1568 1219 1627 poetoe
1267 1557 1600 1610 tradiderunt
1625 1596 1641 1624 ,

634 1664 661 1687 υ
688 1638 849 1708 patris
871 1635 1148 1689 ulciscendi
1170 1656 1319 1689 causa
1335 1636 1644 1705 supplicium

632 1741 662 1764 κ
687 1717 752 1770 de
772 1727 938 1768 matre
955 1715 1193 1768 sumsisse
1207 1753 1221 1778 ,
1240 1733 1404 1783 quum
1426 1733 1646 1783 proeser-

633 1821 660 1846 »
687 1798 782 1851 tim
806 1795 1047 1849 Deorum
1085 1794 1461 1847 immortalium
1498 1794 1647 1862 jussis

634 1899 662 1923 »ι
687 1886 843 1944 atque
867 1874 1085 1927 oraculis
1107 1874 1159 1925 id
1183 1872 1358 1926 fecisse
1383 1871 1643 1936 dicantur,

633 1976 658 2001 u
686 1963 861 2006 tamen
890 1962 949 2003 ut
973 1969 1062 2004 eos
1086 1951 1281 2020 agitent
1311 1949 1511 2013 Furia,
1538 1969 1647 2002 ue-
1692 1969 1695 1974 ·

631 2055 659 2080 ν»
686 2052 787 2102 que
812 2032 1093 2085 consistere
1119 2049 1337 2098 usquam
1363 2031 1645 2098 patiantur,

634 2137 660 2161 >2
688 2110 828 2181 quod
855 2131 923 2164 ne
960 2110 1029 2180 pii
1062 2109 1277 2181 quidegn
1310 2109 1421 2163 sine
1456 2108 1648 2162 scelere

632 2215 659 2238 ιι
686 2212 794 2245 esse
820 2202 1108 2261 potuerunt
1127 2190 1152 2243 ?
1174 2213 1197 2234 υ
1231 2189 1395 2257 Quod
1427 2187 1570 2242 idem
1598 2200 1650 2243 et

627 2269 918 2324 Alcmaeoni
945 2268 1125 2322 accidit
1148 2286 1409 2337 :namque
1438 2267 1648 2337 magni·
1689 2339 1691 2341 η

631 2349 812 2402 tudine
835 2349 1041 2402 sceleris
1063 2347 1491 2417 perterrefactus,
1513 2357 1652 2401 atto-

625 2431 760 2479 m'tus
773 2431 924 2479 malis
936 2467 946 2485 ,
973 2425 1172 2479 insania
1188 2435 1458 2494 correptus
1472 2465 1486 2490 ,
1505 2429 1658 2477 exsul

629 2512 808 2557 menm-
826 2546 838 2564 ‚
872 2515 931 2556 ut
961 2507 1114 2556 exsul
1126 2509 1306 2572 patrie
1342 2504 1528 2557 Horat.
1558 2504 1611 2557 11
1633 2545 1647 2572 ,

631 2582 736 2636 Od.
753 2599 865 2647 xvt,
892 2603 968 2655 ις),
982 2593 1144 2635 terras
1160 2583 1321 2636 varias
1334 2583 1646 2653 peragravit,

626 2662 974 2723 exsuldomos.
992 2660 1243 2728 Magnam
1262 2661 1406 2713 euim
1424 2661 1651 2730 possidet

633 2736 942 2804 religionem
963 2759 988 2780 «
1008 2748 1256 2804 paternus
1272 2749 1649 2807 maternusque

632 2836 659 2859 ι,
687 2814 894 2882 sanguis
909 2833 921 2874 ;
938 2833 998 2865 ex
1016 2833 1122 2880 quo
1136 2816 1178 2868 si
1196 2833 1298 2881 qua
1316 2816 1514 2869 macula
1530 2836 1651 2870 con-

635 2914 661 2936 ι»
689 2902 838 2960 cepta
863 2901 969 2955 est,
993 2911 1103 2944 non
1126 2892 1285 2944 modo
1307 2893 1411 2947 elui
1430 2913 1536 2947 non
1558 2915 1652 2965 po-

631 2992 659 3014 »
686 2978 809 3033 test,
828 2987 1015 3022 verum
1030 2988 1194 3037 usque
1213 2989 1277 3022 eo
1295 2983 1567 3039 permanat
1584 2973 1648 3026 ad

633 3067 659 3091 ι»
686 3045 921 3097 animum
938 3085 952 3110 ,
983 3056 1042 3098 ut
1066 3064 1302 3100 summus
1323 3051 1471 3100 furor
1494 3059 1649 3117 atque

637 3147 664 3169 »v
691 3125 922 3176 amentia
959 3135 1322 3193 consequatur.
1351 3148 1375 3171 υ
1421 3124 1611 3180 Cicero
1633 3168 1648 3195 ,

633 3204 774 3258 dicto
800 3204 926 3257 loco.
958 3203 1020 3257 ln
1057 3204 1199 3258 hunc
1229 3223 1463 3258 errorem
1501 3206 1650 3260 insa-

628 3284 877 3352 uiamque
893 3284 1236 3351 conjecerunt
1252 3302 1373 3337 eum
1386 3304 1491 3338 suae
1501 3286 1651 3340 make

633 3363 960 3417 conscientiae
978 3364 1138 3416 animi
1158 3387 1170 3427 ;
1200 3364 1289 3418 sed
1308 3377 1474 3435 poetae
1495 3371 1653 3419 vulti-

630 3447 722 3495 bus
743 3452 831 3494 aut
852 3442 994 3495 taedis
1012 3442 1292 3494 Furiarum
1308 3483 1322 3509 ,
1343 3445 1652 3498 occisorum·

633 3541 734 3590 que
775 3526 962 3574 umbris
994 3521 1232 3574 tribuunt
1258 3562 1274 3589 ,
1314 3522 1455 3591 quod
1492 3543 1648 3577 cons-

633 3600 835 3654 cientiae
882 3598 1224 3653 tribuendum
1273 3611 1366 3654 est.
1413 3599 1604 3654 Cicero
1633 3642 1647 3669 ,

634 3678 774 3731 dicto
809 3676 923 3730 loco
952 3697 965 3729 :
994 3701 1019 3723 n
1046 3677 1221 3732 Nolite
1257 3679 1401 3731 enim
1435 3690 1646 3748 putare,

527 3786 542 3807 ι
636 3782 661 3803 n
691 3756 1140 3826 quemadmodum
1175 3759 1230 3810 in
1263 3758 1445 3812 fabulis
1474 3779 1647 3828 saepe-

633 3860 660 3883 2»
685 3857 913 3890 numero
938 3837 1121 3892 videtis
1140 3878 1154 3903 ,
1189 3857 1277 3892 eos
1299 3878 1313 3903 ,
1342 3840 1428 3908 qui
1456 3837 1648 3908 aliquid

632 3937 659 3959 ι·
684 3915 844 3984 impie
879 3914 1227 3985 scelerateque
1257 3915 1647 3983 commiserint,

633 4014 660 4037 ι»
685 3992 865 4061 agitari
887 4003 939 4045 et
967 3993 1245 4062 perterreri
1265 3993 1544 4045 Furiarum
1563 4012 1649 4045 ar-

636 4090 662 4113 »
687 4068 931 4122 dentibus
943 4070 1103 4124 taedis.
1114 4070 1221 4123 Sua
1233 4090 1495 4140 quemque
1509 4072 1648 4125 fraus

634 4166 661 4190 υ
687 4155 741 4198 et
753 4164 874 4198 suus
890 4157 1063 4200 terror
1076 4149 1296 4202 maxime
1312 4160 1478 4214 vexat,
1493 4170 1648 4202 suum

635 4243 661 4266 κ
689 4240 952 4289 quemque
981 4224 1143 4278 scelus
1167 4228 1354 4294 agitat,
1391 4229 1649 4280 amentia-

631 4321 657 4345 »
685 4319 786 4368 que
802 4301 959 4355 afficit
974 4323 985 4354 :
999 4322 1105 4356 suae
1118 4306 1272 4359 -malae
1287 4304 1647 4373 cogitationes,

1745 1028 1771 1052 υ
1789 1005 2222 1075 conscientiaque
2234 1007 2393 1060 animi
2409 1018 2610 1063 terrent
2628 1020 2761 1063 etc.»

1746 1083 1933 1151 Quum
1949 1084 2584 1154 Psophidephegeifiliam,
2599 1107 2758 1155 quam

1743 1160 1827 1212 alii
1847 1161 2109 1214 Arsinoen
2128 1201 2143 1227 ,
2167 1162 2252 1214 alii
2270 1163 2654 1230 Alphesiboeam
2670 1184 2757 1216 vo-

1742 1253 1881 1307 cant,
1896 1240 2366 1308 duxisset,taudem
2385 1245 2600 1298 venitin
2623 1247 2759 1300 insu·

1741 1318 1844 1371 lam
1862 1358 1876 1384 ,
1901 1339 2060 1388 quam
2081 1321 2343 1375 Achelous
2369 1326 2560 1377 fecerat
2581 1364 2596 1389 ,
2622 1343 2759 1377 ama·

1741 1397 1917 1466 vitque
1935 1398 2237 1460 Calle'rboeaei,
2260 1399 2650 1454 Acheloe'filia'm
2667 1441 2681 1465 ,
2699 1423 2760 1456 ex
2819 1399 2831 1458 J

1743 1494 1844 1543 qua
1862 1477 2085 1546 suscepit
2107 1477 2239 1530 filios
2260 1477 2390 1531 duos
2404 1518 2420 1544 ,
2464 1479 2759 1548 Amphote-

1743 1572 1864 1605 rum
1885 1564 1939 1606 et
1965 1554 2295 1607 Acarnanem
2311 1595 2325 1621 ‚
2354 1576 2383 1608 a
2406 1576 2513 1626 quo
2530 1559 2762 1611 Acarna·

1743 1652 1870 1696 nes,
1912 1645 2066 1688 antea
2102 1634 2326 1690 Curetes
2361 1636 2484 1692 dicti
2508 1677 2521 1704 ,
2560 1658 2760 1693 nomen

1743 1730 2029 1781 acceperun
2038 1723 2071 1765 t.
2096 1714 2245 1767 Nova
2269 1716 2461 1782 conjux
2474 1723 2648 1783 poscit
2664 1738 2763 1771 au-

1740 1811 1877 1852 rum,
1911 1792 2109 1845 monile
2136 1813 2359 1847 aureum
2392 1797 2413 1861 (
2440 1796 2598 1848 etiam
2633 1797 2761 1849 Ho-

1743 1888 1919 1923 merus
1940 1909 1954 1936 ,
1990 1869 2095 1924 od.
2123 1882 2166 1926 Δ
2186 1911 2201 1935 ,
2236 1872 2334 1926 325
2355 1912 2369 1937 ,
2405 1884 2556 1926 vocat
2597 1880 2763 1950 χρυσᾶν
2788 1868 2793 1874 ’
2828 1875 2833 1882 ’

1743 1945 2027 2015 τιμήεντα),
2047 1947 2188 2017 quod
2208 1950 2315 2017 isam
2332 1949 2762 2004 donaveratPhe·

1745 2027 1825 2096 gei
1855 2026 1988 2080 filiae.
2016 2029 2286 2082 Profectus
2313 2029 2474 2099 igitur
2501 2030 2762 2100 Psophida

1747 2105 1941 2174 accepit
1964 2106 2160 2159 monile
2182 2125 2401 2160 aureum
2416 2147 2430 2174 ,
2447 2126 2763 2162 consecran-

1748 2182 1876 2236 dum
1904 2184 2133 2255 Apollini
2161 2186 2433 2256 Delphico.
2462 2187 2570 2241 Sed
2596 2207 2761 2257 quum

1744 2261 1986 2332 Phegeus
2040 2266 2365 2333 cognovisset
2410 2304 2425 2331 ,
2481 2264 2763 2319 Callirhoe

1744 2339 2061 2394 destinatum
2085 2342 2137 2394 id
2160 2342 2363 2396 donum
2383 2384 2397 2410 ,
2425 2344 2557 2397 filios
2585 2346 2724 2398 misit
2744 2386 2759 2411 ‚

1744 2419 1834 2487 qui
1875 2420 2197 2474 trucidarent
2239 2422 2596 2476 Alcmeonem
2639 2445 2651 2477 :
2690 2426 2763 2477 sic

1744 2517 1933 2551 aurum
1957 2498 2082 2552 illud
2096 2499 2286 2566 fatale.
2325 2500 2407 2553 De
2432 2500 2604 2569 phrasi
2626 2506 2763 2555 latus

1742 2578 1943 2629 haurire
1956 2616 1971 2643 ,
1990 2576 2107 2629 vide
2131 2576 2193 2629 ad
2214 2578 2283 2643 V,
2316 2581 2421 2633 126.
2453 2582 2727 2648 Cognatum
2745 2622 2758 2641 ,

1747 2654 1866 2730 quia
1880 2654 2148 2708 Alcmaeon
2169 2656 2479 2710 affinitatem
2496 2669 2764 2712 contraxe-

1745 2745 1825 2787 rat
1848 2755 1970 2788 cum
1996 2737 2240 2807 Phegeo;
2266 2732 2391 2790 nam
2418 2745 2765 2806 cognationem

1745 2834 1843 2883 pro
1862 2814 2113 2883 affinitate
2135 2817 2258 2886 poni
2283 2816 2459 2870 docuit
2473 2816 2760 2888 Schulting.

1745 2891 1809 2943 ad
1837 2893 2022 2945 Senec.
2060 2892 2315 2946 Controv.
2354 2895 2474 2960 111,
2512 2916 2567 2947 21
2592 2933 2607 2960 ,
2635 2914 2765 2947 mo·—

1747 2979 1907 3022 nente
1942 2969 2267 3024 Burmanno.
2309 2971 2594 3025 Interfecto
2628 2971 2763 3024 Alc-

1744 3066 1948 3101 moeone
1976 3087 1990 3113 ,
2040 3052 2293 3102 Callirhoe
2322 3054 2535 3117 supplex
2572 3069 2609 3101 a
2636 3052 2767 3103 Jove

1736 3130 1914 3192 petiit,
1952 3136 2008 3178 ut
2038 3127 2173 3180 natis
2202 3144 2368 3180 annos
2398 3126 2570 3180 viriles
2600 3126 2760 3196 largi-

1747 3213 1895 3256 retur
1912 3201 1974 3256 ad
2001 3224 2184 3257 necem
2209 3217 2480 3274 paternam
2510 3204 2767 3258 ulciscen-

1745 3279 1884 3335 dam.
1934 3286 1955 3350 (
1991 3283 2154 3352 Quod
2200 3285 2474 3338 consilium
2521 3285 2762 3354 exprimit

1747 3378 1925 3414 versus
1967 3362 2031 3415 ab
2075 3362 2296 3415 Heinsio
2341 3364 2515 3416 forsan
2563 3373 2763 3416 temere

1746 3440 1943 3507 ejectus
1962 3479 1976 3507 ,
2016 3458 2174 3510 quem
2202 3442 2373 3495 Variae
2392 3441 2637 3496 lectiones
2656 3443 2763 3494 ha·-

1746 3516 1872 3570 bcnt
1888 3519 1925 3583 ).
1954 3517 2156 3572 Confer
2174 3518 2413 3589 Apollod.
2433 3520 2483 3574 d.
2503 3520 2533 3571 l.
2552 3520 2765 3588 Jupiter

1747 3598 1933 3651 annuit
1958 3600 2194 3668 precibus
2215 3612 2267 3654 et
2293 3599 2583 3663 tribuithos
2599 3618 2767 3651 annos

1747 3679 1933 3731 auxilio
1953 3680 2128 3733 Hebes
2136 3685 2397 3748 privaque,
2433 3698 2593 3749 quam
2614 3679 2650 3733 J
2657 3697 2764 3730 uno

1744 3757 1856 3809 sine
1901 3767 2047 3828 patre
2094 3770 2367 3829 pepererat
2395 3799 2409 3826 ,
2481 3776 2727 3825 nurusque
2747 3798 2762 3819 ,

1746 3854 1903 3903 quam
1932 3838 2213 3904 Hercules,
2243 3838 2391 3891 Jovis
2413 3837 2578 3901 filius,
2604 3836 2765 3888 duxe-

1744 3920 2200 3986 rat.—Praecipcre
2224 3918 2360 3973 Rod.
2382 3936 2491 3971 non
2510 3918 2646 3971 bene
2673 3936 2764 3969 ct·-

1743 3997 1980 4048 bee'schcn
2015 3998 2188 4050 vertit.
2229 3998 2435 4065 Immo,
2475 4014 2762 4066 occupare,

1745 4085 1864 4125 ante
1891 4084 2096 4143 tempus
2127 4076 2358 4128 tribuere
2379 4115 2393 4141 ‚
2429 4095 2490 4127 ex
2516 4093 2613 4128 usu
2644 4072 2765 4142 qui-

1746 4151 1869 4204 dem
1891 4154 2032 4207 verbi
2055 4155 2403 4222 exquisitiore.
2423 4154 2589 4207 Tacit.
2618 4154 2762 4205 Anu.

1744 4229 1830 4283 lib.
1870 4232 1920 4296 1,
1960 4251 2071 4301 cap.
2113 4237 2211 4298 55,
2237 4239 2507 4302 prectpcrc
2543 4236 2758 4291 bellum,

1747 4309 2002 4362 maturius
2026 4311 2213 4365 facere.
