3185 5138
681 602 767 663 52

1219 590 1301 654 P.
1379 580 1751 651 0V1D11
1811 571 2290 641 NASONIS.

681 739 868 811 Dum
903 732 1184 832 loquor,
1222 722 1523 826 amplexa
1554 737 1657 795 est
1688 733 1873 791 artus
1905 739 2077 785 nova
2113 727 2285 781 terra
2318 720 2620 779 natantes
2641 758 2660 790 ‚

681 856 774 928 Et
807 849 1021 949 gravis
1053 841 1333 919 increvit
1366 836 1642 913 mutatis
1670 829 1890 906 insula
1922 824 2259 903 membris.
2296 856 2332 887 »ι

2725 836 2828 890 διο

783 972 901 1043 VI.
939 962 1178 1041 Amnis
1214 960 1298 1034 ab
1335 957 1444 1030 his
1479 950 1732 1027 tacuit:
1760 949 2008 1023 sactum
2040 940 2343 1017 mirabile
2377 956 2656 1014 cunctos

687 1088 1039 1161 Moverat:
1070 1074 1305 1151 irridet
1333 1069 1718 1154 credentes;
1753 1081 1963 1165 utque
1993 1061 2295 1133 Deorum

693 1206 973 1305 Spretor
1008 1210 1184 1281 erat,
1220 1187 1597 1287 mentisque
1632 1183 1818 1257 ferox
1848 1179 2078 1252 Ixione
2115 1189 2350 1259 natus;

700 1358 735 1391 α
764 1320 952 1396 Ficta
984 1311 1190 1390 refers
1211 1367 1230 1398 ,
1263 1306 1680 1404 nimiumque
1715 1315 1913 1401 putas
1934 1351 1953 1383 ‚
1990 1289 2283 1366 Acheloe
2305 1344 2324 1376 ‚
2367 1302 2670 1387 potentes

698 1481 734 1513 n
776 1447 943 1518 Esse
975 1439 1161 1511 Deos
1183 1488 1204 1524 ‚
1241 1429 1447 1518 dixit,
1482 1428 1539 1502 si
1576 1424 1739 1498 dant
1771 1418 2204 1514 adimuntque
2235 1410 2499 1505 figuras.
2536 1441 2571 1473 »
2733 1428 2833 1477 615

700 1569 1134 1667 Obstupuere
1173 1584 1400 1632 omnes
1428 1584 1445 1641 ;
1482 1579 1604 1625 nec
1641 1546 1798 1623 talia
1833 1543 2008 1616 dicta
2043 1538 2457 1640 probarunt:
2503 1520 2506 1525 ’

701 1698 881 1772 Ante
916 1711 1278 1785 omnesque
1307 1678 1512 1756 Lelex
1532 1732 1551 1765 ‚
1590 1672 1812 1749 animo
1847 1685 2146 1743 maturus
2176 1680 2246 1737 et
2275 1688 2411 1734 aevo
2433 1717 2454 1759 ⁹.

702 1817 813 1891 Sic
842 1814 978 1888 ait:
1015 1843 1051 1877 α
1080 1810 1410 1881 Immensa
1440 1815 1579 1885 est,
1614 1795 1949 1893 finemque
1980 1786 2281 1889 potentia
2314 1780 2451 1856 caeli

699 2023 803 2077 610
818 2020 955 2072 Dum
969 2018 1205 2081 loquum...
1222 2008 1453 2060 membris
1470 2021 1577 2056 esse
1595 2018 1730 2052 rese-

625 2116 631 2122 '
702 2096 929 2156 candos;
954 2110 1079 2145 nam
1099 2087 1300 2158 priores
1316 2090 1544 2152 quatuor
1560 2077 1731 2130 multo

708 2175 1056 2249 elegantiores
1081 2176 1220 2223 sunt.
1256 2160 1423 2233 Quod
1447 2159 1555 2212 duo
1582 2177 1646 2211 ex
1670 2155 1731 2209 iis

708 2260 898 2312 absunt
919 2273 950 2306 a
963 2240 1395 2305 Francofurtensi
1423 2235 1622 2292 Codice
1640 2273 1656 2302 ,
1679 2243 1735 2285 et

706 2357 818 2408 sqq.
844 2333 953 2387 duo
986 2330 1043 2383 in
1082 2323 1320 2395 margine
1356 2314 1601 2385 adscripti
1624 2354 1640 2381 ,
1679 2311 1734 2365 id

707 2413 840 2470 nihil
864 2412 921 2465 in
946 2409 1045 2463 hac
1063 2422 1218 2460 cansa
1241 2397 1508 2459 decernit;
1534 2401 1736 2464 potne-

707 2503 839 2550 runt
853 2498 943 2545 aut
961 2508 991 2541 a
1004 2484 1288 2540 festinante
1305 2474 1516 2531 librario
1532 2470 1735 2537 omitti,

713 2583 804 2629 ant
818 2572 882 2625 ab
898 2587 965 2623 eo
983 2604 999 2633 ,
1023 2562 1115 2634 qui
1139 2568 1435 2630 postremos
1449 2571 1630 2606 versus
1648 2566 1742 2619 ge-

711 2653 905 2708 nuinos
928 2651 1140 2717 putaret
1157 2681 1170 2702 ,
1206 2649 1268 2691 ut
1285 2655 1381 2706 ego
1397 2630 1586 2687 sentio.
1607 2630 1708 2680 Ed.

781 2730 843 2784 δι
856 2725 1037 2796 1-724.
1062 2721 1326 2773 Philemon
1344 2723 1396 2766 e!
1405 2713 1618 2764 Baucis:
1639 2707 1675 2759 J
1679 2725 1745 2758 u-

719 2810 859 2881 piter
882 2815 937 2858 et
961 2797 1264 2855 Mercurius
1290 2791 1583 2863 Phrygiam
1610 2805 1744 2856 per-

720 2893 962 2958 agrantes
984 2920 999 2946 ,
1026 2874 1354 2944 accipiuntur
1380 2888 1410 2921 a
1431 2866 1744 2921 Philemone

719 2977 775 3021 et
790 2956 1045 3021 Baucide,
1060 2947 1408 3022 pauperrimis
1424 2941 1749 2998 hominibus.

725 3043 913 3113 Quam
927 3035 996 3088 ob
1011 3047 1221 3086 causam
1237 3043 1354 3080 casa
1369 3039 1557 3076 eorum
1571 3029 1752 3072 muta·

723 3133 815 3177 tur
829 3118 887 3172 in
909 3109 1170 3180 templum
1188 3145 1204 3173 ,
1228 3103 1324 3174 ipsi
1340 3102 1479 3155 fiunt
1496 3098 1752 3153 antistites

728 3199 876 3255 istius
896 3188 1108 3259 templi;
1130 3195 1185 3240 et
1205 3200 1373 3253 quum
1396 3180 1514 3233 vitas
1534 3177 1655 3231 finis
1672 3177 1753 3228 in-

730 3284 893 3335 staret
907 3313 922 3340 ‚
949 3269 1106 3324 ambo
1128 3263 1285 3321 simul
1305 3265 1580 3314 mutantur
1595 3257 1649 3309 in
1669 3274 1755 3308 ar-

732 3360 906 3412 bores.
923 3351 1004 3404 Ut
1022 3346 1356 3400 Menecrates
1372 3337 1635 3392 Xanthius
1648 3334 1757 3406 Ly-

734 3434 899 3487 ciacas
921 3423 1120 3480 fabulas
1142 3419 1449 3488 collegerat,
1475 3411 1620 3466 unde
1642 3409 1722 3462 vl
1739 3448 1755 3475 ,

739 3510 840 3566 313
865 3526 975 3576 sqq.
1007 3521 1115 3557 una
1143 3498 1364 3568 repetita
1390 3504 1469 3547 est
1488 3532 1504 3559 ,
1536 3493 1610 3545 sic
1631 3489 1762 3542 alius

741 3590 964 3657 scriptor
1000 3579 1173 3653 potuit
1215 3573 1469 3647 Phrygias
1505 3579 1724 3624 tractare
1743 3603 1759 3630 ,

742 3685 969 3742 quarum
1000 3681 1119 3734 pars
1147 3656 1263 3712 hac
1295 3665 1477 3708 nostra
1507 3660 1601 3704 est.
1627 3647 1765 3700 Eam

744 3768 874 3806 vero
899 3743 1124 3801 Ovidius
1144 3734 1491 3807 copiosissime
1514 3726 1765 3784 suavissi-

747 3843 942 3896 meque
982 3818 1267 3875 exornavit.
1310 3807 1661 3864 Ruhnkenius
1700 3801 1766 3856 ad

753 3898 1060 3961 Callimachi
1074 3893 1368 3962 fragmenta
1382 3926 1397 3952 ‚
1418 3906 1467 3956 p.
1487 3885 1584 3937 580
1601 3923 1616 3948 ,
1642 3899 1766 3935 eum

751 3983 1041 4053 suspicatur
1062 3971 1230 4026 multa
1252 3987 1317 4022 ex
1333 3961 1642 4020 Callimachi
1663 3960 1771 4018 He-

751 4063 862 4118 cala
894 4065 1198 4112 mutuatum
1234 4068 1343 4103 esse
1370 4087 1386 4114 ,
1426 4062 1542 4115 que
1578 4053 1634 4095 et
1662 4041 1771 4111 ipsa

751 4141 925 4196 suerat
946 4151 1077 4189 anus
1102 4124 1443 4201 paupercula,
1467 4120 1557 4176 sed
1584 4119 1773 4188 hospi-

2700 1498 2722 1537 Ι

1827 2012 1979 2046 versu
2007 1992 2105 2059 578
2122 2028 2137 2053 ,
2161 1996 2214 2039 et
2237 1984 2330 2051 725
2350 2003 2361 2037 ε
2381 1999 2493 2035 non
2517 1979 2678 2050 igitur
2700 1987 2812 2030 erat
2829 2018 2845 2042 ,

1827 2090 1923 2126 cur
1946 2068 2198 2123 Heinsius
2208 2065 2383 2133 satum
2403 2058 2666 2119 Vsuaderet.
2693 2055 2847 2126 Regii

1829 2147 1996 2203 nostri
2011 2185 2027 2212 ,
2036 2146 2241 2214 sactum
2258 2169 2325 2181 —
2339 2142 2590 2199 Moverat,
2618 2135 2852 2189 admira—

1829 2229 1974 2284 tione
2000 2236 2056 2279 et
2082 2234 2230 2277 metu
2256 2222 2497 2274 Deorum
2527 2215 2864 2285 impleverat*

1829 2306 2098 2373 -Spretor
2109 2304 2330 2354 Deorum
2345 2308 2456 2350 erat
2471 2294 2534 2348 ad
2552 2292 2852 2361 exemplum

1832 2385 2027 2442 Ixionis
2043 2383 2202 2454 patris
2215 2391 2270 2435 et
2284 2379 2532 2450 Phlegyas
2543 2377 2638 2429 avi.
2652 2374 2723 2428 Et
2739 2373 2854 2427 talis

1834 2465 1997 2520 etiam
2028 2467 2209 2515 menm
2223 2459 2408 2527 servs,
2448 2465 2629 2508 mente
2657 2453 2818 2507 feroci
2839 2492 2854 2517 ,

1836 2564 1946 2601 esse
1956 2543 2106 2599 solet.
2116 2540 2263 2593 -Ut
2270 2537 2505 2610 ponitur,
2526 2553 2691 2605 quum
2703 2551 2859 2588 causa

1827 2626 1914 2679 ‘rei
1938 2643 2001 2678 ex
2022 2620 2257 2675 moribus
2280 2616 2499 2685 alicujus
2519 2612 2884 2683 repetitur.-‘

1839 2707 2021 2757 Ixione
2038 2710 2219 2761 natu-n·
2253 2696 2444 2750 Ixionis
2469 2694 2605 2747 filius
2620 2711 2681 2745 ex
2697 2690 2859 2745 Cen-

1843 2793 2119 2836 taurorum
2172 2795 2365 2847 genere
2395 2815 2411 2842 ,
2463 2774 2553 2844 qui
2590 2772 2862 2842 Superum

1842 2865 2235 2926 contemptores
2269 2852 2598 2906 inducuntur
2629 2869 2661 2903 a
2694 2848 2863 2919 poetis

1846 2946 1907 2990 ut
1928 2947 1984 2990 et
2002 2933 2275 3006 Cyclopes.
2299 2931 2529 2986 Ed.·-Si
2542 2932 2696 2993 darm
2713 2926 2752 2981 si
2774 2945 2865 2980 eos

1846 3025 1997 3085 putas
2021 3012 2146 3065 dare
2179 3030 2342 3081 posse.

1914 3092 2027 3147 616.
2049 3092 2388 3157 Obstupuere,·
2410 3106 2546 3140 unus
2560 3083 2833 3139 Mediceus
2851 3125 2865 3146 .

1850 3176 2183 3238 obstrepuere,
2204 3166 2343 3237 quod
2362 3206 2378 3233 ,
2402 3166 2522 3235 quia
2537 3164 2869 3233 indignatio-

1853 3269 1980 3305 nem
1996 3247 2190 3301 indicat
2204 3285 2218 3311 ,
2237 3245 2501 3314 optimum
2515 3242 2726 3296 videtur
2740 3243 2869 3295 Bur·

1854 3345 2070 3383 manno.
2094 3323 2246 3392 Regii
2262 3323 2312 3375 A
2327 3332 2381 3374 et
2396 3321 2442 3373 B
2461 3360 2477 3387 ,
2500 3324 2874 3389 obstupuere.-

1860 3408 1964 3461 Hic
1995 3404 2227 3457 adfectus
2265 3400 2444 3462 amicis
2474 3400 2874 3455 convivantibus

1858 3483 2045 3539 melius
2059 3480 2342 3534 convenire
2355 3478 2564 3532 videtur
2577 3519 2594 3548 ‚
2613 3499 2775 3550 quam
2791 3482 2876 3533 in-

1860 3557 2093 3630 dignatio
2130 3555 2395 3626 surgendo
2435 3556 2877 3626 reclamandoque

1860 3634 2099 3707 prodita,
2123 3653 2240 3703 qua
2274 3634 2432 3688 estin
2464 3634 2626 3689 altera
2653 3634 2878 3687 lectione

1863 3714 2177 3769 Burmanno
2200 3714 2432 3784 probata.
2755 3711 2760 3716 ’

1931 3793 2047 3864 6ι7.
2077 3793 2267 3846 Animo
2293 3802 2519 3845 maturus
2549 3796 2603 3840 et
2629 3806 2732 3839 cero
2746 3829 2761 3850 ‚
2803 3789 2884 3842 vir

1867 3871 2035 3944 gravis
2056 3882 2110 3925 et
2129 3880 2400 3925 constante
2426 3875 2575 3920 etate
2593 3905 2608 3930 ‚
2634 3865 2886 3935 frequens

1867 3953 2006 4007 senis
2028 3949 2322 4019 descriptio.
2347 3943 2600 3999 Heinsius
2616 3944 2764 3997 malit
2776 3948 2888 3997 am·-

1869 4039 1947 4089 me·
1960 4044 2015 4087 et
2034 4037 2140 4085 evi.
2161 4031 2465 4096 Utrumque
2489 4027 2657 4096 poetis
2680 4026 2735 4078 in
2758 4045 2888 4090 usu;

1870 4113 2054 4168 confer
2076 4110 2204 4163 AEn.
2228 4111 2279 4160 V
2297 4148 2312 4171 ‚
2336 4109 2432 4174 433
2464 4107 2545 4161 lx
2562 4147 2578 4174 ,
2606 4106 2714 4173 246.
2744 4106 2890 4159 Hinc

757 4218 952 4273 talitate
977 4211 1211 4281 insignis.
1247 4206 1435 4279 Hyriei
1457 4200 1631 4256 sabula
1652 4198 1776 4252 huic
1874 4191 2058 4263 quovis
2089 4190 2205 4243 loco
2243 4185 2406 4241 MSS.
2446 4203 2731 4239 consensus
2752 4203 2887 4252 pre-

759 4304 953 4352 nostrae
974 4289 1154 4344 similis
1169 4296 1414 4340 narratur
1430 4283 1566 4336 Fast.
1589 4279 1660 4343 V,
1679 4280 1778 4348 499
1875 4271 2115 4326 mendas.
2127 4268 2315 4323 Talem
2330 4278 2509 4321 autem
2521 4283 2703 4319 senem
2719 4273 2892 4317 metus

759 4373 1024 4448 sqq—Ab
1038 4372 1133 4435 his,
1158 4375 1273 4437 post
1287 4363 1704 4421 hac—Factum,
1721 4367 1781 4409 ut
1876 4353 2123 4408 Deorum
2142 4349 2368 4403 maxime
2394 4346 2559 4402 decet.
2584 4372 2649 4387 -
2672 4344 2756 4398 Sic
2778 4346 2881 4397 ait.
