3185 5138
741 540 1787 615 METAMORPHOSEON
1846 542 2042 622 LIB.
2101 543 2241 609 IX.

2479 544 2567 635 87

413 693 565 764 Una
599 688 1051 762 ministrarum
1071 740 1090 772 ‚
1120 684 1290 758 fusis
1320 682 1661 783 utrimque
1695 679 1955 782 capillis
1977 737 1997 771 ,
2495 717 2565 773 9⁰

414 805 730 894 Incessit,
770 821 1122 903 totumque
1160 799 1317 875 tulit
1344 799 1687 902 praedivite
1717 828 1931 873 cornu

415 925 839 997 Autumnum
861 975 880 1007 ‚
915 936 981 992 et
1015 945 1314 1005 mensas,
1353 914 1570 991 felicia
1603 944 1838 1017 poma,
1876 914 2220 989 secundas,

417 1043 567 1115 Lux
594 1038 818 1125 subit,
860 1054 960 1125 et,
995 1036 1215 1137 primo
1246 1034 1521 1110 feriente
1555 1033 1896 1109 cacumina
1930 1031 2108 1121 sole,
2275 1027 2281 1032 ⁵

420 1156 795 1230 Discedunt
825 1154 1138 1254 juvenes;
1178 1180 1392 1253 neque
1427 1152 1604 1253 enim
1638 1152 1797 1225 dum
1829 1150 2103 1225 flumina
2135 1176 2365 1250 pacem

419 1276 512 1348 Et
546 1271 848 1374 placidos
878 1270 1171 1344 habeant
1201 1268 1429 1369 lapsus
1449 1324 1468 1359 ,
1502 1285 1835 1368 motaeque
1869 1267 2201 1354 residant,
2503 1287 2571 1358 95

424 1391 898 1493 opperiuntur
922 1445 940 1478 ,
975 1415 1162 1488 aquae
1195 1416 1212 1459 ε
1255 1384 1481 1460 vultus
1512 1382 1855 1458 Achelous
1888 1399 2179 1478 agrestes

423 1517 515 1588 Et
547 1513 837 1587 lacerum
871 1540 1083 1585 cornu
1119 1508 1354 1584 mediis
1390 1525 1590 1609 caput
1618 1507 1881 1581 abdidit
1910 1505 2129 1588 undis.

424 1639 629 1714 Haud
664 1656 882 1712 tamen
914 1636 1119 1720 ablati
1153 1635 1415 1709 domuit
1447 1634 1699 1735 jactura
1738 1631 2032 1718 decoris;

427 1764 679 1839 Caetera
712 1789 946 1861 sospes
975 1778 1155 1836 erat:
1189 1757 1425 1862 capitis
1460 1787 1732 1860 quoque
1758 1754 1998 1830 fronde
2033 1751 2321 1850 saligna,

422 1986 739 2040 Autumnum
762 2024 777 2046 ‚
809 1984 987 2051 fruges
1020 1980 1364 2035 autumnales.
1387 2008 1453 2021 —

437 2069 616 2120 Totum
633 2106 647 2126 ‚
675 2065 850 2117 omnis
873 2063 1093 2133 generis.
1129 2061 1218 2115 sic
1239 2070 1450 2115 nostro-

427 2164 552 2198 rum
566 2144 750 2214 aliquis
762 2142 891 2196 dixit
905 2184 919 2209 ,
931 2148 1210 2210 cinganzer
1218 2142 1347 2211 May
1356 2158 1452 2192 von

427 2228 661 2279 Blumen.
683 2252 751 2265 —
780 2227 1025 2277 Cornibus
1057 2221 1197 2274 varie
1232 2222 1454 2273 Veteres

429 2302 720 2356 utebantur
735 2342 751 2370 ‚
778 2305 940 2355 etiam
961 2300 1023 2353 ad
1046 2296 1325 2353 servandas
1343 2296 1456 2348 sru-

431 2383 891 2450 ges.--Praedia1'te,
918 2378 1231 2449 plenissimo.
1250 2375 1455 2428 Confer

433 2461 625 2514 Horat.
652 2460 709 2527 Ι,
744 2459 852 2516 Od.
877 2476 998 2513 xvn
1019 2499 1033 2526 ,
1070 2461 1145 2511 15.
1170 2485 1236 2498 -
1261 2458 1457 2508 Felices

433 2540 558 2595 alibi
584 2540 835 2595 dicuntur
857 2540 1097 2607 arbores,
1122 2537 1285 2603 rami,
1313 2535 1420 2606 agri
1438 2575 1452 2602 ,

430 2620 488 2674 id
504 2631 610 2687 est,
625 2622 821 2675 feraces
836 2662 850 2687 ,
865 2620 957 2675 sed
972 2619 1023 2674 h.
1038 2620 1069 2673 l.
1090 2629 1142 2672 et
1161 2617 1315 2681 XIV,
1336 2617 1455 2685 627,

430 2700 542 2769 ipsa
566 2718 725 2770 poma
733 2700 923 2768 filictia
939 2740 952 2760 .
979 2697 1127 2751 mitia
1146 2735 1161 2761 ‚
1187 2693 1458 2748 excellen—

432 2778 646 2831 tissima.
675 2776 747 2830 Et
761 2777 905 2844 seli:
932 2774 1206 2830 interdum
1234 2772 1459 2825 omnino

433 2866 685 2927 praestans
701 2897 717 2924 ,
742 2855 1030 2925 egregium.
1058 2853 1263 2907 Contra
1280 2850 1462 2920 virgi-

433 2934 567 3001 lius,
592 2933 808 2987 AEneid.
845 2934 963 3001 111,
992 2933 1091 3005 649
1110 2971 1126 2998 ,
1165 2935 1342 2985 Victus
1376 2934 1462 2982 in-

419 3012 589 3081 fi’lt’2·‚·
606 3011 881 3078 Horatius,
899 3009 1067 3083 Epod.
1085 3010 1139 3064 ΙΙ
1154 3049 1170 3077 ,
1193 3025 1278 3077 17:
1299 3011 1462 3074 Quum

433 3094 666 3143 decorum
685 3093 888 3142 mt'tibus
901 3094 1072 3158 pomis·
1083 3095 1240 3155 capnt
1251 3088 1463 3140 Antun-

435 3189 533 3223 πω·
555 3174 692 3222 arn&
710 3171 908 3221 extulit.

504 3251 587 3322 93.
610 3253 812 3303 Primus
828 3289 840 3310 ‚
868 3248 1070 3309 oriens,
1096 3245 1341 3314 salse-‘rim
1375 3261 1465 3297 ra-

441 3331 539 3383 diis
551 3331 675 3394 suis,
687 3339 940 3397 tanquam
952 3326 1086 3392 telis,
1095 3325 1464 3388 illustrat,ante

440 3410 623 3464 omnia
640 3450 656 3477 ,
678 3414 948 3463 cacumina
968 3407 1253 3460 montium.
1272 3405 1352 3459 Ut
1382 3403 1469 3457 hie

431 3496 627 3559 primus
642 3492 749 3550 sol,
769 3487 841 3541 sic
853 3489 1044 3540 medius
1057 3487 1272 3539 Pha-bus
1286 3482 1466 3539 Valet.

444 3568 660 3624 Flaccus
675 3608 690 3635 ,
716 3568 802 3621 Ill
820 3606 836 3635 ,
863 3567 974 3633 481.
993 3592 1060 3604 -
1078 3566 1248 3631 Neque
1265 3567 1467 3616 enim...

441 3655 762 3719 appetebatur
775 3688 790 3707 ,
831 3643 974 3716 quod
1009 3642 1148 3696 VIII
1168 3681 1184 3709 ,
1219 3642 1317 3707 548
1355 3659 1468 3710 sqq.

446 3729 887 3784 decreverant.-
900 3723 1053 3780 Idem
1078 3734 1161 3777 ter
1180 3721 1336 3788 dixit,
1353 3741 1469 3791 pa-

445 3827 551 3863 cem
578 3811 823 3869 babeant,
857 3815 912 3858 et
924 3805 1163 3871 placidos
1181 3804 1387 3868 lapsus,
1416 3809 1472 3852 et

446 3895 591 3940 mole
612 3889 849 3939 residant.
869 3882 1065 3936 Fluviis
1087 3877 1472 3933 exundantibus

449 3974 612 4019 motus
636 3974 690 4017 et
707 3969 789 4017 e'ra
811 3961 1078 4015 tribuitur.
1119 3958 1303 4026 ltaque
1327 3965 1471 4009 recte

449 4045 703 4100 Heinsius
717 4042 914 4113 recepit
928 4049 1074 4094 mota·
1091 4058 1153 4091 ex
1169 4055 1281 4089 uno
1293 4034 1471 4090 codice

452 4125 737 4180 Basileensi
761 4135 814 4177 et
835 4120 1074 4190 margine
1091 4115 1316 4190 Gryphii
1336 4155 1351 4182 ‚
1376 4133 1474 4185 pro

448 4213 583 4266 tote,
602 4203 743 4274 quod
766 4202 1078 4273 vulgabatur
1098 4200 1195 4269 (et
1217 4193 1359 4264 quod
1377 4193 1474 4247 ha·-

449 4284 582 4336 bent
601 4280 768 4335 nostri
789 4277 994 4350 Regii).
1018 4278 1177 4331 Unus
1202 4271 1476 4326 Mediceus

451 4368 570 4415 tuta
598 4358 741 4430 quod
766 4369 820 4413 et
845 4358 1019 4428 ipsum
1046 4354 1222 4411 eidem
1252 4350 1478 4407 Heinsio
1523 4402 1535 4408 ,

1549 1977 1733 2048 placet.
1757 1977 1947 2046 Quum
1972 1973 2118 2028 fluvii
2143 1969 2342 2044 placide
2368 1971 2576 2025 alveum

1547 2076 1706 2111 suum
1729 2075 1909 2109 rursus
1924 2056 2474 2125 sequuntur,pacat1'‚
2496 2068 2582 2102 re-

1547 2141 1733 2198 sidere,
1761 2134 2026 2189 dicuntur.
2050 2135 2293 2186 Best'dem
2310 2131 2581 2199 eleganter

1551 2214 1617 2268 de
1635 2215 1694 2267 iis
1708 2254 1722 2281 ,
1739 2233 1855 2283 quoe
1870 2231 2098 2281 rompon
2106 2221 2289 2275 untur,
2305 2208 2579 2273 sedantur,
2632 2205 2638 2217 ⁴

1550 2292 1617 2345 de
1644 2295 1720 2345 ira
1740 2332 1755 2357 ,
1781 2290 1970 2344 ardore
1996 2289 2193 2354 animi,
2222 2287 2355 2340 flatu
2377 2295 2581 2339 vento-

1550 2388 1705 2434 rum;
1729 2369 1848 2422 vide
1874 2371 2245 2424 Buenemann.
2272 2364 2335 2418 ad
2363 2364 2582 2417 Lactan-

1551 2450 1720 2514 timn,
1751 2447 1816 2502 de
1844 2448 1957 2512 Ira,
1986 2445 2180 2500 XVIII
2199 2483 2217 2509 ,
2245 2445 2581 2514 7.—Lapsus‚

1553 2527 1735 2598 propie
1753 2525 1819 2580 de
1834 2543 1988 2579 eursu
2001 2522 2302 2577 fluviorum.
2319 2523 2584 2581 Placidus,

1553 2607 1745 2660 lentus.
1766 2604 1984 2658 Curtius
2001 2643 2017 2671 ‚
2037 2604 2140 2670 IV,
2163 2602 2221 2654 13
2238 2640 2254 2669 ,
2267 2603 2587 2669 place'devo-

1553 2689 1671 2738 lans
1693 2687 1887 2754 aquila.

1623 2787 1703 2837 97.
1730 2768 1977 2818 Lucerum
2006 2768 2162 2830 caput
2188 2762 2392 2814 aalma
2419 2761 2586 2810 undelr.

1557 2843 1782 2898 Heroid.
1799 2844 1877 2897 lx
1893 2882 1907 2910 ,
1933 2844 2027 2910 ¹4⁰
2041 2881 2057 2908 ,
2078 2840 2145 2893 de
2164 2838 2419 2905 Acheloo,
2433 2838 2587 2890 Trun-

1555 2941 1716 2991 caque
1725 2926 1910 2974 limosa
1921 2928 2145 2986 tempora
2156 2922 2332 2970 mersi!
2338 2935 2489 2986 aqua.
2506 2915 2591 2968 Si-

1557 3004 1758 3057 militer
1780 3002 1864 3055 alii
1887 3010 2074 3071 poetoe.

1624 3085 1705 3151 98.
1746 3083 1911 3131 Haud
1940 3084 2107 3129 lamen
2131 3091 2151 3140 ‚⁸
2192 3071 2489 3142 Naugerius
2527 3091 2591 3124 ex

1559 3159 1831 3214 nonnullis
1848 3157 2018 3210 adfert
2032 3159 2166 3209 hunc
2184 3162 2380 3207 tantum
2400 3191 2415 3215 ,
2446 3150 2587 3220 quod

1561 3239 1817 3294 Heinsius
1840 3238 1894 3289 in
1920 3236 2156 3305 quinque
2185 3231 2470 3287 Codieibus
2492 3250 2592 3283 re·-

1562 3319 1701 3390 perit
1731 3318 1757 3389 (
1779 3327 1833 3372 et
1854 3316 2055 3370 babent
2075 3314 2244 3367 nostri
2268 3310 2420 3380 Regii
2444 3310 2465 3375 )
2486 3330 2500 3373 3
2531 3326 2615 3361 ex‘

1563 3417 1675 3452 nno
1703 3395 1905 3450 Moreti
1927 3396 2072 3447 haud
2086 3402 2256 3447 tamen
2281 3389 2458 3457 recepi
2484 3408 2496 3441 ε
2520 3387 2595 3441 sic

1561 3478 1710 3531 facile
1728 3474 1990 3546 procurrit
2002 3471 2191 3533 oratio;
2202 3480 2256 3523 et
2277 3469 2331 3520 in
2342 3485 2475 3519 vers.
2496 3486 2515 3518 ι
2524 3485 2586 3519 οι

1562 3558 1703 3626 justa
1719 3565 1798 3608 est
1816 3551 2074 3623 oppositio
2090 3588 2105 3615 ‚
2132 3556 2193 3601 at
2209 3556 2262 3600 te
2275 3586 2290 3610 ‚
2311 3545 2596 3599 etos-Da-

1565 3640 1695 3689 mue't
1724 3634 1782 3686 in
1811 3634 1985 3684 nocui!
2013 3637 2187 3681 mutat
2213 3626 2557 3679 Burmannus
2577 3661 2594 3690 ,

1567 3724 1629 3767 ut
1648 3722 1702 3766 et
1722 3728 1913 3779 qnoque
1932 3709 1985 3761 in
2002 3707 2150 3759 modo
2163 3704 2467 3758 auctoritate
2480 3702 2600 3754 Me-

1569 3791 1702 3846 dicei
1721 3813 1735 3854 ς
1760 3798 2021 3844 neutrum
2038 3786 2175 3840 bene
2198 3805 2212 3849 ;
2236 3799 2467 3850 namque
2490 3782 2597 3832 do-

1570 3888 1710 3925 mare
1721 3888 1867 3922 nunc
1882 3877 1960 3922 est
1976 3863 2198 3936 perdere
2217 3901 2231 3928 ‚
2252 3859 2559 3914 interimere
2579 3895 2597 3923 ,

1569 3961 1632 4005 ut
1645 3951 1672 4003 1
1690 3991 1705 4017 ‚
1724 3950 1824 4021 309
1839 3986 1854 4012 ,
1878 3956 1933 3999 et
1951 3952 2104 4015 ἡμᾷν
2122 3942 2310 4012 passim
2327 3935 2465 4007 apud
2483 3936 2595 3989 Ho-

1569 4046 1787 4083 merum
1813 4044 1824 4078 :
1856 4027 2003 4077 modo
2036 4031 2218 4074 autem
2249 4016 2400 4071 nullo
2433 4014 2596 4068 modo

1571 4125 1788 4163 sensum
1811 4103 1986 4157 fundit
2005 4096 2364 4155 commodum.
2381 4095 2417 4148 J
2420 4104 2601 4149 actura

1573 4191 1786 4246 decoris,
1805 4201 1972 4237 cornu
1991 4179 2168 4234 decori
2180 4219 2196 4246 ,
2215 4195 2339 4231 eum
2358 4193 2468 4229 non
2486 4191 2599 4226 mo·

1574 4266 1645 4319 do
1658 4285 1768 4319 non
1784 4261 2044 4333 perdidit,
2068 4256 2158 4314 sed
2175 4256 2374 4312 celatur
2386 4270 2598 4324 quoque

1574 4343 1853 4400 arundine.
1889 4370 1957 4385 --
1994 4341 2184 4395 Cetera
2227 4353 2404 4405 sospes
2443 4336 2555 4385 erat
2577 4343 2600 4393 5
