3185 5138
726 557 855 622 522

1270 555 1349 620 P.
1419 553 1791 621 OVIDII
1845 551 2325 625 NASONIS

725 698 855 771 Est
884 693 1067 769 lacus
1097 693 1427 782 Arcadiae,
1464 697 1784 770 Pheneon
1817 695 2038 770 dixere
2065 697 2326 798 priores
2343 719 2368 786 ‚'

727 814 1085 909 Ambiguis
1121 832 1468 914 suspectus
1502 815 1733 914 aquis,
1769 841 1936 915 quas
1965 832 2164 887 nocte
2196 814 2433 888 timeto
2463 843 2484 904 3

726 930 941 1002 Nocte
973 945 1219 1002 nocent
1253 946 1428 1030 potae
1462 957 1477 1001 ε
1509 929 1650 1002 sine
1685 956 1859 1002 noxa
1896 927 2042 1002 luce
2074 928 2432 1005 bibuntur.

726 1045 839 1118 Sic
872 1044 1033 1119 alias
1055 1101 1074 1134 ‚
1114 1044 1408 1145 aliasque
1438 1043 1620 1119 lacus
1655 1063 1723 1119 et
1755 1045 2028 1121 flumina
2058 1045 2230 1121 vires

2787 1069 2902 1124 335

729 1160 1140 1262 Concipiunt
1174 1189 1189 1232 ε
1229 1179 1620 1262 tempusque
1655 1159 1818 1250 fuit,
1859 1191 1995 1262 quo
2027 1162 2212 1236 navit
2240 1163 2311 1237 in
2346 1164 2585 1252 undis,

728 1282 925 1354 Nunc
962 1279 1147 1353 sedet
1180 1279 1501 1381 Ortygie:
1540 1278 1766 1353 timuit
1800 1279 2239 1355 concursibus
2270 1281 2458 1377 Argo
2513 1309 2518 1312 ·

728 1395 1078 1469 Undarum
1111 1422 1374 1499 sparsas
1409 1394 1888 1496 Symplegadas
1924 1394 2269 1484 elisarum;

733 1512 903 1609 Quae
933 1540 1112 1586 nunc
1146 1513 1435 1586 immotae
1465 1528 1768 1614 perstant
1787 1569 1806 1602 ‚
1841 1511 2190 1613 ventisque
2218 1511 2554 1588 resistunt.

731 1629 869 1702 Nec
893 1683 913 1716 ‚
952 1656 1097 1729 qnae
1135 1627 1445 1704 sulfureis
1481 1625 1669 1705 ardet
1700 1629 2084 1704 fornacibus
2107 1687 2127 1720 ‚
2164 1630 2367 1703 AEtne

2783 1649 2891 1716 34⁰

731 1747 938 1842 Ignea
977 1774 1237 1848 semper
1271 1747 1399 1822 erit
1430 1775 1447 1821 ε
1483 1777 1701 1849 neque
1737 1747 1913 1823 enim
1944 1747 2076 1823 fuit
2110 1748 2304 1845 ignea
2337 1773 2612 1847 semper.

732 1867 905 1939 Nam
941 1864 1074 1939 sive
1106 1882 1206 1938 est
1239 1864 1479 1939 animal
1512 1864 1738 1955 tellus,
1773 1883 1843 1939 et
1874 1865 2074 1951 vivit,
2107 1865 2445 1967 habetque

734 1978 1149 2079 spiramenta
1168 2035 1187 2068 ‚
1224 1977 1389 2052 locis
1421 1978 1746 2054 flammam
1781 1978 2151 2054 exhalantia
2182 1976 2448 2067 multis,

734 2097 1049 2198 Spirandi
1081 2116 1336 2173 mutare
1371 2098 1542 2190 vias,
1577 2099 1969 2201 quotiesque
2003 2115 2344 2186 movetur,

735 2216 876 2289 Has
908 2213 1096 2290 finire
1128 2233 1390 2317 potest,
1427 2215 1573 2291 illas
1607 2216 1860 2319 aperire
1892 2243 2200 2292 cavernas
2228 2243 2246 2289 ε

800 2383 1150 2437 332.Pheneos
1170 2383 1293 2437 urbs
1307 2383 1561 2451 Arcadiae,
1578 2394 1761 2455 postea

736 2464 990 2516 Nonacris
1026 2462 1180 2515 dicta.
1220 2464 1286 2516 In
1322 2462 1508 2517 vicinia
1548 2463 1663 2532 ejus
1698 2483 1761 2516 ex

736 2550 999 2611 praerupta
1029 2558 1160 2611 rupe
1195 2560 1327 2611 aqua
1350 2581 1365 2607 ,
1406 2540 1603 2596 Graecis
1640 2547 1763 2619 ὕδωρ

734 2624 899 2689 teu-135
930 2619 1066 2673 dicta
1094 2659 1110 2685 ‚
1150 2619 1391 2687 guttatim
1434 2618 1641 2674 decidit.
1681 2620 1761 2673 Ea

734 2697 891 2753 certis
935 2696 1261 2767 temporibus
1310 2708 1543 2752 mortem
1589 2697 1764 2752 adfert

737 2787 849 2832 tam
882 2776 1183 2831 hominibus
1219 2795 1375 2845 quam
1400 2778 1608 2847 pecori,
1642 2796 1762 2830 vasa

735 2857 1114 2924 cujuscumque
1138 2853 1343 2924 generis
1375 2854 1606 2923 frangit,
1634 2873 1764 2906 me-

737 2935 859 2987 talla
873 2934 1020 2988 solvit
1036 2944 1133 2987 etc.
1149 2934 1266 2986 vide
1288 2933 1600 2986 Pausaniam
1619 2972 1634 2998 ,
1655 2932 1765 2986 Ar·-

737 3009 851 3064 cad.
890 3029 1003 3079 pag.
1036 3010 1135 3076 634
1164 3030 1239 3078 sq.
1285 3011 1453 3063 Nocte
1495 3028 1614 3063 eam
1652 3029 1762 3062 esse

738 3088 949 3142 noxiam
965 3126 979 3153 ‚
997 3087 1062 3139 de
1077 3086 1161 3139 die
1176 3086 1443 3139 innoxiam
1456 3126 1470 3153 ‚
1487 3087 1761 3140 neminem

739 3176 933 3237 praeter
958 3166 1209 3219 Nostrum
1239 3163 1552 3232 prodidisse,
1579 3177 1763 3220 monet

738 3246 1352 3313 Heinsius—Ambigua,
1378 3262 1500 3297 mox
1521 3244 1762 3313 letiferae,

739 3344 862 3381 mox
883 3324 1123 3379 innoxiae.

806 3404 920 3471 337.
939 3404 1084 3455 Nunc
1100 3404 1242 3454 sedet
1258 3401 1474 3472 Ortygie.
1493 3399 1658 3454 Delus
1676 3402 1762 3455 in-

737 3480 1112 3550 telligimrquae
1130 3477 1315 3532 eadem
1336 3489 1388 3532 et
1411 3481 1615 3550 Ortygie
1631 3499 1761 3532 non-

740 3559 895 3614 nullis
915 3559 1051 3613 dicta
1076 3568 1187 3621 est;
1230 3558 1346 3611 vide
1381 3558 1668 3627 Spanhem.
1695 3556 1760 3612 ad

743 3635 1048 3691 Callimachi
1069 3636 1250 3708 hymn.
1263 3634 1415 3705 Apol.
1430 3638 1507 3689 58.
1522 3636 1618 3700 Ea,
1635 3636 1762 3690 olim

741 3734 922 3769 errans
938 3726 990 3768 et
1009 3725 1194 3768 natans
1210 3754 1224 3778 ,
1243 3724 1359 3783 post
1375 3723 1583 3783 partum
1603 3714 1765 3767 Lato-

741 3817 824 3851 nae
841 3796 1123 3850 immobilis
1144 3795 1280 3848 facta
1301 3804 1378 3847 est
1394 3816 1407 3857 ς
1426 3793 1541 3846 vide
1561 3793 1760 3862 Spanh.

740 3875 806 3929 ad
846 3873 1152 3929 Callimachi
1192 3873 1375 3945 hymn.
1408 3871 1525 3925 Del.
1565 3872 1676 3942 273.
1699 3902 1765 3914 —

737 3955 1094 4025 Symplegades
1116 3952 1327 4018 insula),
1366 3959 1523 4016 sunt,
1563 3969 1679 4021 quae
1710 3958 1764 4004 ct

678 4076 685 4081 ,
745 4032 976 4105 Cyaneae
998 4030 1279 4098 dicuntur,
1306 4040 1487 4083 contra
1512 4028 1763 4098 Bospho-

739 4128 865 4162 rum
885 4109 1173 4164 Thracium
1194 4147 1210 4175 ,
1234 4120 1365 4178 'quae
1392 4128 1422 4162 a
1443 4108 1612 4178 ‘poetis
1636 4107 1764 4161 olim

741 4187 1063 4242 concurrisse
1081 4187 1360 4258 finguntur
1376 4227 1391 4254 ‚
1405 4187 1656 4257 quoniam
1673 4227 1688 4255 ,
1705 4196 1767 4241 ut

743 4264 815 4317 ait
853 4264 1055 4319 Plinius
1078 4305 1094 4332 ‚
1130 4284 1291 4335 parvo
1330 4264 1565 4319 discretz
1596 4264 1766 4319 inter-

741 4343 877 4399 vallo
893 4363 955 4399 ex
967 4343 1185 4400 adverso
1203 4345 1521 4401 intrantibus
1542 4346 1766 4417 gemina

2777 2233 2881 2303 ³45

1856 2403 1967 2438 esse
1990 2382 2239 2437 videntur
2254 2421 2269 2447 ,
2287 2380 2662 2452 paululumque
2679 2377 2880 2434 deflexa

1858 2461 1966 2515 acie
1987 2460 2295 2514 coeuntium
2313 2458 2538 2529 speciem
2562 2458 2881 2528 prebebant.

1863 2539 2071 2594 Confer
2092 2539 2155 2593 ad
2181 2540 2295 2594 Vll
2319 2580 2333 2607 ‚
2354 2538 2449 2607 62,
2476 2540 2792 2593 notam.Ed.

1926 2619 2039 2686 341.
2061 2620 2245 2687 Ignea,
2267 2617 2880 2689 ignivoma—Aoum,

1861 2699 2102 2754 animans
2124 2708 2203 2752 est
2230 2707 2372 2751 terra
2400 2717 2429 2751 e
2458 2707 2641 2751 mente
2669 2694 2883 2749 Stoico-

1859 2796 1982 2830 rum
2023 2794 2035 2828 :
2069 2779 2272 2829 animal
2310 2778 2499 2828 Tellus.
2540 2775 2660 2827 Hoc
2697 2773 2885 2846 placuit

1861 2856 2174 2928 Pythagorae
2194 2874 2207 2918 ;
2228 2854 2443 2907 Aristot.
2463 2853 2621 2926 Phys.
2641 2854 2748 2920 IV,
2768 2853 2884 2904 6.-

1859 2935 2105 2999 Spimnde’
2119 2940 2310 2986 mutare
2333 2937 2463 2984 vias.
2487 2931 2649 2984 Liber
2673 2929 2882 2984 Ciosani

1861 3009 2019 3063 habet
2043 3015 2217 3075 ve'ces‚·
2248 3009 2340 3065 sed
2364 3015 2482 3063 vias
2503 3020 2646 3063 recte
2673 3008 2884 3078 prefert

1859 3088 2201 3142 Burmannus
2217 3110 2230 3154 ς
2255 3107 2379 3141 nam
2397 3107 2646 3142 cavernas
2664 3099 2716 3142 et
2732 3087 2883 3141 fistu-

1857 3165 1930 3219 las
1958 3166 2200 3237 intelligit
2224 3207 2239 3235 ,
2277 3187 2374 3238 per
2411 3187 2539 3236 quas
2575 3168 2706 3238 ignis
2739 3166 2840 3220 exit
2860 3205 2877 3231 ‚

1857 3264 2089 3315 quasque
2104 3250 2408 3314 spiramenta
2426 3245 2583 3298 etiam
2602 3257 2762 3301 vocat-
2775 3246 2876 3297 Ed.

1856 3327 2103 3378 -F1'm're
2114 3344 2354 3378 cavernas
2366 3343 2462 3393 pro
2476 3364 2491 3391 ,
2508 3323 2747 3379 claudere
2763 3344 2844 3378 eas
2857 3362 2873 3391 ‚

1859 3401 2055 3456 durum
2079 3413 2172 3457 est.
2197 3403 2448 3456 Heinsius
2460 3403 2739 3468 suadebat,
2763 3406 2878 3457 Hac

1857 3487 2044 3549 operire
2054 3490 2244 3550 potest.
2273 3484 2383 3535 illic
2399 3487 2592 3549 aperite
2605 3502 2841 3535 cac-eruas
2858 3501 2879 3547 ,⁸

1860 3559 2203 3614 Burmannus
2224 3570 2402 3613 autem
2425 3561 2616 3615 merito
2638 3560 2837 3615 dubitat
2860 3600 2876 3626 ,

1861 3656 1925 3689 an
1961 3638 2015 3690 in
2054 3636 2151 3691 hac
2182 3638 2610 3707 agnominatione
2643 3637 2739 3691 sibi
2768 3637 2883 3707 pla-

1859 3715 2029 3769 cuerit
2056 3714 2279 3769 Ovidius
2300 3736 2313 3769 :
2336 3716 2443 3786 ipse
2463 3716 2637 3782 malit,
2665 3718 2778 3768 Has
2795 3725 2882 3768 te—

1858 3814 1970 3847 rare
1988 3797 2008 3861 (
2018 3813 2141 3847 nam
2154 3813 2292 3847 unus
2306 3793 2502 3847 Medic.
2513 3790 2883 3862 habetfnram)

1851 3882 2025 3939 potest
2035 3889 2053 3938 ,⁸
2072 3871 2212 3941 quod
2234 3872 2454 3926 verbum
2471 3870 2610 3926 sorte
2625 3870 2886 3925 veteribus

1859 3949 1918 4003 in
1939 3969 2036 4003 usu
2057 3950 2221 4003 suerit
2239 3991 2253 4015 ,
2283 3969 2604 4021 quamquam
2627 3949 2882 4019 frequen-

1860 4026 1962 4081 tius
1977 4029 2090 4099 ejus
2112 4028 2401 4098 composito
2417 4033 2647 4081 obturare
2666 4029 2743 4080 usi
2765 4026 2883 4081 sint.

1863 4107 1981 4177 Ego
2005 4107 2266 4180 vulgatam
2294 4105 2606 4161 servandam
2641 4104 2884 4160 arbitror.

1862 4189 2084 4259 Proprie
2121 4188 2272 4243 tellus
2285 4191 2414 4259 fini!
2444 4185 2825 4240 exhalationem
2848 4203 2880 4238 e

1862 4269 2097 4323 cavernis
2115 4310 2130 4336 ‚
2148 4268 2272 4322 hinc
2288 4286 2533 4321 cavernas
2548 4267 2695 4335 ipsas.
2715 4263 2882 4330 Infra,

1863 4368 1934 4403 vs.
1950 4347 2049 4417 545
2066 4388 2081 4417 ,
2100 4366 2247 4418 aeque
2266 4346 2458 4403 durum
2469 4345 2850 4416 ,finem-finite.
