3185 5138
593 580 1633 649 METAMORPHosEON
1679 584 1873 651 ΜΒ.
1927 571 2142 653 xiv.

2309 587 2429 671 451

323 719 475 791 Una
502 734 752 808 tamen,
798 747 942 820 quae
975 747 1102 794 nos
1136 719 1487 821 ipsumque
1514 719 1798 794 vehebat
1833 721 2105 813 Ulixen,

323 831 586 928 Effugit
616 862 633 905 ε
663 833 897 908 amissa
932 835 1262 908 sociorum
1291 851 1477 936 parte
1497 890 1515 922 ,
1547 834 1908 923 dolentes,-

326 948 680 1050 Multaque
710 950 1056 1049 conquesti
1091 950 1279 1023 terris
1313 949 1683 1023 adlabimur
1713 950 1879 1039 illis,

328 1066 517 1163 Quas
535 1062 766 1166 procul
786 1064 942 1136 hinc
969 1066 1178 1138 cernis
1196 1094 1211 1136 :
1228 1064 1461 1165 procul
1478 1066 1633 1139 hinc
1656 1066 1799 1155 tibi,
1826 1095 2038 1156 cerne,
2055 1069 2333 1146 videnda
2351 1092 2450 1147 est

327 1179 588 1269 Insula,
624 1180 762 1253 visa
795 1179 958 1252 mihi
989 1208 1004 1252 t
1038 1198 1240 1280 tuque
1261 1237 1280 1268 ,
1316 1211 1357 1254 o
1388 1182 1746 1280 justissime
1775 1184 2064 1274 Troum,

2355 1209 2454 1286 24⁵

325 1298 494 1370 Nate
527 1298 669 1370 Dea
701 1302 957 1397 (neque
993 1296 1167 1369 enim
1197 1295 1389 1392 finito
1423 1299 1639 1371 Marte
1674 1298 2007 1372 vocandus

327 1412 562 1485 Hostis
596 1440 703 1500 es,
737 1412 1020 1505 AEnea)‚
1055 1440 1293 1485 moneo
1314 1469 1332 1500 ,
1366 1412 1518 1508 fuge
1554 1411 1751 1486 litora
1785 1413 2026 1487 Circes,

327 1531 470 1603 Nos
505 1558 768 1630 quoque
807 1529 1057 1603 Circaeo
1092 1527 1366 1624 religata
1397 1530 1466 1602 in
1499 1528 1691 1603 litore
1725 1529 1890 1630 pinu

328 1645 709 1747 Antiphatae
739 1673 1097 1732 memores,
1137 1645 1686 1746 immansuetique
1721 1641 2071 1747 Cyclopis,

328 1763 434 1834 Ire
466 1761 868 1857 negabamus
893 1817 911 1850 ,
946 1779 1014 1834 et
1046 1777 1216 1835 tecta
1253 1761 1480 1856 ignota
1516 1760 1759 1833 subire'.

2361 1787 2458 1836 250

334 1879 523 1952 Sorte
557 1907 783 1952 sumus
817 1877 965 1951 lecti
997 1908 1011 1950 :
1047 1906 1192 1951 sors
1228 1905 1328 1950 me
1361 1876 1702 1977 fidumque
1734 1875 1999 1952 Politen

333 1997 911 2099 Eurylochumque
949 1996 1183 2083 simul,
1221 1996 1539 2097 nimiique
1571 1995 1903 2096 Elpenora
1938 1997 2105 2085 vini,
2200 2027 2201 2030 ¹

332 2116 581 2218 Bisque
615 2145 850 2191 novem
891 2116 1105 2189 socios
1136 2115 1377 2189 Circaea
1416 2113 1498 2186 ad
1528 2114 1770 2186 moenia
1796 2114 1993 2187 misit.

338 2229 506 2327 Quae
538 2228 733 2303 simul
764 2228 1155 2323 adtigimus,
1191 2226 1627 2326 stetimusque
1664 2226 1735 2299 in
1769 2224 1992 2300 limine
2021 2227 2172 2301 tecti
2192 2283 2212 2317 ,

332 2396 528 2444 liemare
540 2393 696 2457 dapes
715 2407 732 2453 ,·
759 2389 862 2442 vid.
876 2388 1126 2442 Heinsius
1141 2388 1226 2456 qui
1245 2387 1346 2442 hoe

335 2487 398 2521 ex
422 2466 623 2519 duobus
647 2466 792 2520 MSS
819 2506 832 2531 ,
860 2465 1024 2519 altero
1061 2465 1253 2520 Hamb.
1292 2475 1346 2518 et

334 2564 431 2616 pro
451 2545 651 2599 diversa
672 2544 893 2598 lectione
917 2563 994 2614 pr.
1024 2543 1225 2597 Erfurt.
1258 2562 1348 2596 re-

333 2625 469 2693 cepit
494 2643 589 2694 pro
618 2624 929 2691 Consti-lunt,
964 2621 1106 2691 quod
1135 2622 1189 2673 in
1216 2639 1345 2673 orn-

334 2704 486 2756 nibus
509 2701 616 2754 aliis
640 2703 724 2768 (et
747 2701 801 2753 in
834 2699 1043 2770 Regiis)
1074 2701 1279 2769 legitur.

397 2783 510 2847 244.
555 2782 744 2831 Procul
771 2781 890 2831 binc
936 2782 1030 2831 tibi
1070 2786 1167 2830 etc.
1213 2777 1347 2831 Haec

333 2857 489 2910 verba
534 2867 675 2910 recte
711 2842 1010 2909 emendavit
1051 2855 1303 2908 Heinsius
1329 2875 1344 2918 ς

330 2934 487 3004 vulgo
512 2934 601 3001 (et
619 2934 672 2987 in
691 2933 866 2987 codice
893 2933 1060 3001 Regio
1077 2932 1122 2985 B
1139 2933 1159 2997 )
1169 2937 1355 3000 procul

332 3018 450 3069 binc
463 3018 746 3068 mihicrede
761 3017 1008 3076 videndas
1026 3011 1239 3082 quidam
1255 3016 1355 3067 tibi

334 3098 513 3161 cred03
535 3094 748 3163 Neapol.
768 3094 858 3165 (et
873 3091 1034 3153 codex
1053 3092 1248 3161 Regius
1264 3091 1344 3159 A)

335 3178 434 3227 ribi
465 3178 606 3228 crede
636 3177 917 3227 videndam.
951 3200 1016 3211 -—
1055 3171 1140 3224 De
1168 3169 1349 3225 Circes

336 3252 504 3305 insula
526 3251 643 3303 vide
663 3271 817 3319 supra
841 3249 906 3303 ad
931 3268 1061 3303 vers.
1086 3270 1144 3302 ιο
1169 3269 1182 3310 ;
1208 3247 1350 3303 conf.

339 3330 610 3382 Homerus
634 3327 758 3381 inde
784 3347 813 3380 a
844 3345 994 3380 versu
1039 3327 1146 3378 135.
1168 3325 1349 3379 Com·-

340 3417 515 3460 motus
539 3405 766 3473 periculo
788 3407 860 3459 ibi
881 3416 1123 3474 superato
1140 3444 1154 3471 ,
1191 3425 1350 3460 com-

341 3482 497 3537 moda
514 3483 854 3536 conversione
879 3482 1109 3535 AEneam
1139 3483 1353 3537 adstan-

342 3573 450 3616 tem
477 3558 806 3628 adloquitur,
847 3576 960 3628 quae
996 3560 1149 3613 simul
1185 3560 1349 3626 facit,

340 3649 399 3692 ut
429 3638 569 3692 hunc
608 3646 730 3689 ante
771 3636 946 3691 oculos
972 3647 1146 3689 teneat
1174 3637 1351 3690 lector.

339 3717 526 3787 Neque
543 3714 645 3768 huc
662 3713 979 3783 adpulerunt
996 3713 1245 3780 Troiani,
1261 3712 1353 3766 sed

343 3791 668 3861 praetervecti
697 3800 820 3844 sunt
843 3789 927 3842 illa
951 3788 1133 3853 litora3
1167 3789 1364 3859 virgil..

343 3870 452 3925 Vll
471 3912 486 3936 ,
512 3870 695 3924 21-23.

409 3950 520 4020 249.
543 3949 837 4015 Ante‘phatae
857 3965 1091 4000 memores
1115 3955 1212 3998 etc.
1234 3945 1355 3998 Ho-

345 4044 521 4078 merus
539 4064 554 4091 ,
582 4044 710 4077 vers.
733 4045 826 4111 {99
848 4043 860 4077 ε
889 4028 1203 4092 Μνησαμὲνοις
1219 4030 1356 4091 ἴργων

345 4107 676 4178 Δαιστρυγένος
707 4104 970 4172 Δντιᾳάταο
998 4140 1014 4168 ,
1047 4105 1285 4159 Κύκλωπές
1308 4125 1355 4155 τε

344 4188 455 4248 βίης
489 4186 790 4256 μεγαλήτορος
838 4180 1148 4255 ἀνδρικάγοιε.
1188 4205 1254 4215 -
1292 4177 1358 4230 In

343 4265 698 4314 immansuetus
729 4258 924 4311 frustra
954 4258 1215 4312 haeserunt
1239 4257 1355 4310 inat.

346 4338 489 4407 quasi
526 4337 719 4393 leviore
751 4337 906 4392 nimis
927 4357 1034 4392 voc.
1059 4355 1155 4404 pro
1186 4335 1356 4409 Poly-

1438 2386 1617 2457 phemi
1642 2385 1946 2440 crudelitate
1970 2408 1984 2450 ;
2008 2388 2152 2441 saevis
2177 2389 2321 2443 enim
2344 2391 2460 2446 bes-

1439 2463 1523 2515 tiis
1540 2502 1555 2530 ,
1583 2474 1642 2515 ut
1671 2464 1792 2530 XV,
1812 2466 1904 2530 85,
1933 2464 2180 2533 tigribus,
2213 2467 2460 2521 tribuitur

1438 2546 1815 2597 itnmansuetum
1838 2548 2103 2611 ingemunt.
2118 2573 2185 2584 —
2201 2548 2283 2599 Ire
2305 2568 2462 2615 nega-

1441 2616 1618 2676 ba'mus
1640 2664 1652 2687 ,
1686 2636 1738 2677 et
1766 2634 1900 2677 tecta
1926 2636 2022 2678 etc.
2056 2622 2278 2680 Codices
2308 2628 2461 2698 Regii

1440 2701 1606 2753 nostri
1635 2741 1650 2767 ,
1689 2711 1742 2754 et
1783 2702 2120 2756 Florentinus
2152 2703 2206 2756 S.
2246 2703 2413 2759 Marci
2441 2746 2458 2774 ,

1441 2777 1639 2832 habent
1662 2782 1759 2831 sed
1779 2787 1951 2843 lecta‚·
1995 2791 2136 2833 certe
2167 2791 2225 2834 ut
2253 2784 2462 2838 tollatur

1442 2855 1629 2909 vitium
1651 2858 1807 2910 metri
1826 2896 1842 2924 ,
1868 2856 1958 2911 sed
1984 2857 2101 2910 vide
2126 2877 2241 2927 quae
2264 2860 2326 2912 ad
2347 2863 2426 2916 lx
2441 2902 2460 2929 ,

1445 2938 1572 3000 405,
1614 2932 1837 2989 diximus
1867 2957 1881 2998 3
1917 2946 1971 2989 et
2010 2947 2198 3006 praeter
2229 2941 2463 3009 exempla

1443 3022 1560 3080 quae
1583 3011 1645 3063 ad
1670 3012 1841 3065 locum
1861 3012 2056 3065 dictum
2075 3034 2135 3067 ex
2156 3016 2345 3071 Nostro
2369 3016 2466 3070 ad·-

1445 3090 1658 3143 tulimus
1674 3088 1901 3169 „Virgih
1927 3093 2025 3161 ait,
2049 3093 2173 3147 AEn.
2200 3096 2279 3149 lx
2298 3136 2311 3161 ,
2330 3098 2428 3169 609
2444 3136 2463 3164 ,

1445 3184 1684 3236 versaque
1692 3166 1961 3235 juvencum
1998 3168 2156 3237 Terga
2175 3168 2464 3238 satt'gamns

1444 3247 1609 3297 hasla.
1644 3244 1741 3297 Ed.

1465 3329 1470 3335 ’
1516 3327 1628 3377 251.
1654 3326 1771 3375 Sors
1793 3327 2130 3392 mefidumque
2144 3335 2238 3378 etc.
2261 3325 2464 3379 Home-

1447 3422 1536 3455 rus
1553 3402 1734 3472 viginti
1754 3412 1856 3455 tres
1876 3401 2053 3455 missos
2074 3414 2251 3454 narrat
2268 3441 2283 3468 ,
2301 3423 2329 3455 e
2346 3404 2466 3471 qui-

1446 3481 1542 3534 bus
1567 3500 1676 3533 non
1696 3481 1794 3534 nisi
1811 3483 2143 3552 Eurylochum
2163 3479 2351 3538 ducem
2369 3521 2384 3549 ,
2411 3493 2464 3536 et

1446 3578 1518 3613 vs.
1539 3561 1633 3610 225
1648 3598 1662 3623 ,
1682 3560 1873 3609 Politen
1891 3557 2129 3610 nominat
2145 3578 2158 3619 ;
2177 3548 2267 3610 secl
2285 3555 2371 3612 lib.
2391 3570 2460 3626 K,

1452 3638 1578 3700 552,
1615 3644 1666 3686 et
1699 3643 1743 3685 A
1765 3672 1781 3699 ,
1820 3633 1887 3685 60
1916 3651 2009 3701 sqq
2032 3671 2046 3697 ,
2086 3635 2307 3700 Elpenor
2335 3635 2463 3689 ine-

1450 3712 1646 3765 briatus
1680 3710 1758 3762 de'
1784 3708 1962 3764 Circes
2001 3721 2138 3764 tecto
2177 3711 2422 3767 decidisse
2444 3752 2475 3780 ,⁷

1448 3789 1716 3858 fractaque
1740 3790 1937 3843 cervice
1965 3792 2203 3843 mortuus
2230 3811 2337 3844 esse
2367 3811 2463 3844 re·-

1449 3870 1636 3924 fertnr.
1654 3871 1795 3924 Hinc
1815 3878 1959 3926 nimii
1970 3879 2105 3935 υίηί,
2131 3873 2270 3940 quod
2292 3875 2466 3927 Hein-

1450 3951 1554 4002 sius
1572 3960 1627 4002 et
1644 3949 1983 4003 Burmannus
1996 3950 2255 4003 illustrant
2271 3971 2332 4004 ex
2346 3952 2467 4004 Ho-

1453 4030 1612 4093 ratio,
1639 4027 1696 4092 1,
1726 4027 1831 4081 Od.
1858 4044 2053 4093 xxxvl,
2088 4030 2173 4095 13,
2195 4034 2466 4084 mulliDa-

1452 4108 1602 4156 malis
1617 4110 1769 4169 mer&
1789 4104 1868 4171 11,
1888 4104 1993 4158 Od.
2019 4126 2074 4160 ια
2092 4146 2107 4172 ,
2122 4112 2323 4161 nimium
2337 4127 2466 4161 mero

1452 4183 1716 4251 Hylaeum·
1746 4182 2034 4248 Suetonio,
2069 4185 2205 4254 Aug,
2232 4186 2323 4254 76,
2358 4188 2475 4239 Cibi

1452 4266 1653 4312 minimi
1668 4272 1809 4328 era!,·
1837 4273 1890 4316 et
1914 4260 2205 4317 Columella
2223 4305 2237 4331 ,
2266 4264 2345 4317 VI
2361 4303 2377 4332 ,
2405 4286 2475 4335 a,⁴

1456 4339 1617 4393 Μαίη·
1632 4343 1739 4392 cibi
1752 4351 1805 4393 et
1820 4337 2014 4398 edaces.
