3185 5138
613 538 706 605 86

1165 538 1245 603 Ρ.
1311 536 1674 606 OVIDII
1726 538 2184 611 NASONIS

614 679 848 781 Induit
881 677 992 754 ille
1031 680 1197 754 toris
1228 708 1265 755 a
1299 679 1457 756 laeva
1489 698 1675 782 parte
1711 680 2032 770 lacertos,

614 798 1133 899 Admissumque
1171 797 1439 873 trahens
1474 798 1819 901 sequitur,
1858 799 2309 903 deprensaque
2346 804 2514 881 dura

619 922 886 995 Cornua
912 916 1057 1013 figit
1083 916 1291 990 humo
1316 973 1335 1003 ‚
1369 945 1608 1017 meque
1642 915 1772 990 alta
1807 918 2046 990 sternit
2077 947 2292 993 arena.

613 1041 752 1114 Nec
785 1037 944 1113 satis
980 1035 1047 1109 id
1084 1035 1298 1109 fuerat
1329 1065 1345 1110 t
1381 1034 1672 1130 rigidum
1707 1034 1843 1109 fera
1876 1035 2137 1111 dextera
2175 1065 2386 1112 cornu
2693 1020 2763 1117 δὲ

611 1158 792 1230 Dum
827 1169 1040 1242 tenet,
1071 1151 1379 1248 infregit,
1423 1169 1786 1254 truncaque
1825 1181 1859 1225 3
1899 1152 2118 1227 fronte
2153 1153 2431 1229 revellit.

613 1271 862 1345 Naides
898 1271 1026 1343 hoc
1048 1326 1067 1358 ‚
1105 1270 1326 1370 pomis
1357 1286 1424 1343 et
1456 1269 1670 1343 odoro
1708 1269 1869 1343 flore
1900 1269 2229 1371 repletum
2250 1329 2270 1361 ,

617 1393 1015 1478 Sam-amun
1053 1390 1366 1493 divesque
1404 1420 1550 1465 meo
1588 1392 1766 1466 bona
1804 1393 2021 1494 Copia
2050 1421 2259 1468 cornu
2293 1411 2412 1469 est.
2456 1427 2493 1461 n

715 1514 991 1589 Dixerat
1021 1544 1037 1587 ε
1073 1531 1141 1588 at
1173 1513 1480 1616 Nymphe
1500 1569 1520 1603 ,
1552 1515 1691 1590 ritu
1725 1514 2064 1590 succincta
2097 1517 2370 1605 Dianae,

610 1731 725 1803 jicit
747 1735 976 1792 revellor,
1012 1750 1177 1800 quum
1217 1730 1270 1783 in
1306 1731 1544 1801 Spirensi
1583 1741 1639 1785 et

611 1811 780 1865 trihus
804 1809 914 1864 aliis
935 1814 1115 1863 mello
1150 1821 1316 1876 esset,
1359 1821 1412 1863 et
1443 1810 1499 1863 in
1543 1821 1639 1864 to—

611 1888 782 1942 tidem
810 1892 1007 1957 repello.
1037 1916 1105 1929 —
1141 1889 1289 1958 Regii
1318 1888 1481 1942 nostri
1501 1928 1517 1955 ,
1557 1908 1641 1941 re-

611 1970 759 2021 bello.
782 1997 849 2010 —
871 1972 1138 2022 Rebellare
1155 2012 1166 2026 .
1196 1968 1390 2022 bellum
1413 1979 1503 2021 aut
1526 1967 1641 2021 lue·

615 2056 726 2100 tam
752 2047 1130 2117 redintegrare.
1167 2047 1255 2101 Sic
1280 2047 1470 2119 passim
1500 2045 1639 2115 apud

612 2125 898 2180 historicos.
926 2125 1099 2180 Causa
1123 2126 1282 2194 hujus
1301 2127 1640 2180 transforma·

612 2206 771 2259 tionis
795 2204 945 2258 allata
972 2204 1036 2257 ad
1061 2223 1274 2258 versum
1307 2225 1342 2257 1.

697 2289 779 2340 82.
810 2288 990 2339 Induit
1028 2289 1118 2337 Ille
1160 2289 1290 2339 totis
1334 2294 1433 2339 etc.
1471 2285 1640 2340 Locus

615 2365 865 2419 obscurus
892 2405 907 2433 ,
951 2384 1111 2436 quem
1149 2364 1282 2419 adeo
1319 2363 1638 2434 interpretes

611 2445 820 2498 silentio
859 2445 1244 2515 preterierunt.
1276 2442 1334 2498 Si
1372 2443 1639 2514 quid'ego

613 2522 767 2578 video
786 2564 800 2590 ,
821 2543 1002 2579 sensus
1023 2534 1099 2579 est
1116 2523 1200 2577 bic
1216 2543 1229 2577 ε
1247 2524 1506 2578 Hercules
1526 2544 1641 2578 sus-

612 2606 739 2674 cipit
758 2616 897 2658 toros
913 2624 1056 2658 meos
1072 2606 1275 2659 lacertis
1288 2605 1391 2659 suis
1407 2644 1420 2670 ,
1442 2624 1637 2674 meque

614 2693 759 2736 retro
777 2695 1083 2737 currentem
1103 2685 1261 2736 trahit
1278 2683 1520 2753 quidem,
1545 2682 1637 2736 sed

615 2771 670 2815 et
692 2760 839 2830 sequi
864 2761 1067 2830 cogitur
1095 2802 1110 2827 ,
1152 2760 1320 2814 donec
1341 2760 1640 2831 deprehen-

615 2860 669 2893 sa
689 2879 704 2906 ,
747 2849 843 2892 etc.
884 2840 1121 2892 Fortasse
1162 2841 1385 2908 respexit
1414 2839 1639 2894 Ovidius

618 2928 1029 2973 monumentum
1056 2917 1262 2987 aliquod
1290 2958 1304 2983 ,
1351 2918 1404 2969 in
1432 2938 1537 2987 quo
1567 2919 1641 2971 ita

615 3013 917 3064 expressum
939 3004 1050 3047 erat
1067 2994 1164 3047 boc
1179 3004 1535 3048 certamen.—
1547 2999 1640 3048 To·

611 3077 686 3125 ris
707 3075 924 3124 lacertos
947 3090 964 3134 ‚·
994 3070 1262 3127 Leideusis
1277 3111 1291 3138 ,
1324 3082 1461 3127 loros
1477 3077 1642 3126 later-

615 3162 686 3209 tis
704 3196 717 3217 ,
747 3151 886 3223 quod
919 3153 1103 3223 probat
1125 3150 1425 3206 Gronovius
1450 3152 1514 3205 ad
1543 3154 1641 3208 Se-

619 3251 806 3285 necam
825 3270 840 3297 ,
867 3230 1084 3284 Hercul.
1109 3231 1236 3284 Fur.
1255 3231 1638 3304 1312.·-Regii

618 3311 781 3365 nostri
802 3348 819 3378 ,
842 3316 968 3363 tore}
989 3313 1221 3362 lacertos.
1241 3312 1496 3363 —lnduit
1514 3318 1641 3365 toreis·

619 3395 858 3453 lacertos,
887 3388 986 3442 tori
1005 3388 1109 3441 mei
1129 3386 1398 3456 implicant
1422 3387 1641 3444 lacertos

619 3469 763 3538 ejus,
789 3467 916 3520 dum
941 3467 1132 3521 collum
1156 3485 1338 3519 meum
1360 3468 1641 3536 amplecti-

621 3558 723 3601 tur.
739 3576 806 3587 —
822 3548 1097 3599 Admissus
1111 3555 1293 3599 taurus
1309 3585 1326 3615 ,
1352 3549 1650 3600 utadm115s1’

616 3631 745 3695 equi.
755 3653 823 3666 —
835 3627 1249 3695 Deprensaqne...
1264 3628 1428 3678 huma.
1448 3626 1526 3678 Ita
1542 3625 1641 3679 de-

617 3704 801 3759 bellari
824 3703 1059 3757 solebant
1079 3704 1212 3757 tauri
1238 3725 1253 3765 ς
1287 3701 1391 3756 vid.
1413 3703 1640 3758 Grono—

617 3785 762 3850 vius,
793 3782 1015 3838 observ.
1041 3782 1097 3848 l,
1129 3804 1281 3853 17.—
1299 3782 1449 3854 Regii
1472 3783 1639 3837 nostri

619 3863 814 3916 habent
825 3865 1061 3929 depressa
1072 3863 1475 3914 huma—Arena
1488 3880 1637 3931 eque

616 3955 757 3997 reete
800 3964 858 3997 ac
901 3961 1079 3997 arene.
1119 3942 1241 3995 Vid.
1281 3943 1533 3998 Heinsius
1570 3944 1637 3997 ad

621 4023 805 4076 Amor.
832 4022 952 4088 111,
986 4037 1062 4086 n,
1091 4025 1169 4075 25.

682 4101 764 4153 85.
791 4102 928 4154 Satt's
951 4098 1228 4166 e'dsuemoe
1261 4100 1411 4170 Regii
1436 4100 1601 4154 nostri
1618 4141 1634 4169 ,

614 4177 903 4245 bocfieerat.
927 4206 993 4219 —
1018 4180 1256 4245 Be'ge‘dum
1275 4179 1400 4245 sera
1427 4183 1637 4232 dez-lem

616 4273 769 4306 cornu
791 4263 888 4307 etc.
905 4255 1023 4307 Hoc
1040 4264 1117 4308 est
1132 4255 1305 4308 nobile
1320 4254 1446 4307 illud
1472 4258 1638 4310 Cornu

620 4334 805 4409 Coget-r,
826 4331 964 4402 quod
979 4332 1033 4384 in
1050 4333 1411 4387 monumentis
1431 4332 1632 4405 Copiae,

1734 1732 1859 1787 Paci
1876 1743 1930 1786 et
1944 1734 2195 1788 Fortuna
2213 1734 2374 1786 tribui
2387 1732 2518 1790 solet
2531 1773 2545 1801 ‚
2567 1733 2634 1788 de
2654 1755 2762 1806 quo

1734 1813 1853 1867 vide
1878 1813 2269 1883 Apollodorum,
2293 1814 2345 1867 11
2361 1855 2376 1880 ,
2393 1830 2497 1880 vn,
2512 1818 2562 1881 5,
2582 1816 2762 1886 ibique

1737 1892 2033 1964 Heynium.
2052 1894 2237 1946 Horat.
2268 1892 2450 1946 Carm-
2469 1894 2625 1947 secul.
2653 1900 2716 1967 ⁵9
2743 1934 2762 1962 ,

1736 1972 2056 2039 Appon-tque
2077 1974 2228 2024 beata
2240 1975 2391 2040 pleno
2413 1974 2574 2040 Copia
2589 1992 2764 2026 cornu.

1738 2048 1843 2103 Sed
1855 2050 1992 2119 apud
2010 2051 2386 2121 Apollodorum
2405 2052 2635 2107 Acheloo
2648 2051 2765 2106 red-

1737 2125 1881 2179 ditur
1900 2128 1996 2182 boc
2018 2148 2212 2194 cornu,
2239 2129 2456 2210 ejusque
2483 2130 2593 2184 loco
2621 2132 2766 2183 Her-

1735 2205 1876 2258 cules
1916 2206 2207 2261 Amaltheae
2238 2227 2404 2261 cornu
2439 2208 2638 2279 accipit.
2668 2208 2759 2262 Sic

1737 2296 1791 2337 et
1811 2287 1984 2339 ceteri
2010 2286 2196 2341 Graeci.
2221 2317 2289 2327 —
2305 2292 2471 2342 Cornu
2492 2289 2574 2342 vel
2596 2289 2764 2343 sinis—

1739 2371 1901 2428 trum,
1914 2364 2204 2417 secundum
2223 2366 2396 2419 Schol.
2416 2367 2659 2434 flumen,
2680 2366 2765 2419 vel

1739 2441 1984 2496 dextrum
2006 2483 2021 2510 ‚
2063 2455 2273 2497 auctore
2301 2444 2474 2501 Schol.
2514 2445 2637 2518 Lyc.
2680 2447 2765 2498 So.

1739 2520 1936 2576 Sensus
1969 2523 2154 2577 sabulae
2182 2543 2194 2577 :
2223 2523 2350 2577 Pars
2388 2534 2570 2593 erepta
2600 2522 2764 2578 fluvio

1737 2601 1868 2654 sacta
1894 2613 1968 2655 est
1995 2614 2135 2656 terra
2169 2603 2367 2657 fertilis.
2414 2603 2678 2657 Diodorus
2705 2613 2761 2657 et

1736 2679 1926 2734 Strabo
1944 2692 2161 2749 putant,
2194 2681 2469 2735 brachium
2490 2682 2637 2735 fluvii
2661 2670 2764 2736 alio

1738 2756 2027 2811 deductum
2068 2761 2132 2812 ab
2171 2761 2403 2813 Hercule
2429 2771 2583 2814 terre
2606 2760 2766 2830 adja-

1737 2836 1876 2888 centi
1904 2838 2225 2891 fertilitatem
2243 2837 2541 2893 dedisse.—
2566 2841 2767 2892 Trunca

1736 2930 1773 2964 a
1786 2914 1990 2983 fronte,
2032 2927 2090 2968 ut
2115 2917 2260 2969 frons
2286 2916 2439 2969 (ieret
2473 2927 2675 2971 trunca.
2699 2943 2768 2957 —

1737 2993 1948 3054 Naides,
1969 2993 2183 3048 Acheloi
2199 2994 2332 3048 filiae.
2355 2995 2617 3068 Hyginus,
2636 2997 2766 3050 Hes·

1728 3073 1989 3136 pere'dibus
2006 3077 2114 3125 sive
2136 3076 2193 3125 N
2177 3076 2382 3145 ympbe’s
2403 3079 2645 3135 danaum
2676 3074 2765 3127 ubi

1742 3157 1917 3202 tamen
1943 3151 2065 3205 vide
2100 3152 2450 3205 Munkerum.
2471 3179 2539 3192 —
2574 3154 2768 3207 Sacra-

1736 3238 1882 3294 nml‚·
1914 3229 2031 3283 vide
2063 3231 2125 3284 ad
2157 3231 2207 3283 X
2229 3270 2245 3297 ,
2284 3231 2399 3298 646.

1804 3309 1885 3382 89.
1901 3309 2122 3363 Dis-eia!
2134 3328 2151 3374 ,·
2163 3319 2223 3363 al
2232 3312 2472 3381 Nympbe.
2494 3320 2592 3364 etc.
2608 3309 2766 3381 Regii

1737 3388 1903 3442 nostri
1918 3430 1932 3454 ‚
1947 3398 2000 3442 el
2010 3394 2316 3461 Nympbe.—
2328 3389 2536 3444 Satiatis
2551 3390 2765 3443 edendo

1734 3468 1967 3521 convivis
1983 3508 1997 3533 ,
2023 3487 2204 3523 mensa
2222 3470 2390 3539 prima
2405 3489 2529 3522 rum
2544 3466 2764 3539 dapibus

1735 3547 2110 3600 removebatur
2123 3589 2139 3616 ,
2159 3548 2315 3618 idque
2334 3550 2388 3601 in
2405 3548 2508 3602 boc
2519 3549 2764 3602 convivio

1735 3625 1931 3678 sactum
1950 3644 2058 3678 esse
2075 3666 2090 3691 ,
2115 3646 2271 3696 supra
2294 3627 2431 3680 Vlll
2450 3666 2465 3692 ,
2485 3629 2585 3697 570
2601 3667 2616 3694 ,
2635 3646 2766 3680 nar-

1735 3703 1963 3756 rabatur.
2002 3704 2133 3757 Mox
2170 3707 2397 3757 secunda
2426 3723 2601 3757 mensa
2638 3724 2763 3757 cum

1734 3783 1886 3849 vino,
1913 3784 2083 3853 pomis
2098 3825 2114 3851 ,
2134 3785 2356 3839 nucibus
2375 3824 2389 3852 ,
2409 3804 2526 3854 quae
2550 3784 2765 3839 bellaria

1735 3874 1790 3918 et
1800 3872 2070 3942 τραγήματα
2081 3863 2239 3920 dicun
2247 3876 2353 3932 tur,
2368 3865 2732 3936 apponebatur
2747 3886 2762 3930 ;

1734 3942 1838 3996 vid.
1861 3943 2036 3998 Cerda
2051 3945 2116 3999 ad
2137 3946 2283 4015 Virg.
2310 3942 2525 3997 AEneid.
2549 3944 2606 4010 1,
2633 3944 2758 4011 723:

1733 4021 1859 4078 hinc
1888 4044 1994 4078 non
2026 4026 2196 4079 solum
2230 4024 2396 4095 epulae
2417 4064 2433 4090 ‚
2471 4023 2562 4079 sed
2600 4024 2762 4076 etiam

1732 4120 1930 4157 mense
1945 4103 2197 4157 dicuntur
2208 4108 2418 4171 appom‘5
2436 4103 2578 4158 Vlll
2591 4143 2606 4168 ,
2627 4105 2726 4171 570
2745 4142 2760 4170 ,

1732 4189 1788 4232 et
1806 4180 1869 4233 83
1880 4201 1896 4232 1
1908 4220 1919 4231 .
1933 4209 2001 4221 -
2016 4183 2285 4234 Succincta
2297 4221 2311 4241 ,
2347 4200 2453 4251 quo
2469 4178 2762 4250 expeditior

1733 4269 1866 4311 esset
1892 4259 1947 4310 in
1972 4258 2270 4311 ministerio
2293 4279 2306 4319 ς
2335 4260 2519 4312 confer
2537 4298 2551 4325 ,
2583 4257 2723 4310 VIII
2744 4297 2759 4323 ‚

1728 4335 2080 4390 fisa-wanze.
2097 4335 2239 4391 Alibi
2260 4341 2458 4404 sparsit
2472 4338 2761 4402 capillam—
