3185 5138
725 525 807 609 42
1281 537 1358 603 Ρ.
1416 539 1769 607 ov1n11
1823 543 2284 615 NAsole

724 669 899 741 Ante
928 667 1317 768 sepulcrales
1350 675 1577 752 infelix
1611 679 1867 754 adstitit
1898 711 2076 757 aras:

731 816 765 846 «
805 785 1279 890 Poenarumque
1314 793 1470 866 Deae
1503 794 1832 894 tripliceS‚
1866 798 2248 887 furialibu8‚
2287 802 2541 903 inquit,

734 930 766 959 ν»
803 900 1227 990 Eumenides,
1263 910 1459 982 sacris
1493 908 1714 985 vultus
1747 912 2053 990 advertite
2084 935 2354 992 vestros,

733 1048 763 1074 »
807 1013 1140 1122 Ulciscor,
1180 1019 1479 1121 facioque
1507 1025 1688 1102 nefas
1715 1057 1730 1100 :
1760 1057 1937 1104 mors
1966 1049 2175 1104 morte
2206 1032 2441 1133 pianda
2470 1052 2606 1107 est:

732 1164 763 1191 »
804 1132 882 1202 In
914 1131 1122 1208 scelus
1154 1136 1521 1213 addendum
1559 1141 1767 1219 scelus
1800 1164 1934 1234 est,
1972 1148 2039 1221 in
2073 1150 2297 1222 funera
2329 1149 2524 1225 funus
2553 1181 2567 1223 ε

2739 714 2840 779 430

734 1281 764 1309 »
807 1246 936 1319 Per
964 1271 1369 1329 coacervatos
1400 1277 1618 1356 pereat
1650 1258 1883 1336 domus
1916 1263 2114 1364 impia
2147 1263 2381 1338 luctus.
2737 1290 2837 1357 485,

734 1397 767 1425 η
806 1365 914 1436 An
949 1365 1099 1440 felix
1136 1369 1406 1448 OEneus
1441 1394 1599 1451 nato
1631 1377 1876 1452 victore
1910 1379 2208 1454 fruetur?

737 1514 766 1537 n
806 1480 1115 1558 Thestius
1151 1486 1353 1562 orbus
1388 1491 1561 1565 erit?
1592 1491 1822 1569 melius
1853 1492 2165 1589 lugebitis
2194 1496 2407 1569 ambo.

736 1627 766 1654 »
810 1595 952 1669 Vos
984 1601 1180 1674 modo
1211 1604 1476 1679 fraterni
1505 1637 1762 1698 manes,
1795 1612 2154 1713 anima-‚que
2182 1632 2502 1701 recentes,

734 1742 767 1770 υ
810 1709 1118 1789 Officium
1151 1721 1380 1795 sentite
1411 1751 1663 1813 meum;
1700 1755 2068 1829 magnoque
2098 1749 2357 1831 paratas

736 1858 769 1886 υ
807 1826 1101 1928 Accipite
1129 1830 1423 1924 inferias,
1457 1840 1624 1913 uteri
1660 1840 1823 1915 mala
1859 1845 2132 1945 pignora
2161 1846 2389 1920 nostri.
2742 1864 2841 1932 49⁰

739 1973 771 2000 »
811 1941 937 2013 Hei
966 1946 1167 2019 mihi!
1206 1979 1340 2050 quo
1373 1955 1647 2055 rapior?
1678 1955 1911 2033 fratres
1943 1960 2258 2064 ignoscite
2288 1959 2497 2032 matri.

739 2087 773 2117 »
811 2057 1139 2136 Deficiunt
1166 2064 1247 2137 ad
1279 2087 1490 2168 coepta
1521 2099 1750 2149 manus
1783 2103 1799 2146 ε

1835 2078 2147 2151 meruisse
2174 2078 2451 2150 fatemur

737 2204 771 2233 »
809 2169 1001 2246 Illum
1021 2230 1040 2263 ,
1077 2205 1192 2250 cur
1220 2202 1478 2282 perfflt:
1508 2188 1738 2289 mortis
1761 2190 1924 2262 mihi
1956 2188 2252 2291 displicet
2280 2206 2526 2264 auctor.

741 2320 772 2349 »
812 2290 993 2384 Ergo
1026 2292 1289 2396 impune
1322 2298 1517 2390 seret3
1552 2303 1901 2406 vivusque,
1937 2324 2002 2379 et
2029 2306 2270 2392 victor,
2310 2323 2375 2378 et
2408 2306 2553 2407 ipso

736 2439 770 2469 »
808 2406 1125 2487 successu
1158 2418 1443 2494 tumidus
1474 2447 1746 2514 regnum
1779 2418 2130 2522 Calydonis
2158 2420 2472 2494 habebit?
2743 2441 2841 2511 495

734 2558 768 2587 ³»
812 2526 953 2603 Vos
987 2531 1147 2607 cinis
1181 2534 1450 2633 exiguus
1488 2536 1841 2641 gelidaeque
1866 2538 2161 2638 jacebitis
2190 2539 2484 2615 umbrae?

794 2726 905 2788 480.
928 2727 1065 2778 Ante
1084 2732 1385 2793 sepulcrales
1402 2741 1498 2785 etc.
1521 2732 1740 2785 Inferias

732 2799 875 2866 quasi
892 2812 1038 2868 parat
1058 2804 1318 2857 fratribus.
1340 2806 1479 2858 Eum
1500 2808 1557 2859 in
1577 2807 1741 2860 finem

730 2877 851 2929 alias
872 2898 973 2931 are
992 2880 1228 2933 solebant
1242 2883 1370 2935 strui
1394 2884 1448 2935 in
1465 2888 1705 2950 sepulcra·
1717 2926 1729 2944 .

730 2954 784 3006 in
811 2955 972 3023 iisque
997 2976 1137 3011 sacra
1163 2957 1305 3025 fieri,
1336 2960 1580 3013 Manibus
1603 2962 1741 3015 exci-

731 3031 848 3086 tatis
860 3033 941 3086 ve!
961 3033 1246 3103 iiquoribus
1259 3036 1339 3090 vel
1356 3037 1590 3091 victimis.
1612 3038 1741 3091 Gra·

730 3110 777 3162 vi
784 3121 864 3163 ter
874 3111 1029 3181 igitur
1038 3112 1151 3167 haec
1160 3112 1298 3185 ligna
1306 3119 1608 3182 sepulcrales
1619 3137 1740 3171 aras

728 3198 909 3255 vocat,
936 3190 990 3243 in
1017 3191 1202 3260 quibus
1218 3193 1386 3247 filium
1400 3195 1546 3264 quasi
1571 3195 1740 3251 adole·

729 3266 804 3319 bit
835 3268 889 3321 in
925 3268 1185 3324 honorem
1214 3283 1267 3325 et
1293 3273 1470 3326 solatia
1500 3274 1739 3329 fratrum.

728 3346 915 3415 Neque
940 3347 1130 3401 Manes
1159 3348 1529 3405 defunctorum
1560 3353 1738 3407 statim

726 3425 966 3491 invocat,
990 3426 1080 3480 sed
1105 3428 1236 3495 ipsas
1254 3431 1434 3481 Furias
1458 3430 1515 3482 in
1539 3449 1596 3483 re
1621 3429 1738 3483 hor-

725 3504 890 3557 renda
907 3545 922 3572 ‚
954 3524 1112 3574 quam
1132 3506 1305 3559 Furiae
1326 3507 1373 3560 ei
1398 3508 1633 3575 injecisse
1661 3509 1740 3561 vi-

726 3580 998 3635 debantur.
1013 3583 1174 3637 Recte
1190 3584 1344 3654 igitur
1340 3584 1737 3651 fim‘aliasacm.

726 3685 791 3697 —-
818 3659 1046 3728 Impium
1066 3663 1307 3716 furorem
1332 3664 1466 3717 bene
1496 3664 1739 3734 exprimit

728 3735 897 3788 verbis
916 3738 1151 3791 Ulciscor
1147 3778 1223 3791 .....
1225 3740 1405 3806 funus,
1424 3760 1523 3794 nec
1537 3751 1738 3794 temere

725 3814 1042 3866 immoratur
1066 3814 1143 3865 rei
1174 3817 1341 3870 verbis
1363 3817 1653 3871 cumuiatis.
1675 3845 1740 3859 —

724 3893 867 3945 Mors
875 3893 1504 3958 mortep12cadaest;caedes
1516 3896 1738 3948 fratrum

725 3978 895 4021 morte
918 3967 1008 4021 filii
1033 3968 1305 4038 purganda
1327 3979 1421 4022 est.
1441 3971 1543 4021 Ed.

784 4047 1313 4115 485.AnstlixOEmus
1327 4059 1423 4102 etc.
1443 4048 1645 4102 Invidia
1655 4049 1739 4104 hic

729 4134 782 4176 et
803 4143 929 4178 vers.
948 4128 1044 4198 494
1061 4148 1100 4181 s.
1116 4128 1351 4182 stimulos
1374 4129 1530 4183 addit.
1546 4158 1613 4170 ·-
1627 4132 1738 4182 Me-

723 4205 828 4253 lius
838 4205 1069 4269 luge-bite}
1089 4210 1257 4268 ambo,
1286 4206 1600 4278 detestabilis
1618 4226 1738 4262 sen-

732 4279 1160 4336 tentiae-Manes
1174 4284 1348 4340 adesse
1365 4306 1426 4340 ex
1440 4286 1543 4341 inse
1551 4288 1736 4342 risere-

1837 2730 2097 2785 debantur
2118 2733 2342 2796 inferii„
2365 2732 2425 2786 iis
2436 2752 2846 2800 ergocommen-

1837 2806 1925 2860 dat
1936 2809 2155 2877 officium
2167 2829 2322 2863 suum
2339 2849 2355 2875 ‚
2375 2810 2516 2879 quod
2535 2812 2845 2865 vocabulum

1836 2898 1913 2940 est
1931 2889 2165 2943 solemne
2188 2889 2252 2943 de
2267 2890 2479 2943 inferiis.
2492 2918 2561 2931 —
2574 2893 2846 2958 Hecates,-

1835 2966 1958 3018 novi
1989 2966 2120 3021 Orci
2147 2967 2329 3021 incolae
2352 3007 2369 3033 ,
2397 2987 2576 3021 recens
2601 2967 2846 3023 admissi:

1832 3044 1907 3096 sic
1932 3046 2031 3111 IV,
2060 3046 2154 3112 434
2169 3085 2184 3110 ,
2209 3050 2392 3098 umbre
2411 3056 2639 3099 recentes.
2659 3045 2758 3098 Ed.
2778 3073 2845 3088 —-

1835 3122 2019 3175 &aab
2031 3162 2044 3182 ‚
2068 3122 2339 3191 intelligite
2355 3162 2370 3189 ‚
2389 3123 2844 3192 agnomina—Ala·

1823 3218 1931 3265 gno
1953 3210 2196 3265 paratas,
2229 3200 2406 3269 magni
2440 3201 2625 3269 pretii,
2653 3219 2843 3270 nempe

1824 3283 2040 3344 pignora
2053 3282 2196 3340 uteri,
2222 3278 2389 3331 filium
2405 3318 2419 3344 ‚
2445 3297 2605 3348 quem
2620 3318 2635 3346 ,
2655 3279 2841 3348 pignus

1834 3355 2024 3408 amoris
2040 3393 2054 3421 ,
2080 3356 2136 3407 in
2161 3357 2270 3423 ipso
2296 3366 2449 3409 utero
2472 3375 2593 3410 meo
2626 3356 2842 3427 portavi.

1899 3434 2009 3503 491.
2036 3435 2146 3486 Ilei
2159 3435 2323 3488 mihi!
2357 3453 2453 3502 quo
2481 3439 2689 3502 rapior?
2718 3435 2839 3488 Non

1833 3527 1985 3562 mens
1998 3528 2114 3563 eam
2130 3512 2405 3566 revocabat
2421 3532 2451 3565 a
2466 3532 2606 3566 novo
2621 3523 2814 3566 conatu
2825 3552 2841 3574 ‚

1831 3587 1922 3640 sed
1950 3598 2094 3641 tanta
2118 3600 2196 3642 est
2226 3590 2300 3643 vis
2331 3591 2561 3644 materni
2598 3589 2842 3643 affectus!

1831 3683 2011 3717 manus
2032 3669 2314 3734 deficimtes
2329 3708 2343 3731 ,
2381 3678 2667 3721 trementes
2688 3678 2845 3735 atque

1833 3742 1914 3794 vix
1932 3743 2164 3813 stipitem
2187 3746 2416 3798 retinere
2434 3744 2677 3798 valentes.
2699 3744 2848 3797 Hinc

1831 3840 1931 3873 vox
1946 3822 2119 3875 invite
2135 3823 2463 3893 exprimitur,
2479 3822 2729 3874 Heim'ha'!
2747 3832 2846 3875 etc.

1832 3902 1982 3967 cujus
2023 3901 2234 3954 veniam
2280 3901 2455 3956 statim
2499 3908 2756 3966 precatur.
2780 3929 2846 3940 —

1834 3980 2039 4041 Auctor,
2070 3990 2237 4033 mater
2257 3980 2377 4048 ipsa.
2398 3975 2605 4045 Dignus
2627 3987 2733 4038 est,
2759 3979 2845 4031 cui

1833 4073 1975 4108 mors
1995 4056 2251 4110 inseratur
2265 4094 2280 4122 ,
2303 4072 2491 4107 verum
2513 4073 2627 4110 non
2649 4056 2712 4109 ab
2734 4055 2843 4124 ipsa

1833 4145 2016 4188 matre.

1897 4213 2011 4285 496.
2040 4216 2181 4267 Οὐτίς
2207 4216 2453 4280 exiguum
2480 4203 2628 4280 ὀλίγη
2662 4217 2710 4265 δὲ
2734 4233 2841 4264 κει-

1831 4294 2032 4356 σᾶμεσθα
2045 4295 2190 4357 κᾶνιςς
2211 4291 2484 4358 Horatius,
2496 4290 2596 4357 IV,
2616 4287 2719 4344 Od.
2735 4303 2841 4352 vn,
