3185 5138
618 493 704 558 es
1167 489 1247 554 P.
1314 488 1685 557 ovmu
1740 452 2266 557 NAsoms‘

618 634 762 706 Aut
796 630 1317 732 superimposita
1351 628 1603 705 celatur
1633 629 1957 704 arundine
1992 611 2329 704 damnum.

2669 667 2763 706 too

716 752 804 822 II.
839 752 932 822 At
963 767 1026 823 te
1050 804 1069 836 ,
1106 752 1313 823 Nesse
1348 748 1536 822 ferox
1556 803 1576 834 ,
1610 747 1907 846 ejusdem
1926 747 2213 844 >virginis
2247 746 2446 821 ardor

616 866 1005 940 Perdiderat
1025 923 1044 955 ,
1076 864 1327 939 volucri
1362 865 1706 963 trajectum
1747 881 1930 959 terga
1963 863 2223 957 sagitta.

620 983 959 1085 Namque,
998 1012 1171 1057 nova
1206 1000 1511 1082 repetens
1545 981 1802 1081 patrios
1832 1009 1980 1054 cum
2014 979 2293 1077 conjuge
2329 1008 2557 1054 muros
2583 1036 2602 1067 ,

618 1102 909 1175 Venerat
942 1099 1151 1174 Eveni
1185 1098 1449 1200 rapidas
1480 1100 1647 1171 Jove
1681 1114 1878 1170 natus
1912 1095 1996 1169 ad
2030 1101 2245 1168 undas
2278 1124 2293 1168 :

618 1215 919 1291 Uberius
952 1215 1155 1290 solito
1188 1215 1436 1288 nimbis
1463 1213 1861 1288 hiemalibus
1896 1230 2130 1287 auctus
2153 1267 2174 1301 ,

618 1437 875 1491 Heinsius
897 1455 960 1490 ex
984 1435 1149 1490 altero
1174 1436 1342 1506 Regio
1368 1434 1515 1488 dedit
1535 1442 1653 1488 erat

611 1534 713 1586 pro
725 1518 906 1579 babet,·
930 1513 1028 1567 nisi
1042 1533 1229 1567 verum
1247 1523 1323 1567 est
1344 1512 1484 1582 quod
1505 1531 1643 1566 unus

618 1593 829 1649 Heinsii
848 1633 862 1657 ,
897 1597 1010 1646 abit
1035 1613 1051 1646 .’
1079 1613 1188 1646 non
1223 1603 1302 1647 est
1330 1612 1425 1647 cur
1452 1601 1564 1645 erat
1590 1592 1646 1646 in

621 1678 756 1726 enim
789 1675 1450 1738 mutemus.--Damnum,·
1479 1689 1649 1724 cornu

617 1754 883 1808 amissum.
923 1754 1074 1824 Saepe
1111 1757 1348 1807 damnum
1363 1793 1376 1816 ‚
1412 1752 1465 1806 id
1503 1752 1646 1822 quod

619 1851 747 1886 cum
771 1832 969 1885 damno
994 1832 1280 1886 amisimus.

689 1929 777 1963 ιοι
794 1941 831 1950 -
849 1913 956 1966 133.
1000 1914 1196 1964 Nessus
1246 1907 1439 1962 Ixionis
1459 1947 1474 1974 ,
1512 1905 1650 1977 regis

618 1991 933 2059 Thessaliae,
961 1992 1097 2046 filius
1116 2031 1132 2059 ‚
1162 1990 1494 2054 Centaurus,
1522 1988 1649 2040 De-

616 2071 844 2140 ianiram
863 2073 1071 2141 rapiens
1086 2112 1101 2138 ,
1131 2073 1195 2126 ab
1215 2069 1447 2123 Hercule
1465 2068 1648 2139 sagitta

613 2164 878 2205 venenata
908 2150 1225 2205 interficitur
1244 2189 1260 2216 ,
1294 2146 1647 2217 sauguinem-

618 2248 721 2298 que
746 2229 985 2283 vitiatum
1012 2227 1486 2294 traditDejanirae;
1509 2225 1647 2278 cons.

619 2307 908 2377 Sophocles
925 2347 938 2372 ,
967 2306 1217 2360 Trachin.
1245 2308 1341 2359 555
1362 2324 1505 2373 sqq.;
1534 2303 1650 2356 Eu-

619 2385 816 2456 ripides
828 2425 844 2452 ,
866 2386 1079 2455 Hippot.
1099 2387 1193 2452 545
1211 2404 1325 2454 sqq.
1345 2406 1358 2446 ς
1377 2381 1650 2436 Diodorus

618 2463 826 2518 Siculus
843 2504 859 2531 ,
888 2465 990 2531 IV,
1015 2464 1113 2527 36;
1142 2463 1426 2518 Pausanias
1443 2503 1458 2529 ,
1487 2461 1649 2515 Phoc.

619 2563 670 2613 p.
696 2545 794 2615 895
819 2565 834 2608 ς
875 2542 1261 2613 Apollodorus,
1303 2543 1357 2597 lI
1379 2583 1394 2609 ,
1427 2558 1510 2595 vn
1531 2583 1547 2610 ,
1581 2542 1647 2605 ὃς

620 2620 909 2688 Eusebius,
937 2623 1105 2691 Proep.
1130 2622 1212 2676 lib.
1236 2622 1319 2682 11,
1347 2642 1397 2691 p.
1414 2621 1511 2682 36;
1537 2621 1649 2692 Hy-

617 2700 801 2769 ginus,
827 2700 926 2753 sab.
954 2700 1020 2767 34
1036 2700 1197 2761 αδδς
1228 2700 1456 2764 Seneca,
1488 2699 1650 2751 Herc.

627 2778 742 2830 OEt.
766 2797 900 2830 vers.
925 2780 1023 2849 494
1047 2797 1158 2847 sqq.
1185 2777 1359 2831 sabula
1385 2796 1653 2829 memora-

618 2855 737 2909 bilis
755 2895 771 2921 ,
797 2873 906 2907 non
934 2856 988 2907 in
1017 2875 1072 2909 se
1093 2894 1109 2922 ,
1135 2855 1226 2909 sed
1256 2866 1474 2924 propter
1500 2855 1653 2909 Nessi

621 2945 825 2988 vestem
843 2974 858 3002 ,
877 2953 994 3002 quae
1007 2953 1130 2986 mox
1140 2934 1354 2987 exitium
1370 2935 1502 2987 seret
1517 2936 1654 2987 Her-

621 3012 742 3066 culi.
759 3012 904 3065 Hinc
917 3031 1154 3081 expressa
1171 3012 1322 3064 estin
1338 3011 1518 3066 multis
1533 3030 1655 3064 mo-

626 3088 914 3142 numentis.
931 3115 999 3129 —·
1013 3087 1091 3141 At
1101 3094 1151 3140 te
1163 3097 1260 3140 etc.
1278 3085 1555 3141 Transitus
1570 3087 1656 3141 hic

625 3176 1003 3238 argumentum
1044 3165 1202 3219 simul
1230 3164 1420 3220 sahulae
1444 3165 1656 3221 indicat.

624 3248 899 3307 —Fems,
939 3244 1004 3298 ad
1027 3244 1135 3297 vim
1159 3254 1369 3314 paratus
1388 3283 1405 3310 ,
1440 3244 1655 3298 violen-

625 3335 726 3379 tus.
750 3351 817 3366 -·
847 3327 1072 3392 Virginis
1094 3362 1108 3386 ‚
1147 3323 1270 3392 quia
1304 3322 1452 3393 virgo
1484 3323 1656 3378 adhuc

624 3415 771 3472 erat,
809 3423 977 3475 quum
1013 3402 1272 3458 Hercules
1305 3411 1359 3456 et
1393 3401 1655 3457 Achelous

627 3481 693 3534 de
707 3482 955 3554 conjugio
969 3482 1016 3551 ej
1026 3501 1083 3535 us
1097 3480 1457 3548 decertarent,·
1484 3500 1656 3550 quan-

626 3579 789 3629 quam
815 3570 869 3613 et
890 3561 998 3630 jam
1018 3569 1197 3630 nuptae
1215 3557 1463 3614 mulieres
1486 3559 1658 3612 inter-

625 3639 757 3691 dum
781 3638 1008 3709 virgines
1032 3637 1315 3701 dicuntur;
1348 3636 1455 3690 vid.
1479 3638 1657 3690 Brou-

623 3717 839 3772 khusius
878 3717 943 3772 ad
986 3717 1248 3787 Propertii
1289 3717 1369 3770 lv
1389 3757 1403 3784 ,
1435 3732 1514 3782 11,
1548 3720 1611 3769 52
1638 3736 1652 3770 ε

619 3808 674 3852 et
691 3802 831 3866 virgo
847 3798 1007 3851 etiam
1028 3817 1057 3850 a
1074 3796 1205 3851 Silio
1221 3838 1234 3859 ,
1265 3796 1350 3871 III
1365 3836 1380 3862 ,
1408 3796 1506 3863 435
1520 3837 1533 3858 ,
1555 3814 1657 3848 vo-

619 3883 772 3928 catur
790 3897 804 3939 ς
825 3875 915 3928 uhi
929 3874 1050 3928 vide
1076 3874 1365 3928 Drakemb.
1384 3873 1521 3927 Rod.
1540 3892 1657 3925 ver·

623 3952 710 4018 tit,
726 3954 1259 4017 Maculam—Ardor,
1278 3962 1354 4006 est
1367 3951 1656 4005 vehemens

622 4051 788 4084 amor.
811 4060 878 4073 --
914 4035 1208 4085 Perdiderat
1231 4050 1252 4097 ,·
1297 4030 1652 4101 Caposerreus

622 4110 937 4165 emendabat
956 4115 1186 4166 Perdidit
1202 4152 1217 4174 ,
1241 4132 1277 4167 a
1291 4115 1508 4171 volucri.
1533 4111 1656 4181 quia

617 4188 721 4242 hoc
735 4207 847 4241 non
863 4200 982 4243 ante
1002 4191 1222 4244 Acheloi
1237 4200 1509 4244 certamen
1531 4230 1546 4258 ,
1560 4190 1655 4259 sed

612 4277 731 4336 post
750 4266 952 4322 accidit.
978 4267 1267 4338 Plusquam
1286 4268 1521 4337 perfecto
1541 4272 1654 4321 non

2670 1232 2763 1286 105

1743 1432 1965 1488 debebat
1989 1430 2189 1486 offendi
2216 1429 2567 1501 Caposerreus
2590 1451 2604 1494 ς
2639 1450 2765 1485 nam

1741 1524 1797 1568 et
1813 1513 1932 1567 alibi
1944 1507 2138 1566 Noster
2150 1511 2297 1564 eosic
2313 1509 2505 1571 utitur3
2530 1510 2602 1562 ita
2617 1550 2631 1577 ,
2652 1510 2728 1564 Vl
2749 1550 2764 1577 ‚

1743 1592 1840 1656 425
1857 1629 1873 1656 ,
1911 1593 2092 1643 Tereus
2110 1588 2451 1656 hecsuderal.
2474 1588 2627 1658 Regii
2652 1606 2767 1642 nos·

1744 1671 1812 1723 tri
1826 1709 1840 1737 ,
1869 1672 2177 1724 Perdiderat.
2778 1677 2779 1680 ’

1817 1753 1925 1804 ιο3.
1951 1754 2154 1804 Patrios
2187 1769 2351 1803 muros
2367 1791 2380 1810 ‚
2408 1747 2730 1822 Tirynthem
2750 1786 2767 1815 ,

1743 1830 1833 1884 ubi
1853 1832 1996 1899 jussu
2020 1830 2215 1885 oraculi
2236 1830 2499 1883 habitabat
2523 1828 2731 1882 Alcides
2750 1867 2767 1894 ,

1743 1910 1869 1964 inde
1903 1914 2193 1983 Tirynthius
2223 1910 2424 1973 dictus;
2465 1907 2768 1978 Apollodo-

1743 2009 1832 2043 rus
1847 2029 1862 2055 ,
1888 2010 1938 2058 p.
1960 2010 1976 2041 1
1994 1990 2068 2055 ¹4·
2083 1988 2190 2042 Sed
2205 1987 2500 2042 secundum
2515 1984 2769 2039 eumdem

1746 2067 2130 2138 Apollodorum
2151 2107 2166 2133 ,
2205 2088 2253 2136 p.
2285 2069 2374 2132 145
2396 2106 2411 2131 ,
2447 2065 2546 2118 hoc
2569 2066 2770 2118 sactum

1746 2158 1823 2201 est
1845 2186 1860 2212 ,
1882 2166 2048 2215 quum
2075 2146 2334 2200 Hercules
2357 2144 2682 2199 Trachinem
2702 2141 2767 2196 ad

1749 2223 1985 2296 Ceycem
2002 2244 2056 2278 se
2074 2224 2392 2278 conserebat.
2406 2251 2472 2265 ·-
2484 2223 2520 2276 J
2524 2240 2609 2275 am
2626 2220 2772 2274 diffi-

1745 2306 1908 2359 cultas
1932 2304 2235 2359 transeundi
2259 2324 2383 2359 cum
2403 2304 2628 2374 conjuge
2653 2302 2771 2356 flu—

1746 2386 1893 2439 vium
1909 2427 1924 2451 ,
1961 2398 2016 2441 et
2055 2387 2330 2440 necessitas
2367 2384 2613 2438 tradendi
2650 2403 2771 2437 eam

1746 2465 1944 2518 vectori
1957 2464 2190 2518 notanda
2208 2475 2350 2531 erat,
2369 2475 2430 2517 ut
2444 2482 2618 2517 mores
2636 2463 2773 2515 Her·

1745 2544 1872 2598 culis
1897 2544 2605 2614 exprimerentur.—Evenus
2622 2540 2772 2594 AEto·

1748 2623 1830 2678 liae
1842 2623 2033 2677 fluvius
2058 2624 2187 2693 (qui
2211 2623 2352 2692 prius
2369 2621 2653 2692 Lycormas
2669 2620 2772 2674 dio·

1748 2712 1848 2756 tus.
1886 2700 2022 2769 Ed.)
2039 2743 2053 2767 ,
2084 2701 2358 2774 Calydona
2395 2698 2774 2770 praeterfluens.

1749 2778 1924 2844 Hinc,
1942 2779 2114 2844 VIII,
2135 2781 2250 2847 527,
2276 2776 2634 2849 Calydonides
2647 2778 2775 2829 Eve-

1746 2861 1906 2921 m'nae‚·
1925 2857 2118 2910 Lucan.
2138 2857 2251 2922 Vl,
2280 2857 2377 2909 208
2392 2876 2406 2908 ι
2421 2856 2773 2922 Meleagream

1747 2939 2031 2989 maculatus
2046 2940 2288 3004 sanguine
2300 2938 2456 2988 Nessi
2465 2939 2663 2989 Euenos
2679 2937 2775 2988 Ca-

1747 3017 1937 3085 lydona
1958 3023 2115 3068 secat.
2138 3016 2277 3068 Nota
2298 3013 2383 3068 hic
2406 3013 2775 3068 molestiasiti-

1749 3110 1942 3144 nerum
1957 3092 2121 3162 prisca
2131 3092 2650 3146 aetate.Burmannus
2661 3109 2773 3143 mo-

1749 3181 1842 3224 net
1859 3181 1999 3225 recte
2024 3181 2235 3241 poetam
2258 3171 2503 3224 Evenum
2525 3173 2772 3223 hiemali-

1748 3254 1843 3303 bus
1854 3253 2038 3303 nimbis
2050 3260 2263 3303 auctum
2275 3249 2525 3303 inducere
2541 3271 2554 3311 ς
2575 3247 2773 3302 exuisse

1749 3327 1898 3382 enim
1924 3327 2211 3382 Herculem
2239 3327 2615 3381 mortalitatem
2637 3327 2775 3380 circa

1752 3406 2258 3461 Hecatombaeonem
2272 3426 2535 3472 mensem,
2551 3416 2774 3460 notante

1753 3484 1930 3538 Petito
1948 3484 2002 3537 in
2022 3483 2331 3538 Comment.
2356 3485 2413 3537 in
2432 3484 2596 3554 Leges
2616 3484 2777 3537 Attic.

1750 3581 1803 3631 p.
1820 3562 1902 3614 25.
1926 3561 2032 3615 Sed
2051 3561 2178 3631 quid
2203 3562 2303 3616 hoc
2320 3561 2384 3614 ad
2403 3562 2557 3616 rem?
2576 3563 2774 3615 Nonne

1750 3641 1946 3695 Noster
1967 3641 2072 3710 ipse
2098 3659 2220 3694 mox
2238 3651 2447 3707 narrat,
2474 3640 2776 3694 abinteritu

1752 3718 1903 3772 Nessi
1926 3717 1990 3770 ad
2016 3718 2264 3773 Herculis
2286 3719 2591 3789 apotheosin
2618 3717 2779 3771 efflu-

1750 3798 1878 3855 xisse
1896 3799 2116 3869 longum
2133 3799 2382 3870 tempus?
2401 3801 2589 3868 Neque
2608 3798 2781 3852 Heca·

1752 3877 1983 3930 tombaeo
2014 3877 2071 3930 in
2105 3877 2338 3932 hibernis
2369 3875 2638 3928 mensibus
2662 3884 2777 3940 est,

1749 3954 1842 4008 sed
1870 3955 1925 4008 in
1962 3956 2162 4010 aestivis.
2198 3957 2382 4024 Itaque
2410 3957 2654 4007 hiemales
2676 3971 2776 4021 po-

1750 4034 2011 4088 tissimum
2024 4039 2220 4089 mhbos
2229 4042 2639 4097 commemorat,
2654 4030 2779 4100 quia

1749 4111 1823 4164 illi
1839 4123 1891 4166 et
1907 4113 1963 4165 in
1984 4133 2038 4167 se
2059 4112 2404 4166 vehementes
2424 4121 2551 4165 sunt
2567 4149 2582 4177 ,
2608 4119 2663 4163 et
2686 4108 2775 4161 ni-

1748 4209 1838 4243 ves
1872 4191 2083 4245 solvunt
2106 4231 2121 4257 ,
2162 4189 2400 4259 adeoque
2433 4189 2515 4243 vel
2550 4186 2777 4241 maxime

1748 4266 1938 4324 fluvios
1959 4280 2169 4340 augent.
2197 4269 2386 4323 Horat.
2408 4267 2511 4333 IV,
2531 4265 2639 4321 od.
2653 4279 2739 4317 xn
2757 4302 2776 4331 ,
