3185 5138
656 537 792 604 536

1203 541 1283 608 P.
1351 541 1716 611 ovlnll
1780 542 2242 615 NASONIS
2327 579 2335 596 ·

656 680 832 751 Tum
862 677 1063 767 mihi,
1093 707 1178 753 ne
1213 710 1500 783 praesens
1532 712 1840 780 angerem
1872 688 2170 762 muneris
2200 687 2402 787 hujus

654 795 1013 885 Invidiam,
1053 797 1287 875 densas
1321 802 1568 901 objecit
1602 804 1889 905 Cynthia
1921 805 2178 881 nubes:

657 912 888 1012 thue
921 911 1133 987 forem
1172 931 1390 1002 tutuS‚
1425 945 1828 1021 possemque
1857 919 2132 1021 impune
2162 919 2401 1010 videri,

655 1027 940 1103 Addidit
979 1048 1273 1118 aetatem,
1311 1062 1433 1107 nec
1467 1035 1929 1128 cognoscenda
1962 1035 2239 1136 reliquit

664 1145 805 1218 Ora
839 1144 1006 1219 mihi
1035 1177 1052 1219 z
1081 1147 1458 1249 Cretenque
1491 1148 1606 1222 diu
1643 1149 1974 1225 dubitavit
2006 1150 2383 1226 habendam

2715 1177 2826 1246 540

657 1261 1016 1350 Traderet‚
1046 1291 1133 1336 an
1164 1263 1388 1339 Delon
1418 1295 1435 1338 ε
1468 1266 1639 1341 Delo
1659 1323 1679 1351 ‚
1720 1268 2052 1369 Cretaque
2083 1268 2336 1344 relictis
2387 1307 2394 1316 ⁸

662 1377 792 1450 Hic
828 1378 1094 1480 posuit,
1131 1408 1507 1482 nomenque
1546 1380 1785 1468 simul,
1820 1384 2004 1484 quod
2040 1385 2257 1484 possit
2290 1410 2613 1483 equorum

664 1495 1158 1582 Admonuisse‚
1189 1497 1382 1597 jubet
1415 1498 1747 1600 deponere
1776 1530 1792 1573 ε
1826 1532 1861 1563 «ι
1896 1502 2166 1602 Quique
2201 1500 2386 1574 suisti

662 1645 704 1679 >2
749 1611 1198 1713 HippolytuS,
1239 1615 1442 1704 dixit,
1475 1645 1653 1690 nunc
1688 1617 1862 1692 idem
1895 1619 2176 1692 Virbius
2205 1637 2371 1692 esto.
2408 1650 2446 1685 »

665 1732 818 1805 Hoc
854 1761 1089 1807 nemus
1120 1734 1276 1809 inde
1308 1735 1464 1809 colo
1488 1794 1506 1825 ‚
1546 1736 1626 1810 de
1665 1737 1921 1837 Disque
1956 1736 2332 1812 minoribus
2365 1766 2543 1812 nnus

2712 1759 2823 1828 ⁵4⁵

665 1851 958 1925 Numine
992 1853 1119 1926 sub
1157 1853 1436 1927 dominae
1471 1853 1648 1927 lateo
1676 1912 1695 1941 ,
1730 1872 1930 1955 atque
1958 1883 2308 1930 accenseor
2339 1855 2460 1930 illi.
2494 1889 2531 1922 ιι

763 1969 919 2040 Non
956 1985 1172 2040 tamen
1206 1968 1462 2065 Egeriae
1498 1968 1719 2045 luctus
1745 1969 1958 2046 aliena
1990 1970 2201 2046 levare

666 2084 926 2155 Damna
958 2080 1178 2157 valent
1198 2140 1216 2170 ‚
1248 2085 1631 2186 montisque
1665 2085 1885 2183 jacens
1919 2084 2256 2160 radicibus
2289 2084 2441 2160 imis

665 2197 982 2298 Liquitur
1015 2196 1085 2270 in
1122 2196 1442 2299 lacrymas
1471 2228 1489 2273 ε
1522 2200 1733 2274 donec
1756 2258 1778 2289 ‚
1809 2199 2055 2301 pietate
2088 2199 2380 2274 dolentis

665 2373 819 2417 cutus
850 2373 930 2416 est
965 2362 1218 2416 Horatius
1241 2401 1257 2428 ,
1298 2361 1380 2414 lv
1399 2401 1414 2428 ,
1441 2362 1549 2417 od.
1574 2380 1694 2430 vu,

674 2447 764 2508 25,
792 2461 984 2511 exquo
1007 2440 1260 2511 pudicum
1284 2442 1535 2510 juvenem
1564 2441 1695 2495 fru-

667 2531 772 2575 stra
809 2521 864 2575 in
906 2520 1066 2574 vitam
1107 2540 1351 2575 revocare
1391 2532 1577 2576 conata
1617 2535 1695 2579 est

669 2601 1100 2655 Dianae-Peon
1116 2618 1316 2653 nomen
1341 2600 1529 2654 medici
1555 2601 1695 2670 apud

672 2681 1005 2743 Homerum,
1042 2697 1073 2732 a
1108 2697 1214 2746 quo
1251 2689 1462 2731 curatus
1496 2679 1695 2734 Pluto:

670 2760 797 2828 quin
824 2769 879 2812 et
901 2759 1058 2811 Poean
1082 2768 1299 2811 vocatur
1327 2756 1513 2825 Apollo
1531 2797 1546 2824 ‚
1577 2777 1698 2812 rne-

669 2838 857 2891 dicinae
887 2837 1147 2890 inventor.
1182 2838 1281 2889 Ed.
1308 2838 1523 2889 -vite
1548 2839 1697 2889 indi-

662 2928 855 2985 gnome
871 2915 1037 2968 minui
1054 2914 1149 2967 sibi
1170 2913 1453 2982 imperium
1470 2954 1485 2979 ,
1512 2914 1696 2968 violari

668 2994 822 3065 regni
840 2992 1042 3046 soedera
1061 3030 1076 3057 ,
1102 3010 1268 3059 quum
1287 2991 1349 3043 ad
1372 2993 1541 3045 lucem
1563 3013 1698 3046 con-

670 3087 753 3128 tra
776 3073 855 3126 fas
868 3071 1261 3134 retraberetur,
1287 3071 1378 3138 qni
1404 3070 1567 3143 Styga
1585 3073 1695 3139 iam

670 3151 899 3215 viderat,
917 3160 973 3202 et
989 3148 1235 3218 paludem
1261 3152 1587 3203 irremeabaeze
1608 3170 1698 3203 un-

673 3234 752 3284 doe
773 3229 1067 3283 transierat.
1090 3229 1191 3279 Ed.

737 3308 853 3361 536.
878 3310 1110 3361 Pru-sens
1132 3303 1189 3357 in
1213 3303 1373 3369 cael03
1406 3303 1658 3374 Virgilius
1679 3346 1695 3373 ,

671 3409 700 3433 οι
729 3387 876 3441 Tum
898 3395 1046 3455 pater
1067 3382 1403 3452 omnipotens
1420 3423 1435 3450 ,
1467 3382 1698 3453 aliquem

670 3489 700 3515 ι»
723 3466 1028 3535 indignatus
1063 3464 1129 3518 ab
1169 3463 1367 3517 umbris
1412 3462 1699 3517 Mon-talem

674 3568 705 3595 κ
730 3546 957 3600 infernis
986 3543 1052 3598 ad
1091 3543 1292 3597 lumina
1326 3562 1542 3613 surgere
1578 3542 1699 3596 vita

675 3650 703 3675 ι·
730 3638 827 3680 etc.
848 3647 877 3672 ν
901 3624 1102 3678 Aricini
1127 3623 1445 3688 narrabant,
1487 3622 1701 3690 Hippo-

668 3706 842 3779 lytum
877 3706 937 3758 in
976 3704 1137 3758 vitam
1163 3713 1500 3766 revocatum,
1531 3719 1699 3769 quum

671 3786 944 3855 ignoscere
983 3783 1114 3852 patri
1149 3782 1314 3835 nollet
1339 3819 1354 3846 ,
1396 3780 1452 3833 in
1492 3778 1700 3832 ltaliam

668 3865 903 3919 venisse.
938 3861 1114 3929 ibique
1138 3867 1439 3914 consecrato
1470 3856 1700 3911 Aricina

672 3941 864 3995 Diana
883 3938 1085 4008 templo
1095 3955 1335 4006 regnasse
1356 3955 1371 3997 ;
1393 3933 1701 4002 Pausanias,

678 4019 925 4074 Corinth.
952 4039 1003 4090 p.
1035 4019 1142 4088 ¹73·
1168 4015 1324 4086 Apud
1351 4013 1663 4085 Euripidem
1679 4053 1700 4082 5

679 4099 805 4163 1423
827 4115 921 4165 sqq
941 4137 956 4164 ,
984 4096 1158 4149 Diana
1174 4092 1492 4147 morientem
1508 4112 1701 4148 conso-

670 4174 812 4231 latur
832 4173 1150 4240 honoribua‚
1172 4192 1301 4242 quos
1325 4172 1465 4226 inter
1478 4173 1697 4226 Troeze-

671 4254 791 4308 υἷος
829 4265 1203 4309 consecuturus
1233 4253 1313 4306 sit.
1344 4280 1413 4293 --
1440 4253 1700 4323 Csntkt‘ae;

673 4332 850 4386 Diana
868 4369 884 4399 ,
906 4341 965 4385 ut
986 4330 1171 4401 Apollo
1189 4329 1482 4403 Cynthius,
1505 4349 1536 4384 a
1553 4328 1700 4402 Cyn·

1793 2362 1888 2417 tho
1910 2376 2093 2418 monte
2120 2363 2272 2428 Deli,
2300 2363 2388 2417 ubi
2413 2362 2523 2418 nati
2544 2374 2687 2419 sunt.
2713 2366 2815 2418 Ed.

1861 2442 1973 2514 539.
1985 2444 2208 2495 Addidit
2218 2450 2416 2496 atatem
2429 2460 2448 2507 ‚·
2462 2461 2549 2496 me
2565 2453 2696 2496 natu
2711 2460 2820 2496 rna-⁴

1793 2518 1964 2588 iorem
1980 2520 2106 2575 fecit
2125 2559 2140 2585 ,
2157 2538 2314 2590 quam
2332 2539 2501 2574 essem
2523 2561 2539 2589 ‚
2559 2539 2729 2591 quum
2751 2521 2815 2576 ὠ

1794 2603 1942 2671 equis
1965 2601 2044 2655 fui
2073 2601 2393 2656 dilaceratus.
2421 2604 2522 2656 Ed.

1861 2683 1973 2747 54²·
1992 2684 2095 2733 Hic
2103 2685 2278 2747 posui!
2290 2690 2387 2734 etc.
2405 2679 2682 2750 Virgilius:
2700 2702 2730 2727 α
2752 2682 2822 2734 At

1795 2779 1824 2805 ι
1849 2757 2029 2812 Trivia
2070 2756 2420 2830 Hippolytum
2444 2760 2656 2812 secretis
2683 2757 2820 2812 ahna

1796 2858 1825 2884 ι»
1852 2836 2092 2890 recondit
2138 2836 2362 2890 Sedibus
2396 2877 2412 2905 ,
2468 2846 2522 2889 et
2561 2836 2821 2907 Nympha

1798 2935 1826 2962 ιο
1856 2914 2060 2983 Egeria
2104 2916 2419 2983 nemorique
2464 2914 2677 2984 relegat.
2704 2937 2730 2959 ι·
2757 2942 2822 2955 -

1804 2995 2009 3045 Virbius
2053 2992 2198 3062 quasi
2248 2992 2326 3046 bis
2372 2992 2453 3045 vir
2471 3031 2486 3056 ,
2533 2998 2775 3059 καλέμθιος
2804 3010 2820 3043 ε

1793 3091 1988 3142 nempe
2033 3073 2088 3125 in
2129 3070 2331 3142 templo
2369 3071 2555 3125 Dianae
2594 3070 2821 3124 Aricina

1793 3151 2075 3206 domestica
2106 3150 2358 3219 religione
2392 3149 2662 3203 colebatur
2695 3148 2821 3199 Vir-

1794 3228 1909 3281 bius
1930 3227 2177 3297 quidam,
2217 3246 2375 3297 quem
2412 3225 2634 3279 seriores
2656 3265 2672 3292 ,
2706 3243 2818 3277 non

1793 3308 1915 3359 satis
1937 3317 2141 3360 constat
2173 3325 2269 3359 cur
2291 3345 2307 3372 ,
2345 3303 2699 3376 Hippolytum
2723 3304 2816 3357 in·-

1795 3384 2066 3453 terpretati
2089 3394 2227 3438 sunt.

1861 3462 1975 3527 546.
2004 3463 2291 3517 Accenseor
2308 3466 2393 3517 1711·
2406 3503 2420 3523 .
2459 3460 2612 3516 datus
2628 3460 2676 3516 ei
2698 3479 2819 3516 snm

1795 3544 2026 3619 πάρεδρος.
2053 3542 2331 3612 Inscriptio
2370 3542 2507 3611 apud
2542 3541 2778 3596 Gadium
2798 3581 2816 3609 ,

1795 3640 1908 3690 pag.
1937 3623 2004 3676 30
2025 3661 2042 3687 ‚
2071 3623 2257 3675 Diome
2285 3624 2538 3675 Aoecim‘ae
2562 3631 2625 3674 e!
2645 3624 2821 3674 Virbio

1794 3700 1933 3752 Sacr.
1973 3705 2204 3753 Accense‘
2241 3698 2552 3753 dicebantur
2591 3699 2819 3753 ministri
2911 3730 2914 3735 -

1795 3780 1987 3849 publici
2012 3779 2394 3847 magistratibus
2419 3779 2686 3834 adtributi.
2701 3780 2819 3845 Aa*

1794 3877 2000 3911 censeor
2018 3858 2214 3911 habent
2232 3858 2384 3927 prim.
2404 3859 2657 3925 strowe,
2679 3877 2820 3913 unus

1796 3936 2137 3990 Leidensiset
2152 3955 2290 3989 unus
2308 3936 2714 4000 Ambrosianum
2732 3936 2819 3990 alii

1792 4019 2065 4069 adsentior.
2086 4040 2152 4055 -··
2174 4014 2335 4068 Plura
2359 4026 2486 4069 sunt
2514 4016 2600 4070 bic
2622 4035 2821 4087 genera

1794 4090 2032 4148 lectionis
2048 4133 2064 4161 ,
2090 4112 2209 4162 (με
2225 4093 2343 4147 vide
2359 4093 2498 4165 apud
2517 4095 2821 4149 Heinsium.

1798 4169 1984 4224 Codex
2015 4182 2198 4227 noster
2221 4172 2419 4242 Regius
2448 4173 2498 4225 A
2521 4176 2820 4237 adsentor,-

1795 4250 1963 4305 codex
1985 4252 2033 4305 B
2053 4258 2307 4306 aecer-sior
2322 4292 2338 4314 ‚
2371 4262 2426 4307 et
2451 4271 2549 4324 pro
2572 4253 2714 4307 varia
2740 4252 2826 4308 le-

1794 4329 1966 4386 ctione
1989 4333 2254 4399 acceptior.
2273 4327 2374 4383 Ed.
