3185 5138
665 739 787 845 P.
877 738 1395 845 OVIDII
1467 743 2120 854 NASONIS

425 966 2349 1137 METAMORPHOSEON

865 1273 1251 1359 LIBER
1324 1276 1911 1367 OCTAVUS.

455 1727 537 1787 N.
570 1726 652 1789 B.
705 1726 1127 1814 Argumentum
1171 1731 1343 1817 hujus
1389 1734 1551 1797 Libri
1599 1739 1784 1799 octavi
1824 1740 2367 1824 Metamorphoseon

364 1841 603 1902 relatum
634 1842 888 1906 invenies
925 1844 986 1903 in
1015 1846 1159 1908 serie
1190 1847 1477 1911 CANTER!
1496 1896 1516 1930 ,
1557 1865 1698 1914 tom.
1732 1855 1863 1932 111,
1899 1877 2026 1939 pag.
2055 1853 2155 1917 38.
2185 1926 2188 1929 ,

324 2097 379 2170 F
379 2117 491 2172 AB.
524 2099 575 2171 I.
619 2070 685 2174 J
690 2120 805 2174 ΑΜ
839 2101 1127 2177 nitidum
1162 2122 1496 2201 retegente
1533 2109 1707 2184 diem
1729 2168 1747 2199 ‚
1791 2112 2139 2215 noctisque
2174 2116 2441 2215 fugante

321 2213 647 2315 Tempora
680 2216 987 2291 Lucifero
1008 2275 1026 2306 ‚
1068 2219 1245 2295 cadit
1275 2224 1535 2314 Eurus;
1573 2244 1641 2300 et
1665 2226 1935 2302 humida
1973 2250 2258 2327 surgunt

390 2422 575 2472 1-151.
598 2419 770 2479 Nisus,
800 2436 890 2471 rex
908 2417 1303 2489 Megarensium
1318 2461 1333 2488 ,

322 2496 610 2550 Pandionis
641 2495 775 2549 filius
802 2535 816 2562 ,
850 2500 903 2547 in
936 2499 1241 2560 balio-etum,
1284 2507 1337 2551 et

321 2576 493 2644 Scylla
507 2616 519 2636 ‚
558 2576 671 2642 ejus
702 2574 806 2627 filia
824 2614 838 2641 ,
860 2580 914 2626 in
937 2580 1066 2628 cirin
1088 2586 1337 2629 mutatur.-

326 2662 382 2704 et
397 2651 505 2705 haec
529 2651 743 2721 quidem
770 2653 961 2705 merito
977 2652 1111 2706 hauc
1128 2672 1337 2722 poenam

321 2749 465 2798 passa
485 2740 576 2783 est.
615 2730 802 2800 Quum
827 2732 969 2784 enim
998 2732 1176 2785 Minos
1203 2733 1337 2785 Me—

318 2827 496 2878 garam
520 2818 878 2878 oppugnaret,
917 2808 1085 2881 Scylla
1104 2849 1119 2875 ,
1156 2829 1335 2864 amore

317 2888 431 2956 ejus
453 2889 686 2950 incensa,
715 2887 916 2941 crinem
943 2888 1102 2956 patris
1124 2907 1336 2958 purpu-

317 2985 499 3025 reum.
530 2984 637 3035 quo
663 2976 717 3018 et
748 2965 905 3034 ipsius
937 2976 991 3018 et
1026 2966 1166 3020 urbis
1202 2967 1335 3021 salus

318 3044 600 3113 pendebat,
615 3054 874 3097 resectum
888 3044 940 3096 in
954 3055 1117 3098 castra
1134 3044 1336 3100 hostilia

317 3122 566 3191 pertulit,
603 3140 762 3189 seque
787 3121 940 3174 simul
977 3123 1139 3192 ipsam
1163 3124 1337 3177 Minoi

317 3199 547 3252 tradidit.
574 3198 665 3251 llle
690 3217 816 3251 vero
844 3209 949 3252 tam
978 3200 1191 3269 impiam
1209 3222 1335 3270 pro-

318 3276 576 3331 ditionem
597 3286 886 3342 aversatus,
910 3276 1135 3348 Scyllam
1159 3280 1334 3332 relin-

320 3356 431 3424 quit
454 3354 594 3424 apud
621 3355 961 3423 Megarenses
985 3375 997 3417 ;
1026 3374 1141 3424 quae
1168 3375 1332 3425 quum

315 3432 529 3486 classem
552 3440 985 3500 persequeretur,
1015 3441 1250 3485 mutatur
1277 3434 1331 3485 in

316 3512 448 3564 cirin
474 3551 489 3577 ,
551 3521 700 3580 pater
744 3528 869 3561 vero
919 3511 971 3561 in
1022 3510 1333 3563 haliaeetum.

317 3589 497 3644 Latius
526 3588 664 3643 hanc
701 3588 927 3641 fabulam
965 3589 1332 3658 Megarensem

315 3672 556 3726 tractavit
576 3670 1062 3740 Pseudo-Virgilius
1078 3711 1091 3735 ,
1115 3671 1169 3724 in
1190 3671 1300 3725 ciri
1314 3713 1330 3740 ,

316 3768 621 3819 quanquam
642 3750 684 3802 is
702 3749 903 3819 potiora
922 3750 1233 3804 narrationis
1256 3771 1335 3804 ca-

315 3828 422 3897 pita
472 3827 704 3880 breviter
755 3837 961 3880 tantum
1016 3830 1332 3898 perstringit.

320 3904 522 3958 Confer
546 3916 600 3958 et
626 3906 937 3959 Pausaniam
964 3947 978 3971 ,
1021 3907 1133 3959 Att.
1158 3927 1206 3975 p.
1235 3909 1297 3973 45
1315 3946 1331 3973 ,

314 3994 370 4036 et
400 3981 645 4035 Corinth.
671 4003 719 4051 p.
750 4003 839 4055 ¹9²
863 4005 875 4043 ς
916 3983 1295 4052 Apollodorum
1314 4023 1329 4049 ,

314 4060 400 4114 111
420 4101 434 4126 ,
474 4077 566 4126 κν,
590 4063 621 4114 8
643 4080 787 4129 sqq.;
831 4061 1003 4115 Schol.
1034 4060 1296 4128 Euripidis
1314 4101 1329 4127 ,

313 4139 379 4192 ad
408 4140 571 4210 Hipp.
592 4160 722 4194 vers.
748 4141 811 4193 35
832 4151 885 4192 et
918 4159 1072 4200 ¹2003
1104 4140 1334 4208 Proper-

313 4218 480 4283 tium,
512 4218 628 4283 m,
675 4221 828 4287 1752;
868 4219 1069 4291 Hygini
1108 4219 1334 4270 fabulam

318 4297 428 4367 198.
442 4295 782 4349 Tractaverat
801 4295 908 4350 haec
931 4297 1089 4350 etiam
1110 4295 1335 4360 parthe·-⁸

543 4398 686 4464 IV.

1433 2424 1553 2477 nius
1578 2463 1594 2490 ,
1630 2434 1691 2478 ut
1729 2437 1943 2494 apparet
1974 2447 2036 2482 ex
2075 2429 2349 2486 Eustathio
2385 2437 2450 2490 ad

1431 2500 1652 2574 Dionys.
1684 2502 1885 2574 Perieg.
1924 2524 2076 2559 versu
2118 2511 2230 2573 4²⁰·
2267 2510 2445 2567 Minos

1434 2579 1680 2650 Scyllam,
1699 2580 2022 2649 impietatem
2039 2584 2152 2653 ejus
2168 2599 2447 2658 aversatus,

1434 2667 1523 2710 aut
1540 2659 1595 2711 iu
1620 2659 1786 2727 patria
1803 2660 2082 2730 reliquerat
2097 2665 2448 2737 proficiscens,

1433 2744 1522 2787 aut
1541 2754 1693 2804 poena
1717 2735 1940 2805 quadam
1960 2738 2231 2795 adfecerat.
2254 2744 2352 2799 His
2362 2747 2446 2800 ad-

1433 2810 1540 2864 dita
1551 2822 1626 2865 est
1637 2813 1808 2866 sabula
1818 2814 1883 2867 de
1896 2834 2160 2885 purpureo
2176 2820 2285 2874 Nisi
2298 2826 2450 2893 capil-

1434 2889 1512 2958 10,
1552 2912 1710 2962 quam
1744 2894 1930 2964 cupide
1963 2898 2298 2966 arripuerunt
2321 2924 2452 2973 poe-

1434 2980 1499 3024 tae
1525 2979 1680 3040 atque
1705 2973 1923 3044 mythici
1944 2976 2233 3045 scriptores.
2262 2981 2449 3051 Quum

1432 3046 1577 3099 enim
1597 3067 1744 3100 avem
1761 3060 1974 3103 nossent
1990 3071 2252 3122 purpurea
2269 3057 2323 3110 in
2338 3080 2450 3112 ver·

1432 3124 1531 3177 tice
1553 3125 1705 3178 crista
1728 3127 1987 3197 insignem
2010 3170 2025 3196 ,
2068 3151 2183 3200 quae
2205 3136 2324 3190 ciris
2352 3138 2446 3191 di-

1427 3213 1636 3256 ceretur
1648 3204 1809 3273 (quod
1827 3225 2023 3260 nomen
2040 3227 2068 3260 a
2081 3228 2246 3279 graeco
2259 3223 2443 3290 κείρειν,

1429 3279 1680 3348 tondere,
1704 3281 1928 3336 derivari
1954 3305 2097 3354 posse
2120 3295 2440 3359 putarunt),

1429 3355 1484 3408 in
1504 3377 1620 3410 eam
1637 3360 1894 3413 transiisse
1912 3362 2139 3434 Scyllam
2160 3367 2445 3437 finxerunt,

1429 3447 1631 3503 patrem
1646 3438 1840 3491 veroin
1856 3439 2170 3510 haliaeetum,
2197 3446 2284 3514 qui
2302 3465 2449 3499 acer-

1429 3515 1566 3567 rimo
1603 3515 1724 3567 odio
1768 3517 2008 3572 insectari
2041 3521 2170 3573 cirin
2212 3526 2359 3579 solet.
2380 3554 2445 3567 --

1427 3596 1550 3645 Jam
1566 3598 1778 3647 nitidam
1795 3607 1891 3649 etc.
1917 3598 2132 3650 Initium
2154 3601 2339 3656 sabulae
2359 3624 2448 3657 re-

1426 3672 1607 3739 spicit,
1636 3672 1776 3739 Vll,
1803 3675 1903 3744 659
1935 3685 1988 3726 et
2021 3677 2133 3743 664.
2170 3705 2235 3718 —-
2261 3680 2442 3750 Olim,

1429 3767 1525 3818 pro
1539 3758 1789 3817 retegente,
1809 3751 2061 3804 edebatur
2080 3768 2284 3823 regente.
2303 3759 2444 3826 quod
2531 3759 2534 3763 ’

1428 3838 1732 3896 corruptum
1751 3849 1858 3882 esse
1881 3829 2007 3882 vidit
2035 3832 2228 3902 Regius
2253 3855 2264 3887 :
2286 3847 2442 3904 atque

1427 3907 1685 3970 relega-alei
1694 3926 1726 3957 n
1740 3908 2001 3973 omnibus,
2017 3911 2203 3977 quibus
2215 3930 2333 3964 usus
2345 3925 2440 3982 est,

1429 3981 1590 4034 MSS.
1622 3985 1816 4052 reperit
1847 3985 2113 4038 Ciosanus.
2148 3988 2297 4056 Regii
2324 4008 2439 4043 nos·

1446 4061 1493 4113 ri
1514 4099 1528 4124 ,
1564 4071 1815 4127 retegente.
1845 4089 1910 4100 —
1934 4063 2142 4130 Lucifiv
2157 4074 2210 4116 et
2233 4066 2442 4122 Aurora

1427 4135 1546 4189 alibi
1559 4136 1807 4188 dicuntur
1821 4141 1950 4189 diem
1964 4142 2187 4192 reducere
2199 4179 2215 4204 ,
2233 4145 2322 4196 sed
2343 4145 2443 4202 hoc

1428 4216 1542 4268 loco
1565 4217 1891 4285 exquisitius,
1917 4228 2149 4287 retegere,
2175 4227 2439 4290 quemad-

1428 4293 1650 4347 modum
1679 4295 1816 4365 apud
1845 4297 2149 4367 Virgilium,
2189 4302 2310 4355 AEn.
2341 4304 2437 4371 lv,

2095 4427 2118 4468 1
