3185 5138
754 500 834 565 16
1288 500 1366 564 P.
1433 499 1792 567 OVIDII
1845 498 2297 568 NASONIS

741 637 1235 741 Multipliciqne
1269 640 1467 715 domo
1488 697 1508 730 ‚
1543 642 1860 741 caecisque
1896 642 2227 717 includere
2266 643 2481 718 tectis.

740 754 1048 831 Daedalus
1071 812 1088 843 ,
1126 756 1393 853 ingenio
1427 757 1628 831 fabrae
1663 755 2126 832 celeberrimus
2157 760 2355 846 attia,

741 872 943 946 Ponit
972 900 1180 973 opus;
1218 874 1575 973 turbatque
1610 890 1804 946 notas
1824 929 1843 960 ,
1882 891 1947 945 et
1979 872 2228 949 lumina
2259 875 2502 957 flexum

2780 902 2871 955 ιδυ

741 988 946 1062 Ducit
979 985 1046 1061 in
1079 984 1370 1062 errorem
1402 988 1728 1062 variarum
1756 990 2029 1085 ambage
2061 990 2332 1065 viarum.

737 1106 895 1178 Non
929 1133 1119 1180 secus
1151 1134 1224 1178 ac
1258 1103 1555 1204 liquidus
1590 1105 1899 1206 Phrygiis
1937 1107 2314 1182 Maeandros
2350 1109 2420 1181 in
2453 1110 2624 1184 arvis

809 1314 828 1345 ι
839 1292 917 1346 58.
928 1292 1294 1358 Mulle'plekique
1309 1292 1468 1344 domo.
1490 1309 1516 1342 e
1525 1299 1586 1343 tc.
1604 1291 1753 1359 lnge·

737 1368 1025 1424 niosissima
1040 1367 1316 1438 descriptio
1330 1368 1610 1440 labyrinthi
1625 1368 1756 1422 Cre·

737 1448 896 1502 tensis
921 1487 936 1513 ‚
972 1447 1026 1499 in
1065 1465 1167 1515 qua
1204 1456 1324 1507 aute
1357 1446 1533 1500 oculos
1570 1446 1754 1500 habuit

740 1524 1058 1591 AEneidem‚
1104 1523 1152 1573 V
1170 1564 1184 1591 ‚
1216 1526 1312 1577 588
1335 1544 1444 1593 sqq.
1474 1524 1678 1576 Confer
1702 1533 1755 1576 et

741 1603 1013 1658 Catullum
1041 1643 1056 1670 ‚
1102 1603 1260 1668 LXI,
1308 1623 1433 1665 1123
1482 1602 1751 1669 Plinium,

741 1683 978 1737 XXXVI
1000 1723 1015 1749 ‚
1060 1682 1116 1735 13
1143 1705 1156 1745 ς
1197 1681 1494 1735 Diodorum
1516 1720 1532 1747 ‚
1574 1683 1628 1745 1,
1672 1682 1754 1733 51.

739 1762 996 1815 Struxisse
1035 1759 1311 1813 Daedalum
1352 1760 1451 1812 hoc
1473 1757 1754 1812 edificium

744 1842 810 1896 ad
833 1839 1097 1910 exemplar
1129 1840 1422 1911 AEgyptiaci
1453 1838 1586 1891 illius
1613 1878 1628 1905 ,
1662 1836 1754 1891 sed

742 1921 1083 1975 centesimam
1133 1930 1341 1974 tantum
1372 1919 1505 1985 ,eius
1553 1928 1756 1987 partem

741 2000 1007 2052 imitatum
1032 2018 1140 2052 esse
1159 2037 1174 2063 ,
1216 2016 1332 2065 quae
1357 1996 1609 2050 itinerum
1647 2015 1757 2048 am-

740 2081 914 2149 bages,
927 2097 1270 2147 occursusque
1290 2088 1343 2130 et
1358 2096 1596 2130 recursus
1609 2077 1758 2129 inex-

746 2157 1004 2226 plicabiles
1035 2157 1362 2220 contineret,
1401 2155 1595 2208 crebris
1619 2155 1758 2207 sori-

744 2235 841 2287 bus
874 2233 1051 2286 inditis
1087 2232 1151 2285 ad
1188 2232 1441 2287 fallendos
1473 2250 1715 2285 occursus
1741 2270 1756 2297 ‚

745 2310 1182 2380 redeundumque
1209 2310 1261 2363 in
1287 2329 1491 2363 errores
1512 2309 1724 2362 eosdem
1742 2349 1758 2375 ,

744 2400 926 2444 auctor
959 2399 1037 2443 est
1066 2387 1267 2442 Plinius
1285 2428 1299 2455 ,
1326 2387 1465 2441 dicto
1495 2387 1625 2441 loco.
1652 2387 1757 2441 Sed

742 2486 906 2536 quum
941 2484 1102 2520 nemo
1143 2468 1402 2519 Veterum
1439 2466 1537 2519 hoc
1561 2484 1760 2517 monu-

742 2557 985 2600 mentum
1016 2546 1122 2616 ipse
1156 2543 1377 2613 viderit,
1424 2563 1596 2614 neque
1639 2544 1760 2596 Ho-

744 2644 921 2678 merus
947 2665 962 2692 ,
999 2626 1086 2692 qui
1122 2643 1255 2693 saepe
1291 2622 1507 2678 Cretam
1543 2622 1719 2676 laudat
1741 2662 1755 2689 ,

746 2704 859 2770 ejus
882 2702 1210 2754 mentionem
1229 2702 1447 2765 fecerit,
1478 2719 1643 2770 quum
1663 2700 1760 2753 de-

746 2780 905 2848 nique
929 2797 1114 2847 parum
1142 2777 1387 2830 credibile
1413 2779 1507 2844 sit,
1538 2781 1646 2846 jam
1673 2797 1760 2830 an·

743 2856 1043 2928 tiquissimis
1065 2853 1386 2924 temporibus
1405 2854 1503 2906 tale
1523 2865 1761 2908 tantum-

745 2956 845 3007 que
865 2935 1142 2990 oedificium
1160 2953 1268 2986 esse
1285 2922 1630 2999 exstructum,
1649 2953 1756 2986 non

744 3016 928 3070 dubito
950 3011 1193 3067 accedere
1221 3011 1495 3065 sententia
1523 3010 1758 3066 Cedreni

745 3105 799 3148 et
822 3091 1078 3147 Eustatbii
1095 3129 1110 3156 ‚
1137 3108 1251 3157 quae
1272 3089 1580 3143 confirmata
1599 3091 1756 3144 etiam

745 3182 865 3226 esta
890 3168 1203 3237 Teumeson,
1231 3171 1432 3238 Vosage
1446 3172 1512 3221 du
1532 3171 1755 3232 hoaut,

745 3261 876 3304 tom.
900 3247 926 3300 1
943 3286 957 3313 ,
984 3266 1034 3316 p.
1063 3246 1130 3298 65
1156 3265 1169 3298 ς
1202 3245 1354 3298 fuisse
1381 3265 1573 3316 nempe
1601 3245 1757 3319 laby-

745 3326 985 3381 rinthum
1002 3324 1147 3377 illum
1165 3322 1296 3375 nibil
1319 3323 1456 3376 aliud
1476 3364 1489 3389 ,
1515 3323 1616 3376 nisi
1638 3342 1760 3392 spe-

742 3409 952 3461 luncam
996 3405 1393 3461 subterraneam
1422 3424 1542 3457 cum
1578 3404 1759 3457 multis

745 3484 1045 3554 ambagibus
1061 3522 1075 3550 ‚
1098 3483 1149 3535 in
1172 3501 1273 3551 qua
1290 3501 1370 3535 ars
1383 3481 1640 3552 adjuverit
1661 3502 1758 3534 na-

746 3573 936 3615 turam.
969 3561 1183 3614 Conser.
1215 3562 1436 3628 Cogitet,
1465 3582 1561 3614 von
1589 3563 1758 3628 Urspr.

747 3643 796 3693 d.
828 3641 1064 3702 Gesette,
1088 3650 1213 3692 tom.
1233 3640 1285 3694 11
1305 3678 1320 3706 ,
1356 3661 1405 3710 p.
1431 3642 1620 3696 185.—
1647 3645 1759 3695 Do·

746 3738 856 3773 mus
881 3722 1153 3784 multiplex.
1189 3720 1538 3788 Apollodorus
1564 3761 1579 3786 ‚
1617 3721 1757 3775 dicto

749 3801 862 3853 loco
879 3838 893 3865 ,
930 3805 1101 3864 οἴκημα
1122 3810 1321 3863 καμπαῖς
1344 3802 1626 3857 talus->ahons
1642 3807 1758 3852 κὶα·-

746 3889 833 3931 νῶν
866 3885 949 3940 τὴν
977 3880 1143 3943 ἔξοδον.
1169 3901 1234 3912 -
1263 3876 1419 3926 Caece's
1437 3914 1448 3932 .
1491 3875 1545 3926 in
1571 3877 1757 3944 quibus

746 3957 920 4011 nullus
951 3963 1264 4026 prospectus.
1300 3953 1577 4024 Virgilius,
1618 3954 1756 4009 dicto

744 4035 859 4088 loco
879 4073 894 4099 ,
920 4040 1068 4088 cecis
1089 4036 1381 4101 parietibus.

816 4114 921 4182 ¹59·
947 4114 1217 4172 nodulos,
1246 4132 1438 4181 genere
1458 4112 1758 4167 Athenien·-

743 4191 810 4245 sis
827 4229 841 4256 ,
878 4209 938 4242 ex
959 4191 1018 4243 iis
1041 4211 1178 4245 unus
1201 4193 1290 4262 qui
1314 4195 1627 4247 Erechthida
1651 4213 1756 4246 vo-

743 4280 962 4338 cantur,
999 4269 1127 4324 adeo
1153 4272 1549 4352 preclarusesuit
1583 4273 1755 4328 archi-

1851 1302 2050 1361 tectus,
2090 1305 2149 1347 ut
2192 1306 2245 1348 et
2281 1313 2440 1365 opera
2483 1296 2724 1366 quedam
2762 1300 2869 1352 mi-

1851 1369 2015 1423 randa
2033 1372 2291 1438 effecerit,
2319 1384 2373 1426 et
2389 1385 2582 1427 statuas
2596 1394 2711 1443 quae
2732 1377 2870 1467 aspi-

1852 1469 2003 1516 cere,
2030 1450 2442 1519 ambulareque‚
2482 1462 2536 1505 et
2557 1453 2753 1522 spirare
2787 1455 2870 1507 vi·

1852 1526 2153 1593 debantur,
2193 1527 2494 1591 effinxerit;
2541 1541 2697 1598 atque
2745 1530 2868 1584 hinc

1850 1607 2096 1659 Daedalea
2128 1617 2316 1659 vocant
2339 1606 2508 1660 Graeci
2536 1627 2696 1678 opera
2727 1614 2870 1663 αὑτό-

1852 1708 1979 1751 ματα
2004 1703 2018 1736 :
2042 1684 2140 1737 hoc
2154 1695 2232 1738 est
2250 1723 2264 1750 ‚
2293 1704 2407 1753 quae
2424 1696 2610 1755 sponte
2633 1706 2724 1739 sua
2747 1707 2869 1741 mo-

1851 1771 2076 1826 ventur,
2120 1772 2209 1814 aut
2249 1783 2431 1816 vocem
2465 1763 2647 1817 edunt.
2684 1767 2870 1818 Ed.—

1850 1841 2021 1893 Fabra
2042 1859 2128 1893 ars
2145 1881 2158 1902 ‚
2183 1841 2543 1894 architectura.
2571 1870 2639 1882 —-
2663 1846 2869 1911 Ingenio

1851 1923 2004 1975 artis.
2043 1917 2101 1970 iis
2118 1957 2134 1983 ,
2161 1936 2275 1985 quae
2297 1918 2563 1987 ingeniose
2585 1922 2785 1974 invenit
2811 1921 2868 1973 in

1853 2013 1913 2047 ea
1931 2006 2055 2048 arte.
2074 1995 2329 2049 Similiter
2348 2016 2508 2066 prope
2530 1998 2729 2051 Plinius
2742 2039 2758 2066 ,
2773 2019 2867 2069 pa·

1852 2093 2033 2146 negyr.
2061 2091 2185 2127 xux
2206 2114 2221 2141 ‚
2262 2096 2287 2145 7
2306 2116 2321 2141 ‚
2363 2081 2567 2143 ingenia
2583 2098 2858 2138 cenatum,

1855 2153 1942 2205 ubi
1971 2152 2086 2205 vide
2113 2163 2346 2207 notas.—
2358 2157 2549 2207 Turba!
2567 2165 2741 2213 notas.
2768 2159 2869 2209 sci-

1851 2232 1971 2285 licet
2007 2232 2210 2285 viarum
2231 2272 2245 2297 ,
2280 2232 2558 2286 confundit
2596 2252 2714 2300 eas,
2755 2253 2869 2287 non

1851 2329 1968 2363 suas
1990 2310 2175 2379 cuique
2205 2310 2293 2363 dat
2321 2320 2471 2364 notas
2500 2352 2514 2376 ,
2556 2312 2645 2365 sed
2680 2315 2868 2366 omni-

1852 2384 1948 2438 bus
1970 2385 2194 2439 easdem.
2223 2386 2365 2439 Hinc
2383 2386 2614 2455 dignosci
2637 2406 2747 2440 non
2771 2408 2870 2458 po-

1854 2474 2041 2518 terant.
2085 2464 2335 2533 Virgilius
2359 2505 2373 2531 ,
2409 2466 2551 2519 dicto
2592 2466 2707 2521 loco
2732 2488 2744 2520 :
2767 2488 2869 2537 qua

1851 2548 1998 2613 signa
2027 2546 2267 2612 sequendi
2293 2546 2509 2599 Fallere!
2541 2548 2866 2614 indeprensus

1849 2633 1901 2676 c!
1923 2626 2246 2675 irremeabiles
2266 2642 2412 2676 error.
2427 2651 2493 2663 —
2511 2626 2715 2677 Metam
2731 2667 2744 2686 ,
2773 2646 2868 2694 pro

1853 2701 2047 2770 vulgari
2069 2704 2242 2769 fictu,
2280 2721 2309 2755 e
2346 2702 2655 2756 Florentino
2688 2703 2869 2758 Sancti

1855 2779 2021 2830 Marci
2042 2818 2058 2844 ,
2092 2778 2622 2847 secundo'Palatino‚
2655 2783 2869 2851 Neapo-

1852 2855 2014 2909 litano
2030 2895 2045 2921 ‚
2077 2854 2308 2925 Spirensi
2332 2867 2385 2911 et
2413 2858 2574 2910 tribus
2597 2857 2705 2911 aliis
2721 2858 2869 2914 dedit

1855 2935 2104 2987 Heinsius
2123 2955 2136 2987 :
2159 2935 2265 2988 duo
2281 2947 2480 2990 veteres
2496 2940 2661 3004 ‚fieta
2676 2979 2688 3001 ‚
2714 2958 2869 2993 nem·

1851 3033 1916 3083 pe
1943 3053 1959 3079 ,
2001 3018 2223 3082 ambage.
2268 3016 2419 3086 Regii
2468 3016 2631 3069 nostri
2660 3057 2676 3084 ‚
2716 3022 2867 3084 fietu.

1851 3120 1917 3131 —
1941 3095 2145 3145 Flexum
2176 3092 2376 3161 poetice
2407 3133 2423 3160 ,
2464 3094 2584 3162 quia
2625 3095 2718 3164 ipsi
2757 3114 2864 3147 an·-

1852 3171 2041 3225 sractus
2060 3210 2074 3237 ,
2106 3174 2374 3238 ambages,
2417 3170 2552 3226 flexi.
2585 3173 2861 3243 Vin-gilius:

1849 3256 1957 3318 ejose
1983 3255 2126 3305 dolos
2152 3252 2270 3305 terti
2303 3255 2630 3323 ambagesque
2650 3258 2865 3307 resolvit.

1924 3332 2027 3385 162.
2056 3334 2299 3401 liquidus
2322 3335 2556 3405 Phrygas
2577 3344 2671 3386 etc.
2709 3335 2866 3387 Prior

1854 3410 2139 3463 Twisdenii
2179 3414 2396 3479 liquidos
2433 3413 2680 3482 Phrygius
2705 3413 2778 3464 M.
2810 3419 2864 3465 in

1850 3507 2034 3552 στι-κη
2065 3489 2117 3542 id
2140 3501 2249 3556 est,
2279 3502 2484 3544 arcuata
2519 3493 2822 3546 curvamina
2844 3533 2860 3560 ‚

1853 3568 1992 3637 quod
2026 3569 2190 3638 placet
2215 3571 2450 3624 Heinsio.
2475 3600 2542 3611 —
2558 3573 2752 3642 Regius
2782 3573 2862 3639 A,

1850 3650 2054 3713 liquide&
2086 3649 2336 3717 Phrygius
2359 3649 2434 3700 M.
2464 3654 2519 3701 in
2540 3654 2723 3713 undein-
2747 3666 2863 3715 que

1853 3723 2004 3776 lertio
2026 3724 2313 3793 elegantior
2354 3728 2480 3781 mihi
2508 3727 2727 3778 videtur.
2761 3727 2860 3777 Ed.

1849 3827 1917 3839 —
1945 3800 2026 3852 De
2051 3803 2303 3856 Meandri
2321 3804 2512 3857 lusibus
2538 3800 2652 3852 vide
2676 3799 2738 3851 ad
2769 3801 2821 3853 Π
2843 3842 2858 3868 ‚

1853 3878 1949 3943 246
1970 3900 1982 3941 ;
2007 3889 2059 3932 et
2082 3883 2277 3936 confer.
2302 3882 2500 3934 Seneca
2521 3914 2535 3943 ,
2565 3877 2727 3929 Herc.
2760 3879 2859 3931 sur.

1853 3957 1979 4019 (3833
2005 3958 2190 4012 Phoen.
2208 3960 2340 4019 6053
2371 3955 2528 4007 Silius
2548 3990 2563 4016 ,
2592 3952 2721 4022 Vll,
2753 3957 2860 4028 ¹39·

1854 4034 2052 4089 Seneca
2068 4076 2082 4101 ‚
2110 4038 2281 4106 priore
2297 4033 2440 4084 loco:
2466 4034 2645 4098 Qualis
2656 4038 2861 4086 incertis

1853 4135 2014 4183 vagus
2034 4117 2290 4168 Maeander
2306 4115 2455 4163 undele
2474 4124 2609 4165 errat
2625 4155 2636 4173 ,
2659 4118 2794 4167 ludit
2813 4123 2865 4166 c!

1851 4198 1986 4246 cedit
2016 4198 2142 4252 sibi,
2191 4193 2450 4259 Iit-statque
2486 4195 2667 4245 dubius
2690 4234 2702 4255 ‚
2740 4197 2862 4245 litus

1850 4293 1919 4325 an
1927 4274 2126 4341 sontem
2150 4278 2303 4339 peta!-
2316 4297 2384 4310 -
2400 4274 2652 4342 Ambigua
2672 4277 2816 4341 lapsu
2838 4289 2855 4334 ‚⁶
