3185 5138
651 545 656 554 “
732 533 1764 603 METAMORPHOSEON
1812 538 2005 606 LIB.
2065 543 2155 607 X.

2387 546 2507 642 165

376 671 766 770 Quamlibet
802 672 1053 768 ignotis
1084 674 1395 748 manibus
1427 675 1719 775 praebere
1754 675 2031 750 solebat.

379 789 510 862 Sed
551 807 767 862 tamen
802 807 953 862 ante
986 787 1190 876 alios,
1232 791 1376 865 Ceae
1413 788 1847 892 pulcherrime
1882 795 2131 887 gentiS‚

2418 836 2513 871 120

383 905 628 978 Gratus
661 923 799 978 erat
820 961 838 991 ‚
877 906 1224 1006 Cyparisse
1249 962 1268 993 ‚
1307 906 1431 980 tibi
1462 938 1476 979 ε
1513 924 1584 979 tu
1618 906 1864 1007 pabula
1900 938 2157 984 cervum

377 1019 487 1094 Ad
516 1048 688 1092 nova
709 1075 729 1107 ‚
762 1038 834 1093 tu
870 1019 1107 1120 liquidi
1143 1021 1433 1096 ducebas
1467 1022 1670 1098 fontis
1706 1025 1788 1098 ad
1820 1027 2065 1100 undam
2093 1059 2109 1101 ε

378 1137 485 1208 Tu
511 1134 712 1208 modo
751 1136 1015 1210 texebas
1046 1138 1265 1210 varios
1299 1165 1417 1237 per
1452 1167 1699 1212 cornua
1732 1141 1926 1215 flores
1956 1172 1972 1215 ε

377 1252 610 1338 Nunc,
648 1279 846 1351 eques
879 1252 948 1325 iu
988 1272 1172 1352 tergo
1209 1252 1502 1328 residens
1524 1311 1543 1342 ,
1580 1255 1713 1328 huc
1740 1255 1929 1332 laetus
1966 1261 2031 1332 et
2060 1258 2217 1334 illuc

378 1367 617 1442 Mollia
648 1371 996 1474 purpureis
1028 1370 1332 1444 frenabas
1370 1400 1483 1444 ora
1514 1372 1836 1472 capistris,

2411 1400 2507 1454 125

380 1483 612 1558 AEstus
644 1503 817 1571 erat,
853 1485 1240 1587 mediusque
1277 1486 1460 1573 dies;
1498 1486 1790 1588 solisque
1822 1517 2062 1589 vapore

382 1600 684 1672 Concava
715 1598 936 1673 litorei
970 1601 1311 1675 fervebant
1340 1600 1611 1675 brachia
1651 1603 1909 1675 Cancri.

380 1715 617 1788 Fessus
645 1714 713 1785 in
747 1714 1035 1788 herbosa
1065 1715 1298 1820 posuit
1330 1744 1447 1788 sua
1479 1744 1759 1820 corpora
1794 1735 1964 1791 terra

381 1829 671 1916 Cervus3
709 1847 780 1914 et,
809 1830 1081 1904 arborea
1113 1831 1400 1906 ducebat
1428 1832 1641 1927 frigus
1675 1834 1760 1906 ab
1797 1833 2052 1908 umbra.
2126 1880 2131 1884 -

381 1944 576 2017 Hunc
607 1972 773 2043 puer
802 1948 1187 2047 imprudens
1219 1946 1434 2047 jaculo
1471 1949 1868 2049 Cyparissus
1900 1968 2094 2024 acuto

2415 1975 2508 2026 ¹3⁰

379 2061 591 2149 Fixit3
625 2079 692 2134 et
714 2118 732 2148 ‚
766 2079 843 2134 ut
873 2091 1042 2136 saevo
1076 2063 1463 2138 morientem
1497 2064 1762 2138 vulnere
1794 2065 1998 2152 vidit,

382 2263 477 2332 490
491 2301 507 2329 ,
525 2280 706 2314 manus
720 2268 991 2328 pattbntem
1009 2275 1188 2330 vocat,
1211 2263 1265 2316 id
1282 2275 1360 2318 est
1374 2305 1388 2330 ,

381 2351 715 2394 mansuetum
737 2361 750 2407 ς
790 2341 983 2394 Lucan.
1013 2342 1093 2394 lv
1110 2381 1125 2408 ,
1157 2343 1250 2411 237
1271 2382 1285 2407 ‚
1319 2343 1391 2395 sic

380 2419 506 2473 dixit
519 2459 535 2486 ‚
567 2423 812 2473 hominem
837 2427 966 2489 pati.
993 2447 1058 2460 —·
1090 2422 1391 2487 Quamlibet.

381 2493 521 2556 Vide
538 2496 604 2549 ad
629 2499 737 2560 lx,
763 2501 876 2567 475.

447 2596 467 2629 ι
477 2594 558 2628 ao.
577 2580 687 2629 Cea
693 2580 1022 2643 pulcherrime
1036 2581 1213 2644 gennit.
1230 2575 1400 2629 Tele-

375 2652 465 2723 phi
487 2653 657 2706 filium
676 2673 800 2706 eum
819 2655 939 2709 sacit
956 2654 1169 2708 Servius
1185 2676 1198 2715 ;
1220 2654 1391 2726 Amy-

377 2729 470 2782 clei
483 2729 716 2784 Lactant.
734 2730 786 2783 in
808 2733 1025 2801 Argum.
1047 2733 1096 2785 ls
1110 2743 1163 2785 et
1177 2733 1392 2785 curabat

377 2807 516 2862 hunc
537 2828 750 2862 cervum
769 2821 825 2863 et
842 2811 1133 2864 ministerio
1150 2811 1263 2879 ejus
1276 2820 1392 2863 ute-

374 2885 613 2940 batur.—
622 2890 795 2939 Fontis
816 2892 894 2940 ad
908 2892 1107 2942 undam.
1127 2889 1301 2958 Vulgo
1322 2892 1399 2941 ad

317 3002 320 3007 ι
376 2968 571 3031 παίσῃ
597 2964 701 3018 MS
727 2966 1038 3019 Bersmanni
1074 2969 1332 3034 Ie‘quidas..
1351 3007 1389 3018 ..
1431 3030 1434 3033 Ἴ

375 3046 453 3095 ad
456 3046 653 3108 andan
671 3044 938 3098 Leidensis
957 3049 1198 3114 liquidam
1211 3083 1224 3097 .
1237 3086 1249 3098 .
1264 3086 1278 3101 .
1296 3086 1309 3099 .
1322 3049 1398 3098 ad

377 3125 576 3175 andam.
589 3122 843 3175 —Nostri
864 3123 942 3175 Re
948 3122 1015 3192 gii
1037 3126 1236 3190 lae'qm'di.
1250 3163 1261 3176 .
1273 3162 1286 3177 .
1299 3164 1311 3176 .
1322 3125 1399 3176 ad

376 3203 643 3252 παίωνι-
653 3202 703 3251 Τ
692 3204 889 3254 carebas.
905 3201 1114 3254 Primus
1133 3211 1185 3253 et
1201 3221 1320 3257 secu
1327 3221 1393 3254 n-

379 3275 474 3329 dus
499 3277 769 3331 Mediceus
785 3318 800 3343 ,
829 3279 1201 3346 Neapolitanus
1217 3319 1232 3345 ‚
1259 3278 1393 3348 Spi-

379 3358 561 3422 rensis,
575 3356 778 3426 primus
794 3355 1087 3426 Hamburg.
1102 3367 1154 3410 et
1168 3368 1394 3426 quatuor

288 3502 294 3507 .
381 3435 462 3488 alii
486 3439 753 3500 tendebas‚·
778 3436 927 3503 pauci
948 3440 1233 3500 sternebas‚·
1258 3455 1394 3489 unus

383 3511 648 3565 Leidensis
671 3516 956 3579 spargebas.
976 3539 1042 3553 —
1055 3511 1206 3582 Regii
1232 3512 1395 3566 nostri

379 3593 584 3642 teubas
598 3630 610 3649 ‚
645 3587 786 3658 quod
802 3589 974 3642 solum
987 3590 1234 3642 convenit
1248 3600 1302 3643 et
1317 3601 1396 3643 est

379 3670 601 3722 verbum
626 3668 994 3738 proprium.—
1018 3671 1271 3730 Tetebas,
1292 3687 1396 3722 co-

382 3746 535 3800 rollas
551 3747 795 3800 nectebas
809 3766 837 3800 e
853 3745 1067 3800 floribus
1081 3786 1096 3813 ,
1120 3745 1307 3816 quibus
1317 3764 1398 3799 or·

383 3844 536 3878 nares
553 3843 768 3878 cornua.
792 3824 1066 3895 Virgilius,
1089 3824 1226 3879 dicto
1247 3825 1360 3878 loco
1381 3844 1394 3879 ε

385 3925 413 3949 κ
441 3902 737 3957 Adsuetum
783 3905 1014 3974 imperiis
1060 3924 1210 3959 soror
1250 3905 1398 3959 omni

384 4000 414 4027 n
440 3978 601 4033 Silvia
624 4000 747 4033 cura
770 3982 1019 4037 Mollibus
1045 3984 1281 4037 intexens
1308 4003 1401 4036 or·-

385 4079 414 4105 »
439 4056 601 4111 nabat
621 4076 814 4112 cornua
837 4061 987 4114 sertis
1004 4100 1020 4127 ‚
1046 4061 1399 4129 Pectebatque

388 4157 414 4181 κ
438 4136 614 4187 serum
630 4173 646 4200 ,
675 4154 905 4204 puroque
933 4140 987 4191 in
1014 4140 1159 4192 sonte
1184 4138 1401 4192 lavabat.

387 4235 414 4260 κ
441 4213 565 4275 Ille,
596 4232 816 4267 manum
842 4218 1040 4284 patiens
1059 4257 1074 4282 ‚
1100 4234 1398 4287 menseque

390 4311 416 4338 υ
442 4291 685 4347 adsuetus
700 4291 849 4347 herili
866 4294 1088 4349 Errabat
1103 4295 1239 4350 silvis
1256 4317 1269 4363 ς
1292 4314 1402 4349 rur-

1490 2286 1518 2310 »
1542 2283 1730 2333 susque
1745 2265 1806 2317 ad
1820 2264 2000 2319 limina
2013 2273 2139 2317 nota
2153 2264 2268 2333 Ipse
2283 2262 2505 2318 domum

1489 2363 1517 2388 κ
1543 2362 1657 2395 sera
1683 2343 1918 2411 quamvis
1939 2361 1995 2395 se
2019 2352 2173 2394 nocte
2196 2341 2409 2394 serebat.
2426 2363 2453 2386 ι

1559 2423 1667 2486 ¹²4·
1692 2422 1860 2472 Latus
1883 2419 2079 2472 habent
2096 2420 2261 2471 nostri
2281 2417 2503 2471 Codices

1488 2496 1674 2565 Regii,
1715 2516 1811 2566 pro
1834 2501 1998 2558 latas,
2036 2495 2172 2566 quod
2201 2495 2416 2548 dederat
2439 2496 2504 2548 cl.

1494 2580 1670 2646 Gierig
1687 2599 1748 2631 ex
1773 2579 1996 2631 Heinsio
2021 2600 2033 2642 ;
2072 2588 2125 2630 et
2160 2576 2283 2630 illud
2305 2617 2321 2643 ‚
2359 2576 2506 2647 quod

1487 2657 1612 2710 olim
1631 2657 1902 2723 edebatur,
1923 2657 2256 2727 praetulimus.
2270 2659 2366 2709 Ed.
2377 2657 2420 2704 V
2425 2677 2505 2709 er-

1487 2754 1605 2787 sum
1645 2740 1735 2789 125
1770 2734 1945 2788 laudat
1968 2735 2150 2788 Douza
2182 2755 2209 2788 e
2242 2735 2501 2803 Martiali,

1489 2815 1514 2867 1
1530 2852 1544 2880 ,
1573 2813 1751 2884 Epigr.
1784 2814 1877 2866 106
1895 2853 1909 2880 ,
1937 2818 2097 2868 Pare!
2106 2819 2365 2882 purpure-120·
2385 2833 2511 2883 aper

1485 2897 1739 2960 capistris.

1560 2970 1666 3021 126.
1712 2971 1928 3036 Vapore,
1973 2979 2115 3024 estu.
2137 2999 2204 3010 —
2234 2974 2466 3024 Concava
2480 3012 2496 3035 ,

1486 3056 1715 3110 curvata3
1729 3044 1864 3099 cons.
1882 3046 1954 3111 11,
1971 3048 2051 3107 83,
2069 3057 2123 3100 et
2144 3051 2511 3121 195.·—Cancr1‘
2588 3062 2594 3069 ·

1487 3124 1628 3178 sidus
1647 3124 1739 3177 Sol
1754 3124 2144 3194 ingrediebatur
2159 3126 2283 3179 olim
2297 3147 2506 3181 summa

1488 3212 1754 3255 natata—
1766 3205 1967 3256 Litoree‘.
1982 3202 2120 3269 Vide
2135 3203 2196 3255 ad
2214 3224 2343 3256 vers.
2363 3208 2439 3275 78.

1560 3301 1666 3353 129.
1680 3284 1964 3334 Posue'tsua
1976 3300 2182 3348 corpora
2192 3299 2210 3345 ,⁸
2233 3283 2349 3335 vide
2366 3282 2430 3334 ad
2447 3284 2473 3336 1
2487 3323 2503 3350 ,

1490 3360 1604 3412 300.
1624 3387 1691 3398 —
1715 3361 1941 3412 Arborea
1955 3401 1968 3414 .
1987 3397 1999 3410 .
2014 3400 2025 3412 .
2046 3398 2057 3411 .
2075 3365 2143 3412 ab
2164 3365 2368 3424 umbra3
2397 3360 2505 3413 duo

1489 3439 1744 3487 arboream
1759 3438 1836 3487 ad
1847 3440 2081 3490 umbram.
2096 3464 2163 3475 —
2177 3436 2325 3506 Regii
2340 3438 2509 3491 nostri

1483 3530 1731 3578 purpurea
1744 3516 1810 3563 ab
1830 3514 2508 3583 umbra—Ducebatsn'gas.

1496 3587 1858 3657 Captabatore
1872 3589 2113 3660 frigidam
2130 3610 2329 3659 auram,
2346 3612 2507 3661 quam

1491 3667 1541 3719 ei
1559 3667 1821 3736 prebebat
1835 3668 2020 3722 umbra
2038 3670 2287 3723 arborum
2304 3693 2316 3735 ;
2332 3676 2510 3725 ducere

1477 3743 1665 3813 frigus,
1697 3754 1757 3798 ut
1770 3748 1955 3808 ,ducere
1972 3752 2208 3800 animam.
2226 3748 2473 3818 Virgilius
2489 3788 2506 3817 ,

1494 3821 1604 3875 Ed.
1632 3822 1657 3874 l
1675 3862 1690 3887 ‚
1717 3823 1780 3875 53
1797 3862 1812 3890 ‚
1831 3823 2007 3892 frigus
2028 3830 2260 3892 captabis
2283 3848 2507 3894 opacum.

1496 3902 1695 3971 Supra,
1718 3902 1824 3955 vu
1843 3941 1858 3970 ,
1895 3905 2024 3977 809,
2054 3906 2512 3974 repetebamsn’gus

1493 3989 1547 4032 et
1564 3983 1766 4032 umbras
1785 3988 1882 4033 etc.

1555 4059 1663 4110 130.
1679 4060 1832 4110 Hunc
1839 4076 1971 4125 puer
1978 4061 2263 4127 imprudens
2276 4068 2372 4114 etc.
2391 4060 2510 4115 Ser-

1495 4138 1609 4191 vius
1627 4176 1643 4203 ,
1670 4136 1810 4190 dicto
1842 4137 1990 4191 loco:
2019 4160 2046 4184 «ι
2073 4140 2161 4208 qui
2186 4159 2350 4208 quum
2375 4141 2510 4195 elas-

1497 4236 1526 4262 »
1549 4225 1691 4270 satus
1737 4226 1862 4270 aestu
1906 4216 2002 4270 sub
2050 4217 2275 4287 quadam
2323 4220 2509 4273 arbore

1497 4316 1527 4344 n
1551 4314 1799 4350 somnum
1824 4310 2063 4369 caperet,
2094 4299 2264 4353 subito
2287 4300 2509 4370 strepitu
