3185 5138
707 518 837 587 382

1278 521 1359 586 P.
1419 521 1767 590 OVIDII
1825 523 2278 594 NASONIS

706 656 1010 747 Mollia,
1045 676 1162 734 aut
1195 658 1415 761 aliqua
1451 661 1777 761 producet
1807 661 2088 738 callidus
2125 682 2284 741 arte.

710 772 889 845 Ante
924 790 1099 846 retro
1139 772 1384 847 Simois
1418 774 1618 863 fluet,
1654 792 1720 848 et
1753 776 1893 851 sine
1928 776 2282 853 frondibus
2318 780 2436 855 Ide

708 885 928 960 Stabit
949 941 967 976 ,
1002 886 1420 980 etyauxilium
1453 891 1799 989 promittet
1832 892 2083 967 Achaia
2115 895 2369 994 Troiae,

2752 921 2851 972 325

710 1003 928 1098 Quam
948 1060 967 1090 ‚
999 1021 1293 1077 cessante
1328 1032 1475 1078 meo
1511 1033 1640 1104 pro
1669 1007 1903 1081 vestris
1938 1027 2206 1108 pectore
2238 1010 2439 1085 rebus
2467 1066 2487 1100 ,

705 1119 929 1218 Ajacis
962 1118 1188 1193 stolidi
1216 1121 1466 1195 Danais
1497 1120 1789 1196 sollertia
1825 1124 2066 1225 prosit.

707 1236 815 1308 Sis
850 1234 1002 1309 licet
1036 1236 1314 1311 infestus
1354 1238 1582 1326 sociis,
1618 1238 1892 1340 regique
1926 1296 1944 1329 ‚
1978 1240 2274 1341 mihique
2295 1296 2315 1329 ,

709 1350 1332 1440 Dure‘Philoctete3
1369 1353 1522 1427 licet
1556 1380 1887 1429 exsecrere
1909 1413 1928 1444 ‚
1960 1384 2313 1458 meumque

708 1468 1049 1541 DevoVeas
1085 1467 1227 1541 sine
1258 1465 1384 1543 fine
1419 1489 1622 1571 caput
1644 1525 1664 1558 ‚
1699 1470 2060 1573 cupiasque
2096 1470 2349 1546 dolenti

2748 1495 2849 1547 330

710 1586 828 1658 Me
866 1582 992 1656 tibi
1028 1582 1198 1655 sorte
1233 1583 1411 1671 dari,
1445 1603 1887 1688 nostrumque
1919 1586 2182 1663 haurire
2213 1615 2516 1662 cruorem
2538 1643 2558 1676 ,

710 1702 935 1800 thue
970 1699 1067 1772 tui
1094 1698 1288 1789 mihi,
1320 1698 1413 1773 sic
1445 1699 1560 1773 fiat
1600 1700 1724 1774 tibi
1758 1704 1952 1805 copia
1989 1703 2204 1777 nostri
2234 1733 2252 1792 ;

708 1858 810 1924 604
829 1877 936 1926 sqq.
957 1885 1024 1898 ·—
1044 1855 1292 1912 stolae!
1316 1879 1344 1912 e
1370 1858 1579 1914 latebris
1601 1861 1733 1916 suis:

705 1940 929 1990 callidus
961 1940 1134 2005 aliqua
1167 1947 1278 1989 arte
1293 1978 1306 1999 ‚
1340 1937 1524 1991 callido
1561 1938 1733 2007 aliquo

712 2014 941 2069 consilio.
970 2014 1146 2084 Vulgo
1169 2018 1440 2083 perduct-’13
1481 2017 1733 2071 Heinsius

710 2095 1049 2150 scribendum
1089 2107 1266 2149 censet
1305 2115 1317 2149 :
1344 2102 1589 2164 producet
1625 2104 1734 2153 alia

706 2184 847 2237 arte‚·
871 2173 990 2242 quia
1007 2183 1061 2227 et
1079 2174 1343 2242 eloquium
1366 2194 1449 2229 ars
1465 2178 1732 2232 est.-Re-

709 2253 779 2324 gii
804 2254 1005 2308 codices
1030 2254 1184 2306 ambo
1206 2258 1444 2321 perducet
1467 2276 1483 2308 .-
1511 2257 1731 2310 varietas

708 2353 771 2387 ex
806 2334 933 2387 vitio
961 2335 1228 2404 scripture
1273 2334 1517 2389 breviata·
1559 2337 1732 2405 potuit
1760 2341 1767 2350 ⁰

710 2412 836 2465 oriri
855 2433 868 2474 ;
890 2430 1118 2480 namque
1141 2412 1198 2465 in
1212 2432 1308 2479 per
1327 2424 1383 2466 et
1395 2434 1493 2481 pto
1517 2414 1631 2468 leve
1653 2424 1731 2468 est

714 2489 1012 2543 discrimen.
1032 2490 1129 2542 Ed.

774 2567 888 2632 324.
906 2566 1044 2619 Aule
1061 2576 1190 2620 retro
1209 2567 1391 2620 &mois
1412 2578 1509 2622 etc.
1537 2566 1728 2637 Quum

714 2642 906 2713 aliquid
947 2643 1065 2697 sieri
1105 2663 1251 2714 posse
1290 2655 1458 2715 poetae
1491 2658 1688 2717 negant
1710 2684 1727 2711 ,

710 2742 982 2776 recursum
1010 2723 1122 2779 sero
1150 2723 1437 2779 fluviorum
1471 2728 1538 2792 (e
1563 2745 1730 2795 graeco

711 2803 953 2872 proverb.
969 2807 1061 2858 ἅνω
1077 2812 1290 2871 ποταμῶν
1301 2843 1316 2869 ,
1329 2804 1565 2872 Euripid.
1581 2805 1730 2859 Med.

709 2883 808 2946 4ιο
840 2878 866 2949 )
904 2885 1058 2949 attfue
1096 2880 1193 2933 alia
1235 2891 1438 2934 naturae
1467 2883 1729 2936 contraria

708 2967 1129 3011 commemorant
1155 2977 1168 3010 :
1200 2960 1384 3012 confer
1420 2958 1588 3026 XIV,
1625 2960 1727 3024 38;

712 3033 931 3087 Heroid.
962 3036 1046 3102 V,
1085 3054 1180 3106 293
1216 3035 1425 3088 ITrist.
1472 3051 1576 3087 vlu
1615 3036 1729 3089 init.

713 3113 1027 3177 Horatium,
1047 3114 1100 3180 1,
1120 3111 1227 3166 Od.
1251 3129 1377 3164 xnx
1395 3152 1409 3179 ‚
1443 3134 1495 3166 ιι
1522 3135 1535 3175 ;
1562 3111 1731 3166 Clau-

711 3191 955 3256 dimum,
980 3190 1206 3257 XVIII,
1229 3191 1324 3245 352
1343 3209 1450 3261 sqq.
1477 3190 1728 3261 Exempla

708 3282 885 3323 autem
940 3268 1052 3323 haec
1105 3279 1286 3322 nostra
1336 3270 1727 3324 accommodata

707 3358 831 3401 sunt
848 3365 1084 3416 persona
1107 3346 1388 3417 loquentis,
1413 3359 1465 3400 et
1480 3347 1613 3413 loco,
1639 3348 1726 3400 ubi

706 3425 819 3481 hec
828 3426 1052 3495 gereban
1059 3426 1408 3478 tun—Simois
1421 3445 1581 3495 prope
1595 3426 1727 3478 Tro-

708 3505 817 3573 iam
839 3522 962 3557 cum
993 3503 1318 3558 Scamandro
1352 3522 1509 3574 aquas
1538 3503 1729 3557 misce-

710 3581 831 3643 bat3
860 3580 921 3633 Il.
944 3591 982 3635 Ε
1001 3619 1017 3646 ,
1054 3583 1165 3649 774.
1187 3608 1255 3622 --
1283 3579 1412 3632 Mox
1436 3581 1689 3649 quaeriiur
1708 3620 1725 3647 ‚

709 3667 891 3709 utrum
919 3661 1029 3709 sine
1043 3656 1346 3723 frondibus,
1382 3676 1448 3710 an
1467 3675 1591 3711 cum
1618 3676 1728 3710 uno

707 3735 813 3803 MS
840 3734 1046 3787 Heinsii
1062 3740 1172 3787 siae
1181 3734 1416 3801 sontibus
1443 3735 1726 3805 legendum

708 3811 788 3865 sit.
812 3813 903 3863 Ide
931 3823 1146 3864 vocatur
1170 3815 1377 3865 bumt'da
1407 3812 1492 3865 lib.
1515 3814 1565 3865 Χ
1587 3853 1602 3880 ,
1631 3832 1686 3880 7¹
1710 3833 1725 3876 ;

695 3891 932 3958 sontibus
968 3895 1285 3954 celeberrima
1320 3892 1375 3945 11
1405 3931 1421 3960 ,
1460 3894 1558 3947 218
1584 3932 1600 3958 ,
1638 3893 1727 3946 ubi

711 3972 828 4025 vide
846 3981 955 4025 not.
974 3982 1029 4025 et
1042 3975 1276 4025 umbrosa
1297 3972 1375 4026 xl
1394 4012 1408 4039 ‚
1436 3973 1544 4042 752.
1561 3972 1728 4027 Pine-

713 4050 776 4102 tis
799 4049 1038 4118 inprimis
1072 4049 1406 4114 abundabat;
1443 4048 1691 4120 Virgilius
1708 4092 1725 4119 ‚

713 4126 924 4180 AEneid.
945 4128 1023 4180 lx
1039 4166 1055 4195 ,
1075 4129 1140 4181 80
1155 4148 1249 4197 sqq
1266 4149 1279 4191 ;
1299 4127 1440 4193 unde
1464 4148 1625 4183 naves
1651 4131 1731 4182 sa-

709 4204 895 4258 bricari
918 4207 1151 4260 solebant
1175 4228 1189 4261 ς
1217 4208 1405 4262 Horat.
1428 4209 1485 4274 1,
1513 4208 1621 4263 od.
1644 4227 1729 4263 xv.

713 4282 888 4336 Etiam
907 4285 986 4337 1v
1001 4284 1138 4338 Fast.
1157 4288 1280 4356 249,
1307 4285 1494 4340 eadem
1508 4287 1729 4342 varietas

1830 1875 1941 1931 est,
1965 1865 2057 1918 ubi
2075 1885 2172 1936 pro
2190 1885 2442 1918 amenum
2441 1865 2681 1933 sontibus
2694 1869 2819 1921 Ideu
2831 1907 2845 1929 ,

1831 1955 2058 2014 quatuor
2073 1945 2276 1999 codices
2284 1945 2573 2012 frondibus.
2594 1945 2715 1998 Hoc
2736 1946 2851 1998 loco

1829 2022 2051 2092 praesero
2079 2028 2190 2076 siue
2210 2023 2485 2090 frondibus
2500 2062 2514 2082 ‚
2541 2022 2847 2076 auctoritate

1829 2100 2176 2170 plurimorum
2198 2101 2361 2155 MSS.
2382 2101 2721 2153 Burmannus
2745 2120 2851 2169 pu-

1830 2189 1906 2231 tat
1919 2218 1934 2244 ,
1962 2189 2026 2251 τῷ
2041 2183 2201 2232 stabit
2214 2179 2398 2232 melius
2416 2178 2699 2232 convenire
2701 2178 2847 2246 smael

1827 2259 1975 2309 dibus
1992 2272 2009 2303 ··
2032 2256 2121 2310 sed
2148 2256 2246 2310 hoc
2266 2255 2414 2309 nihili
2432 2266 2508 2310 est
2532 2276 2545 2308 :
2570 2275 2722 2310 mons
2737 2257 2848 2310 ele-

1829 2345 2013 2405 gauter
2045 2344 2182 2388 stare
2205 2335 2396 2388 dicitur
2413 2373 2427 2400 ,
2462 2346 2559 2404 pro
2592 2335 2807 2403 simplici
2827 2374 2844 2400 ‚

1826 2431 1938 2466 esse
1955 2453 1969 2474 ‚
1995 2412 2228 2481 adeoque
2246 2411 2345 2465 boc
2361 2413 2581 2465 verbum
2601 2411 2846 2478 cumsim-

1756 2523 1764 2532 ·
1825 2493 1960 2543 tibus
1987 2509 2097 2543 non
2127 2488 2304 2543 minus
2333 2509 2490 2559 quam
2511 2489 2847 2556 cumsmuele'-

1827 2572 1945 2630 bus,
1966 2566 2241 2632 cons-enin
2262 2566 2534 2634 Horatius,
2553 2567 2581 2621 I
2595 2608 2610 2634 ,
2632 2565 2737 2621 Od.
2756 2584 2809 2619 lx
2824 2606 2841 2633 ,

1833 2667 1852 2700 1
1891 2666 1904 2699 ε
1936 2650 2089 2702 Vides
2102 2687 2117 2705 .
2161 2660 2220 2701 ut
2242 2648 2355 2699 altu
2389 2656 2490 2700 stet
2516 2651 2630 2700 nive
2660 2650 2844 2701 cana-—

1825 2727 1943 2777 dum
1961 2726 2248 2778 Soracte.·-
2256 2727 2441 2779 Pectus
2463 2743 2641 2778 rursus
2661 2735 2738 2779 est
2758 2724 2845 2777 in-

1831 2801 2062 2873 genium.

1890 2883 2004 2955 3²9·
2040 2885 2181 2935 Dure
2213 2882 2528 2945 Pham-tete,-
2555 2878 2708 2934 multi
2740 2880 2766 2951 (
2789 2891 2844 2934 et

1824 2970 2005 3013 noster
2017 2960 2147 3029 Reg.
2159 2959 2205 3011 Β
2225 2999 2240 3025 ,
2257 2978 2353 3029 pro
2366 2959 2567 3012 diversa
2583 2958 2841 3026 lectione)

1823 3040 1947 3091 Jure
1982 3041 2292 3102 Phe'loclete5
2333 3047 2437 3090 tres
2474 3041 2594 3092 diet.
2629 3040 2800 3091 Durus
2824 3078 2838 3099 ,

1826 3115 2013 3181 iratus,
2045 3114 2386 3169 inexorabilis.
2412 3114 2641 3185 Respicit
2663 3127 2841 3169 autem

1825 3194 2095 3264 Sophoclis
2117 3193 2377 3259 fabulam,
2410 3192 2497 3245 ubi
2528 3192 2840 3247 Philet-tetes

1825 3271 2111 3324 durissimis
2130 3272 2299 3324 verbis
2317 3272 2601 3325 insectatur
2616 3272 2841 3341 reliquos

1826 3349 1983 3403 duces
2004 3389 2018 3416 ‚
2055 3349 2303 3421 Ulyssem
2326 3347 2565 3418 inprimis
2603 3361 2657 3403 et
2688 3351 2841 3420 Aga-

1826 3447 2172 3481 memnonem
2202 3447 2216 3479 :
2244 3427 2426 3481 confer
2445 3448 2492 3480 v.
2518 3448 2566 3482 c.
2590 3449 2721 3481 vers.
2744 3431 2843 3496 3ιᾷ

1823 3511 2222 3577 seqq—Haurit
2240 3528 2458 3562 cruorem
2485 3511 2503 3574 (
2523 3507 2682 3561 etiam
2704 3508 2840 3579 apud

1826 3585 2097 3640 historicos
2116 3627 2130 3651 ‚
2157 3606 2204 3640 v.
2227 3606 2270 3640 c.
2298 3584 2450 3639 Curt.
2477 3587 2576 3652 IV,
2606 3603 2716 3649 κεν,
2747 3588 2840 3656 ¹7)

1823 3664 1864 3718 is
1881 3704 1897 3731 ‚
1924 3667 2012 3736 qui
2028 3666 2245 3720 vulnere
2261 3666 2458 3721 inflicto
2474 3666 2595 3720 facit
2609 3707 2625 3733 ‚
2650 3677 2706 3719 ut
2720 3685 2843 3720 san-

1824 3744 1936 3814 guis
1962 3744 2203 3814 profluat.
2238 3773 2305 3786 -
2339 3747 2566 3798 Versum
2601 3763 2843 3813 sequen-

1825 3832 1935 3874 tem
1955 3861 1969 3888 ‚
2001 3823 2192 3890 thue.
2207 3862 2220 3875 .
2241 3861 2252 3874 .
2268 3828 2429 3874 nostre·
2450 3821 2658 3891 plurimi
2687 3832 2839 3891 post-

1823 3909 2030 3967 ponunt
2049 3898 2287 3967 sequenti
2310 3939 2324 3966 ‚
2355 3918 2491 3952 unus
2520 3899 2750 3964 omittit,
2781 3911 2836 3953 et

1826 3974 2077 4029 Heinsius
2098 3985 2213 4047 post
2230 3976 2506 4030 Muretum
2524 3988 2612 4029 aut
2634 3977 2839 4030 adulte-

1823 4050 2004 4104 rinum
2029 4063 2118 4105 aut
2145 4063 2286 4106 certe
2315 4054 2462 4107 valde
2499 4053 2837 4123 depravatum

1824 4128 2033 4197 judicat.
2075 4129 2132 4183 Si
2157 4129 2419 4199 genuinus
2445 4142 2523 4183 est
2544 4170 2560 4198 ‚
2598 4130 2840 4201 postponi

1825 4220 1968 4263 certe
1986 4209 2143 4263 debet
2159 4211 2481 4279 sequenti.·-—
2492 4212 2556 4265 In
2579 4211 2843 4265 codicibus

1827 4287 2003 4361 Regiis
2023 4288 2078 4343 hi
2102 4289 2210 4343 duo
2237 4309 2414 4345 versus
2442 4292 2497 4344 in
2529 4290 2719 4345 eodem
2741 4310 2843 4344 or-
